2046 3190
328 251 399 285 230
698 244 967 280 LAMPERTI
992 243 1245 279 ANNALES.
1294 244 1341 279 A.
1370 245 1472 280 1075.

214 370 316 404 1075·
331 370 523 425 pacifica
555 369 880 424 promittentes
911 366 1212 417 fefellissent3
1257 379 1303 408 se
1342 365 1627 420 principibus
1659 364 1752 406 suis
1782 363 1832 404 in

147 417 319 448 (¹¹‘I'A“·''')
332 429 672 484 expeditionem
695 426 986 469 coadunandi
1010 426 1236 468 exercitus
1260 425 1381 466 diem
1403 425 1488 465 XI.
1512 424 1618 465 Kal.
1639 423 1832 466 Novem-

332 489 424 530 bris
458 487 750 530 constituisse
783 487 832 527 in
859 485 1156 539 Gerstingun.
1221 484 1268 526 Si
1302 498 1377 526 eos
1410 483 1582 539 patrati
1613 482 1832 525 facinoris

329 561 488 590 revera
520 547 763 602 peniteret,
805 560 857 587 eo
888 545 1114 594 venirent,
1154 543 1389 598 accepturi
1419 543 1530 592 illic,
1573 556 1832 596 quamcum-

332 610 448 662 quea
493 606 625 659 regni
664 601 910 660 *principes
952 598 1142 658 equamb
1188 603 1471 644 iudicassent
1511 615 1594 656 pro
1635 601 1863 642 admissas

330 666 595 708 temeritate
637 664 927 706 sententiam.
997 663 1099 704 Hoc
1140 662 1222 703 ubi
1264 661 1520 703 Saxonibus
1559 660 1832 702 nunciatum
1847 649 1966 683 ΨΜ·

333 727 414 776 est,
448 725 610 778 ingens
644 737 720 766 eos
752 725 902 765 metus
933 722 1123 771 invasit;
1167 734 1414 775 omnesque
1447 720 1660 762 certatim
1691 719 1833 761 animi

333 786 524 826 conatus
556 783 808 825 intendunt
841 783 899 823 ad
926 781 1245 836 placandam&
1280 793 1461 834 quoquo
1484 779 1620 820 modo
1642 778 1831 834 possint,

331 844 452 898 regis
493 842 792 892 iracundiam,
838 855 891 883 ea
931 854 1011 896 pre
1053 840 1265 881 omnibus
1308 853 1417 880 cura
1456 838 1629 889 habita,
1671 839 1726 878 ut
1764 851 1834 880 ex·

332 903 628 958 peditionem,
668 914 784 955 quae
817 902 910 941 tam
946 899 1163 941 atrociter
1194 899 1371 940 indicta
1401 898 1568 948 fuerat,
1609 898 1835 952 preverte-
1849 911 1883 936 10

331 964 447 1009 rent,
491 961 760 1010 recolentes,
805 961 1029 1014 quantum
1072 958 1349 1000 calamitatis
1389 956 1623 1012 superiore
1656 955 1835 1010 expedi-

332 1021 458 1062 tione
482 1021 775 1074 accepissent,
811 1021 857 1061 et
889 1014 1043 1059 haudd
1071 1018 1210 1059 dubie
1233 1018 1442 1067 scientes,
1477 1016 1600 1070 quod
1630 1015 1835 1057 infestio-

332 1094 429 1122 rem
460 1093 585 1120 nunc
606 1080 786 1120 hostem
808 1079 1067 1119 instaurata
1098 1079 1202 1132 post
1232 1077 1393 1131 fugam
1414 1075 1539 1118 bella
1570 1075 1658 1117 sibi
1687 1074 1835 1116 reddi-

332 1142 438 1180 tura
483 1140 647 1180 essent.
721 1138 886 1192 Itaque
935 1138 1349 1192 supramemoratos
1395 1135 1589 1176 nuncios
1637 1135 1684 1176 et
1731 1147 1835 1175 cum

132 1199 431 1246 (Auy,sept.)llise
470 1192 989 1239 Hildinisheimensemf
1027 1195 1318 1250 episcopum1
1356 1195 1569 1244 mittunt,
1611 1207 1696 1235 nec
1736 1193 1835 1247 regi
1849 1208 1884 1234 15

334 1258 494 1307 solum,
539 1257 618 1299 sed
661 1257 839 1298 cunctis
882 1256 1021 1298 etiam
1053 1254 1338 1310 principibus
1370 1268 1452 1308 pro
1483 1252 1834 1308 recuperatione

333 1317 458 1372 pacis
499 1316 711 1358 obnixius
753 1315 1011 1370 supplicare
1051 1314 1237 1364 iubent;
1281 1326 1462 1354 omnem
1502 1311 1689 1353 admissi
1725 1311 1834 1352 faci-

333 1377 455 1417 noris
495 1375 872 1424 satisfactionem,
916 1374 1055 1415 etiam
1089 1387 1226 1427 supra
1264 1372 1388 1426 leges
1428 1373 1474 1413 et
1511 1370 1690 1412 natales
1729 1383 1833 1412 suos

332 1434 625 1490 promittunt.
690 1433 750 1475 Et
782 1447 839 1475 ne
871 1433 1021 1474 verbis
1055 1432 1205 1472 minus
1248 1431 1355 1472 fidei
1387 1431 1460 1481 sit,
1501 1430 1681 1472 obsides
1721 1429 1833 1484 ipsis

333 1494 511 1548 legatis,
546 1495 742 1547 quantos
775 1492 982 1546 accipere
1013 1491 1171 1541 velint,
1205 1490 1410 1540 tradunt,
1446 1489 1611 1544 quibus
1644 1502 1691 1530 se
1723 1488 1833 1530 obli-
1847 1505 1886 1530 20

332 1555 444 1607 gent
475 1552 607 1593 nulla
637 1566 841 1606 unquam
873 1550 1076 1600 levitate,
1119 1549 1251 1590 nulla
1281 1549 1569 1598 necessitate,
1608 1547 1739 1589 nulla
1769 1547 1833 1588 in-

333 1612 596 1666 gruentium
640 1625 828 1652 casuum
868 1609 1181 1651 mutabilitate
1220 1608 1598 1663 promissionibus
1635 1607 1729 1648 suis
1761 1607 1834 1648 de-

331 1672 515 1712 futuros
556 1671 669 1712 fore.
735 1670 825 1711 Sed
865 1683 957 1719 rex,
1001 1670 1234 1723 comperto
1276 1681 1357 1722 per
1397 1667 1603 1709 occultos
1643 1666 1831 1717 indices,

333 1731 454 1784 quod
495 1730 543 1771 id
582 1729 867 1780 molirentur,
908 1727 1119 1770 omnibus
1161 1727 1308 1769 modis
1349 1726 1603 1781 satagebat,
1644 1739 1703 1767 ne
1744 1739 1836 1780 qua

334 1790 549 1844 deinceps
583 1791 690 1831 ante
722 1789 998 1830 instructam
1031 1787 1372 1842 expeditionem
1403 1786 1570 1840 legatis
1603 1785 1834 1826 Saxonum
1846 1800 1884 1827 25

334 1849 464 1904 copia
505 1849 637 1891 fieret
679 1847 971 1902 colloquendi
1013 1860 1186 1897 secum,
1238 1859 1486 1900 precavens
1531 1844 1726 1894 scilicet,
1774 1856 1833 1886 ne

332 1908 452 1950 forte
501 1908 731 1962 principes
778 1907 911 1962 regni
957 1904 1373 1960 supplicationibus
1422 1918 1578 1946 eorum
1620 1905 1667 1945 et
1707 1902 1834 1944 satis-

331 1967 548 2008 factionis
581 1966 846 2007 humilitate
880 1965 1053 2007 evictig
1079 1964 1423 2006 clementiorem
1455 1963 1504 2004 in
1531 1976 1607 2004 eos
1629 1962 1834 2003 animum

334 2026 607 2079 acciperent.
673 2024 796 2075 Quin
836 2019 1004 2065 immoh
1047 2026 1145 2064 tam
1186 2023 1349 2064 honori
1391 2036 1528 2076 quam
1567 2021 1833 2063 iracundiae

334 2098 442 2125 suae
474 2085 562 2124 1100
595 2079 874 2124 consultiusi
916 2083 1016 2124 fore
1047 2083 1298 2129 iudicabat,
1338 2083 1404 2132 ut,
1449 2082 1486 2122 si
1527 2081 1627 2123 fieri
1665 2081 1830 2135 posset,
1847 2098 1884 2123 30

333 2143 462 2184 novis
491 2138 836 2184 occasionibusk
861 2143 1040 2183 veteres
1071 2141 1346 2182 inimiciciae
1368 2141 1751 2190 instaurarentur,
1786 2141 1833 2180 et

332 2202 512 2251 vulnus,
546 2202 669 2255 quod
700 2214 974 2255 prepropere
1006 2200 1054 2240 in
1088 2200 1348 2240 cicatricem
1381 2199 1549 2240 obduci
1579 2198 1830 2248 metuebat,

332 2261 596 2303 recentibus
643 2260 792 2315 plagis
839 2259 1193 2301 exulceraretur.
1272 2258 1346 2298 Ad
1398 2259 1484 2298 1100
1537 2257 1832 2298 efficiendum

333 2334 451 2361 novo
494 2322 540 2361 et
582 2319 807 2373 exquisito
848 2318 998 2358 utitur
1039 2317 1247 2358 artificio.
1318 2316 1515 2357 Simulat
1557 2329 1603 2356 se
1645 2329 1672 2356 a
1709 2314 1832 2356 Salo-

334 2393 480 2429 mone,
513 2379 611 2420 viro
645 2378 810 2420 sororis
843 2390 963 2426 suae,
997 2390 1105 2430 rege
1136 2376 1458 2430 Ungariorum,
1498 2375 1547 2414 in
1578 2373 1831 2428 Ungariam
1845 2392 1881 2418 35

335 2440 587 2487 evocatum,
621 2439 675 2478 ut
706 2437 824 2487 lites,
859 2449 975 2490 quae
1006 2436 1128 2476 inter
1148 2435 1300 2490 ipsum
1332 2436 1464 2476 erant
1497 2435 1543 2475 et
1575 2428 1829 2483 Ioiadaml,

334 2498 413 2551 qui
445 2511 549 2539 eum
580 2510 723 2550 regno
757 2495 1008 2550 expulerat,
1046 2494 1206 2536 habito
1239 2508 1343 2535 cum
1373 2493 1580 2546 utrisque
1610 2491 1832 2533 familiari

335 2556 563 2610 colloquio
597 2556 903 2610 componeret.

334 2681 363 2714 a)
382 2683 521 2713 flcunque
539 2683 566 2706 B
578 2682 603 2708 2.
676 2681 707 2714 b)
726 2679 825 2714 efflua)
845 2681 871 2705 B
884 2681 909 2707 2.
982 2678 1009 2712 c)
1029 2678 1206 2711 placandum
1225 2680 1285 2706 Β1.
1350 2677 1381 2711 d)
1400 2678 1472 2703 haut
1491 2678 1517 2702 B
1529 2679 1569 2705 1³.
1633 2677 1660 2707 0)
1679 2685 1734 2705 om.
1751 2676 1831 2704 Blb.

335 2718 357 2749 f)
375 2716 677 2742 Hildinishemenscm
695 2717 722 2741 B
735 2717 760 2743 2.
833 2718 862 2747 g)
882 2715 994 2740 deuicti
1013 2715 1039 2739 B
1051 2714 1094 2742 lb.
1160 2714 1191 2748 h)
1210 2721 1308 2748 ymmo
1327 2713 1396 2738 ΒΗ)
1416 2720 1516 2744 saepe;
1535 2714 1615 2738 inmo
1635 2714 1661 2738 B
1674 2714 1698 2740 2.
1761 2711 1783 2745 i)
1801 2715 1882 2741 (3540

334 2753 462 2784 stultius,
485 2754 579 2777 altera
598 2760 686 2776 manu
706 2759 780 2778 corr.
799 2752 830 2776 <in
850 2759 942 2781 mar-9.
962 2751 1123 2775 consultius
1142 2751 1168 2774 B
1181 2751 1207 2777 2.
1279 2748 1311 2782 k)
1331 2750 1507 2781 occasiones,
1531 2750 1625 2774 altera
1646 2755 1734 2773 manu
1755 2755 1834 2775 corr.

335 2788 540 2813 occasionibus
559 2789 584 2812 B
599 2789 623 2815 2.
696 2787 718 2820 l)
738 2786 878 2818 Ioiadem,
901 2787 959 2811 alio
979 2788 1085 2813 atram.
1106 2793 1182 2812 corr.
1201 2784 1335 2810 Ioiadam
1354 2785 1381 2810 B
1393 2784 1434 2812 lb.

336 2893 372 2938 1)
397 2893 611 2928 Hecelonem.
642 2893 719 2934 -Cfl
745 2903 861 2935 supra
882 2904 919 2936 p.
938 2893 1019 2935 224,
1046 2903 1081 2925 n.
1099 2894 1133 2926 3.
