<?xml version="1.0" encoding="UTF-8"?>
<!DOCTYPE html PUBLIC "-//W3C//DTD XHTML 1.0 Transitional//EN"
    "http://www.w3.org/TR/xhtml1/DTD/xhtml1-transitional.dtd">
<html xmlns="http://www.w3.org/1999/xhtml" xml:lang="en" lang="en">
 <head>
  <title>
</title>
<meta http-equiv="Content-Type" content="text/html;charset=utf-8" />
  <meta name='ocr-system' content='tesseract 3.04.00' />
  <meta name='ocr-capabilities' content='ocr_page ocr_carea ocr_par ocr_line ocrx_word'/>
</head>
<body>
  <div class='ocr_page' id='page_1' title='image "./lampertimonachih00lambuoft/lampertimonachih00lambuoft_0044.png"; bbox 0 0 1942 3198; ppageno 0'>
   <div class='ocr_carea' id='block_1_1' title="bbox 261 233 1234 278">
    <p class='ocr_par' dir='ltr' id='par_1_1' title="bbox 261 233 1234 278">
     <span class='ocr_line' id='line_1_1' title="bbox 261 233 1234 278; baseline -0.008 0"><span class='ocrx_word' id='word_1_1' title='bbox 261 242 332 278; x_wconf 84' lang='lat' dir='ltr'><em>XL</em></span> <span class='ocrx_word' id='word_1_2' title='bbox 788 234 1080 272; x_wconf 82' lang='lat' dir='ltr'><strong>PRAEFATIO</strong></span> <span class='ocrx_word' id='word_1_3' title='bbox 1109 234 1147 271; x_wconf 86' lang='lat' dir='ltr'><em>C.</em></span> <span class='ocrx_word' id='word_1_4' title='bbox 1165 233 1234 270; x_wconf 88' lang='lat' dir='ltr'><em>IV.</em></span> 
     </span>
    </p>
   </div>
   <div class='ocr_carea' id='block_1_2' title="bbox 253 350 1811 2409">
    <p class='ocr_par' dir='ltr' id='par_1_2' title="bbox 253 350 1810 1883">
     <span class='ocr_line' id='line_1_2' title="bbox 253 350 1759 417; baseline -0.009 -13"><span class='ocrx_word' id='word_1_5' title='bbox 253 376 437 417; x_wconf 83' lang='lat' dir='ltr'><em>puerum</em></span> <span class='ocrx_word' id='word_1_6' title='bbox 484 360 663 414; x_wconf 62' lang='lat' dir='ltr'><em>cogitata</em></span> <span class='ocrx_word' id='word_1_7' title='bbox 677 360 702 412; x_wconf 80' lang='lat'><em>1,</em></span> <span class='ocrx_word' id='word_1_8' title='bbox 751 360 825 401; x_wconf 77' lang='lat' dir='ltr'><em>secl</em></span> <span class='ocrx_word' id='word_1_9' title='bbox 869 371 965 400; x_wconf 91' lang='lat' dir='ltr'><em>nece</em></span> <span class='ocrx_word' id='word_1_10' title='bbox 1011 360 1229 398; x_wconf 84' lang='lat' dir='ltr'><em>auctorum</em></span> <span class='ocrx_word' id='word_1_11' title='bbox 1274 352 1457 396; x_wconf 73' lang='lat' dir='ltr'><em>extincta</em></span> <span class='ocrx_word' id='word_1_12' title='bbox 1498 350 1559 403; x_wconf 86' lang='lat' dir='ltr'><em>(a.</em></span> <span class='ocrx_word' id='word_1_13' title='bbox 1595 351 1759 406; x_wconf 78' lang='lat'><em>1057),-</em></span> 
     </span>
     <span class='ocr_line' id='line_1_3' title="bbox 263 409 1759 474; baseline -0.008 -11"><span class='ocrx_word' id='word_1_14' title='bbox 263 421 398 474; x_wconf 88' lang='lat' dir='ltr'><em>ipsius</em></span> <span class='ocrx_word' id='word_1_15' title='bbox 428 419 613 462; x_wconf 86' lang='lat' dir='ltr'><em>auctoris</em></span> <span class='ocrx_word' id='word_1_16' title='bbox 643 418 859 472; x_wconf 75' lang='lat' dir='ltr'><em>inyressus</em></span> <span class='ocrx_word' id='word_1_17' title='bbox 889 416 938 457; x_wconf 82' lang='lat' dir='ltr'><em>in</em></span> <span class='ocrx_word' id='word_1_18' title='bbox 973 413 1286 465; x_wconf 81' lang='lat' dir='ltr'><em>monasterium,</em></span> <span class='ocrx_word' id='word_1_19' title='bbox 1320 409 1623 466; x_wconf 72' lang='lat' dir='ltr'><em>pereyrinatio,</em></span> <span class='ocrx_word' id='word_1_20' title='bbox 1663 409 1759 452; x_wconf 86' lang='lat' dir='ltr'><em>laus</em></span> 
     </span>
     <span class='ocr_line' id='line_1_4' title="bbox 264 469 1758 533; baseline -0.008 -11"><span class='ocrx_word' id='word_1_21' title='bbox 264 478 509 533; x_wconf 73' lang='lat' dir='ltr'><em>Meyinheri</em></span> <span class='ocrx_word' id='word_1_22' title='bbox 556 477 719 519; x_wconf 89' lang='lat' dir='ltr'><em>abbatis</em></span> <span class='ocrx_word' id='word_1_23' title='bbox 761 474 820 527; x_wconf 87' lang='lat' dir='ltr'><em>(a.</em></span> <span class='ocrx_word' id='word_1_24' title='bbox 859 478 984 516; x_wconf 87' lang='grc'>1058.</span> <span class='ocrx_word' id='word_1_25' title='bbox 1022 474 1184 527; x_wconf 80' lang='grc'>1059),’</span> <span class='ocrx_word' id='word_1_26' title='bbox 1231 471 1358 514; x_wconf 79' lang='lat' dir='ltr'><em>huius</em></span> <span class='ocrx_word' id='word_1_27' title='bbox 1398 469 1562 513; x_wconf 85' lang='lat' dir='ltr'><em>abbatis</em></span> <span class='ocrx_word' id='word_1_28' title='bbox 1601 472 1758 512; x_wconf 86' lang='lat' dir='ltr'><em>contro-</em></span> 
     </span>
     <span class='ocr_line' id='line_1_5' title="bbox 263 526 1760 587; baseline -0.007 -6"><span class='ocrx_word' id='word_1_29' title='bbox 263 538 403 581; x_wconf 71' lang='lat' dir='ltr'><em>versia</em></span> <span class='ocrx_word' id='word_1_30' title='bbox 443 551 535 579; x_wconf 87' lang='lat' dir='ltr'><em>cum</em></span> <span class='ocrx_word' id='word_1_31' title='bbox 574 536 830 578; x_wconf 79' lang='lat' dir='ltr'><em>Burcliarclo</em></span> <span class='ocrx_word' id='word_1_32' title='bbox 878 533 1065 587; x_wconf 82' lang='lat' dir='ltr'><em>episcopo</em></span> <span class='ocrx_word' id='word_1_33' title='bbox 1106 528 1447 573; x_wconf 83' lang='lat' dir='ltr'><em>Halberstatensi</em></span> <span class='ocrx_word' id='word_1_34' title='bbox 1493 529 1542 571; x_wconf 80' lang='lat' dir='ltr'><em>de</em></span> <span class='ocrx_word' id='word_1_35' title='bbox 1588 526 1760 571; x_wconf 80' lang='lat' dir='ltr'><em>decimis</em></span> 
     </span>
     <span class='ocr_line' id='line_1_6' title="bbox 264 586 1790 647; baseline -0.008 -8"><span class='ocrx_word' id='word_1_36' title='bbox 264 596 509 639; x_wconf 88' lang='lat' dir='ltr'><em>Fresonicis</em></span> <span class='ocrx_word' id='word_1_37' title='bbox 530 595 686 647; x_wconf 74' lang='lat' dir='ltr'><em>habita,</em></span> <span class='ocrx_word' id='word_1_38' title='bbox 709 594 866 636; x_wconf 89' lang='lat' dir='ltr'><em>misera</em></span> <span class='ocrx_word' id='word_1_39' title='bbox 886 606 999 634; x_wconf 87' lang='lat' dir='ltr'><em>mors</em></span> <span class='ocrx_word' id='word_1_40' title='bbox 1020 590 1200 645; x_wconf 87' lang='lat' dir='ltr'><em>episcopi</em></span> <span class='ocrx_word' id='word_1_41' title='bbox 1221 589 1320 631; x_wconf 88' lang='lat' dir='ltr'><em>inde</em></span> <span class='ocrx_word' id='word_1_42' title='bbox 1341 592 1482 631; x_wconf 87' lang='lat' dir='ltr'><em>secuta</em></span> <span class='ocrx_word' id='word_1_43' title='bbox 1505 586 1565 639; x_wconf 88' lang='lat' dir='ltr'><em>(a.</em></span> <span class='ocrx_word' id='word_1_44' title='bbox 1582 587 1716 642; x_wconf 85' lang='grc'>1059)</span> <span class='ocrx_word' id='word_1_45' title='bbox 1729 587 1756 628; x_wconf 81' lang='lat'><em>².</em></span> <span class='ocrx_word' id='word_1_46' title='bbox 1772 598 1790 626; x_wconf 66' lang='grc' dir='ltr'><strong>ο</strong></span> 
     </span>
     <span class='ocr_line' id='line_1_7' title="bbox 264 646 1760 708; baseline -0.007 -10"><span class='ocrx_word' id='word_1_47' title='bbox 264 657 365 698; x_wconf 90' lang='lat' dir='ltr'><em>Iam</em></span> <span class='ocrx_word' id='word_1_48' title='bbox 381 654 640 708; x_wconf 68' lang='lat' dir='ltr'><em>lonqioribus</em></span> <span class='ocrx_word' id='word_1_49' title='bbox 662 651 904 696; x_wconf 74' lang='lat' dir='ltr'><strong><em>excursibus</em></strong></span> <span class='ocrx_word' id='word_1_50' title='bbox 924 650 1097 693; x_wconf 90' lang='lat' dir='ltr'><em>insertis</em></span> <span class='ocrx_word' id='word_1_51' title='bbox 1116 649 1300 691; x_wconf 83' lang='lat' dir='ltr'><em>studium</em></span> <span class='ocrx_word' id='word_1_52' title='bbox 1321 646 1507 690; x_wconf 91' lang='lat' dir='ltr'><em>auctoris</em></span> <span class='ocrx_word' id='word_1_53' title='bbox 1528 659 1760 689; x_wconf 75' lang='lat' dir='ltr'><strong><em>accrescere</em></strong></span> 
     </span>
     <span class='ocr_line' id='line_1_8' title="bbox 265 702 1758 768; baseline -0.007 -11"><span class='ocrx_word' id='word_1_54' title='bbox 265 714 561 768; x_wconf 73' lang='lat' dir='ltr'><em>coynoscimus.</em></span> <span class='ocrx_word' id='word_1_55' title='bbox 627 711 825 765; x_wconf 76' lang='lat' dir='ltr'><em>Sequitur</em></span> <span class='ocrx_word' id='word_1_56' title='bbox 863 710 1012 752; x_wconf 88' lang='lat' dir='ltr'><em>relatio</em></span> <span class='ocrx_word' id='word_1_57' title='bbox 1053 708 1165 762; x_wconf 75' lang='lat' dir='ltr'><em>reyis</em></span> <span class='ocrx_word' id='word_1_58' title='bbox 1205 706 1334 749; x_wconf 91' lang='lat' dir='ltr'><em>matri</em></span> <span class='ocrx_word' id='word_1_59' title='bbox 1371 705 1501 760; x_wconf 86' lang='lat' dir='ltr'><em>erepti</em></span> <span class='ocrx_word' id='word_1_60' title='bbox 1534 702 1596 756; x_wconf 89' lang='lat' dir='ltr'><em>(a.</em></span> <span class='ocrx_word' id='word_1_61' title='bbox 1623 704 1758 760; x_wconf 79' lang='grc'>1062)</span> 
     </span>
     <span class='ocr_line' id='line_1_9' title="bbox 264 763 1759 824; baseline -0.007 -9"><span class='ocrx_word' id='word_1_62' title='bbox 264 774 326 815; x_wconf 85' lang='lat' dir='ltr'><em>ita</em></span> <span class='ocrx_word' id='word_1_63' title='bbox 366 776 559 824; x_wconf 87' lang='lat' dir='ltr'><em>narrata,</em></span> <span class='ocrx_word' id='word_1_64' title='bbox 602 775 647 814; x_wconf 85' lang='lat' dir='ltr'><em>ut</em></span> <span class='ocrx_word' id='word_1_65' title='bbox 686 769 889 812; x_wconf 88' lang='lat' dir='ltr'><em>Annonis</em></span> <span class='ocrx_word' id='word_1_66' title='bbox 929 768 1102 821; x_wconf 83' lang='lat' dir='ltr'><em>facinus</em></span> <span class='ocrx_word' id='word_1_67' title='bbox 1142 771 1346 820; x_wconf 82' lang='lat' dir='ltr'><em>quantum</em></span> <span class='ocrx_word' id='word_1_68' title='bbox 1386 764 1485 818; x_wconf 77' lang='lat' dir='ltr'><em>fieri-</em></span> <span class='ocrx_word' id='word_1_69' title='bbox 1515 763 1657 818; x_wconf 85' lang='lat' dir='ltr'><em>potuit</em></span> <span class='ocrx_word' id='word_1_70' title='bbox 1694 777 1759 806; x_wconf 79' lang='lat' dir='ltr'><em>ex·</em></span> 
     </span>
     <span class='ocr_line' id='line_1_10' title="bbox 265 822 1761 884; baseline -0.006 -10"><span class='ocrx_word' id='word_1_71' title='bbox 265 836 508 884; x_wconf 62' lang='lat' dir='ltr'><em>cusaretur7·</em></span> <span class='ocrx_word' id='word_1_72' title='bbox 539 831 666 884; x_wconf 72' lang='lat' dir='ltr'><em>lonya</em></span> <span class='ocrx_word' id='word_1_73' title='bbox 696 828 891 871; x_wconf 90' lang='lat' dir='ltr'><em>narratio</em></span> <span class='ocrx_word' id='word_1_74' title='bbox 915 841 1088 881; x_wconf 69' lang='lat' dir='ltr'><em>puynae</em></span> <span class='ocrx_word' id='word_1_75' title='bbox 1118 826 1299 868; x_wconf 82' lang='lat' dir='ltr'><em>militum</em></span> <span class='ocrx_word' id='word_1_76' title='bbox 1331 822 1761 867; x_wconf 65' lang='lat' dir='ltr'><em>IIildesheimensium</em></span> 
     </span>
     <span class='ocr_line' id='line_1_11' title="bbox 264 882 1809 939; baseline -0.006 -6"><span class='ocrx_word' id='word_1_77' title='bbox 264 895 302 933; x_wconf 92' lang='lat' dir='ltr'><em>et</em></span> <span class='ocrx_word' id='word_1_78' title='bbox 333 889 613 932; x_wconf 86' lang='lat' dir='ltr'><em>Fuldensium</em></span> <span class='ocrx_word' id='word_1_79' title='bbox 650 886 950 939; x_wconf 77' lang='lat' dir='ltr'><em>Goslariensis,</em></span> <span class='ocrx_word' id='word_1_80' title='bbox 983 885 1223 928; x_wconf 70' lang='lat' dir='ltr'><em>rebellionis</em></span> <span class='ocrx_word' id='word_1_81' title='bbox 1253 883 1554 926; x_wconf 80' lang='lat' dir='ltr'><em>monachorum</em></span> <span class='ocrx_word' id='word_1_82' title='bbox 1575 882 1761 925; x_wconf 84' lang='lat' dir='ltr'><em>Fulolen-</em></span> <span class='ocrx_word' id='word_1_83' title='bbox 1774 895 1809 922; x_wconf 79' lang='grc' dir='ltr'><em>ιο</em></span> 
     </span>
     <span class='ocr_line' id='line_1_12' title="bbox 263 940 1763 999; baseline -0.005 -8"><span class='ocrx_word' id='word_1_84' title='bbox 263 949 374 991; x_wconf 89' lang='lat' dir='ltr'><em>sium</em></span> <span class='ocrx_word' id='word_1_85' title='bbox 414 953 560 991; x_wconf 86' lang='lat' dir='ltr'><em>contra</em></span> <span class='ocrx_word' id='word_1_86' title='bbox 599 948 787 989; x_wconf 78' lang='lat' dir='ltr'><em>abbatem</em></span> <span class='ocrx_word' id='word_1_87' title='bbox 827 944 884 996; x_wconf 85' lang='lat' dir='ltr'><em>(a.</em></span> <span class='ocrx_word' id='word_1_88' title='bbox 926 946 1079 999; x_wconf 83' lang='grc'>1063),</span> <span class='ocrx_word' id='word_1_89' title='bbox 1122 944 1169 986; x_wconf 91' lang='lat' dir='ltr'><em>in</em></span> <span class='ocrx_word' id='word_1_90' title='bbox 1210 957 1294 997; x_wconf 78' lang='lat' dir='ltr'><em>qua</em></span> <span class='ocrx_word' id='word_1_91' title='bbox 1333 956 1464 996; x_wconf 80' lang='lat' dir='ltr'><em>neque</em></span> <span class='ocrx_word' id='word_1_92' title='bbox 1504 940 1647 984; x_wconf 86' lang='lat' dir='ltr'><em>abbati</em></span> <span class='ocrx_word' id='word_1_93' title='bbox 1686 954 1763 984; x_wconf 84' lang='lat' dir='ltr'><em>nec</em></span> 
     </span>
     <span class='ocr_line' id='line_1_13' title="bbox 263 1000 1762 1061; baseline -0.005 -11"><span class='ocrx_word' id='word_1_94' title='bbox 263 1007 491 1061; x_wconf 76' lang='lat' dir='ltr'><em>monachis,</em></span> <span class='ocrx_word' id='word_1_95' title='bbox 515 1005 692 1049; x_wconf 88' lang='lat' dir='ltr'><em>aemulis</em></span> <span class='ocrx_word' id='word_1_96' title='bbox 710 1005 872 1060; x_wconf 73' lang='lat' dir='ltr'><em>yloriae</em></span> <span class='ocrx_word' id='word_1_97' title='bbox 896 1005 940 1047; x_wconf 77' lang='lat' dir='ltr'><em>S.</em></span> <span class='ocrx_word' id='word_1_98' title='bbox 959 1003 1089 1056; x_wconf 86' lang='lat' dir='ltr'><em>Lulli,</em></span> <span class='ocrx_word' id='word_1_99' title='bbox 1113 1004 1368 1056; x_wconf 86' lang='lat' dir='ltr'><em>Lampertus</em></span> <span class='ocrx_word' id='word_1_100' title='bbox 1379 1000 1569 1056; x_wconf 76' lang='lat' dir='ltr'><em>pepercit</em></span> <span class='ocrx_word' id='word_1_101' title='bbox 1580 1001 1609 1042; x_wconf 79' lang='lat'><em>3.</em></span> <span class='ocrx_word' id='word_1_102' title='bbox 1654 1000 1762 1043; x_wconf 83' lang='lat' dir='ltr'><em>Tum</em></span> 
     </span>
     <span class='ocr_line' id='line_1_14' title="bbox 265 1060 1761 1120; baseline -0.005 -11"><span class='ocrx_word' id='word_1_103' title='bbox 265 1066 539 1120; x_wconf 74' lang='lat' dir='ltr'><em>complurium</em></span> <span class='ocrx_word' id='word_1_104' title='bbox 579 1078 791 1107; x_wconf 86' lang='lat' dir='ltr'><em>annorum</em></span> <span class='ocrx_word' id='word_1_105' title='bbox 829 1064 952 1106; x_wconf 84' lang='lat' dir='ltr'><em>rebus</em></span> <span class='ocrx_word' id='word_1_106' title='bbox 986 1063 1114 1116; x_wconf 73' lang='lat' dir='ltr'><em>yestis</em></span> <span class='ocrx_word' id='word_1_107' title='bbox 1143 1062 1192 1104; x_wconf 91' lang='lat' dir='ltr'><em>in</em></span> <span class='ocrx_word' id='word_1_108' title='bbox 1222 1075 1354 1103; x_wconf 89' lang='lat' dir='ltr'><em>unam</em></span> <span class='ocrx_word' id='word_1_109' title='bbox 1391 1060 1639 1102; x_wconf 74' lang='lat' dir='ltr'><em>relationem</em></span> <span class='ocrx_word' id='word_1_110' title='bbox 1669 1073 1761 1102; x_wconf 88' lang='lat' dir='ltr'><em>con-</em></span> 
     </span>
     <span class='ocr_line' id='line_1_15' title="bbox 264 1117 1760 1179; baseline -0.005 -12"><span class='ocrx_word' id='word_1_111' title='bbox 264 1125 410 1168; x_wconf 90' lang='lat' dir='ltr'><em>tractis</em></span> <span class='ocrx_word' id='word_1_112' title='bbox 442 1124 675 1179; x_wconf 67' lang='lat' dir='ltr'><em>exponitur,</em></span> <span class='ocrx_word' id='word_1_113' title='bbox 718 1124 919 1176; x_wconf 79' lang='lat' dir='ltr'><em>quomodo</em></span> <span class='ocrx_word' id='word_1_114' title='bbox 959 1121 1139 1176; x_wconf 74' lang='lat' dir='ltr'><em>episcopi</em></span> <span class='ocrx_word' id='word_1_115' title='bbox 1170 1125 1208 1162; x_wconf 90' lang='lat' dir='ltr'><em>et</em></span> <span class='ocrx_word' id='word_1_116' title='bbox 1235 1119 1456 1174; x_wconf 75' lang='lat' dir='ltr'><em>principes</em></span> <span class='ocrx_word' id='word_1_117' title='bbox 1485 1117 1608 1172; x_wconf 74' lang='lat' dir='ltr'><em>reyni</em></span> <span class='ocrx_word' id='word_1_118' title='bbox 1638 1118 1760 1160; x_wconf 89' lang='lat' dir='ltr'><em>abba-</em></span> 
     </span>
     <span class='ocr_line' id='line_1_16' title="bbox 265 1178 1809 1236; baseline -0.005 -10"><span class='ocrx_word' id='word_1_119' title='bbox 265 1184 336 1226; x_wconf 91' lang='lat' dir='ltr'><em>tiis</em></span> <span class='ocrx_word' id='word_1_120' title='bbox 377 1183 577 1226; x_wconf 81' lang='lat' dir='ltr'><em>divitibus</em></span> <span class='ocrx_word' id='word_1_121' title='bbox 608 1182 744 1236; x_wconf 84' lang='lat' dir='ltr'><em>potiri</em></span> <span class='ocrx_word' id='word_1_122' title='bbox 785 1181 925 1224; x_wconf 87' lang='lat' dir='ltr'><em>conati</em></span> <span class='ocrx_word' id='word_1_123' title='bbox 965 1181 1052 1222; x_wconf 90' lang='lat' dir='ltr'><em>sint</em></span> <span class='ocrx_word' id='word_1_124' title='bbox 1091 1178 1152 1231; x_wconf 84' lang='lat' dir='ltr'><em>(a.</em></span> <span class='ocrx_word' id='word_1_125' title='bbox 1181 1181 1330 1233; x_wconf 74' lang='grc'>1063),</span> <span class='ocrx_word' id='word_1_126' title='bbox 1372 1178 1521 1220; x_wconf 89' lang='lat' dir='ltr'><em>relatio</em></span> <span class='ocrx_word' id='word_1_127' title='bbox 1562 1191 1760 1220; x_wconf 87' lang='lat' dir='ltr'><em>commen—</em></span> <span class='ocrx_word' id='word_1_128' title='bbox 1775 1191 1809 1218; x_wconf 68' lang='grc' dir='ltr'><em>ιε</em></span> 
     </span>
     <span class='ocr_line' id='line_1_17' title="bbox 266 1235 1760 1295; baseline -0.005 -11"><span class='ocrx_word' id='word_1_129' title='bbox 266 1247 402 1284; x_wconf 86' lang='lat' dir='ltr'><em>torum</em></span> <span class='ocrx_word' id='word_1_130' title='bbox 432 1242 577 1295; x_wconf 81' lang='lat' dir='ltr'><em>plena,</em></span> <span class='ocrx_word' id='word_1_131' title='bbox 621 1241 770 1283; x_wconf 91' lang='lat' dir='ltr'><em>callide</em></span> <span class='ocrx_word' id='word_1_132' title='bbox 812 1240 873 1282; x_wconf 87' lang='lat' dir='ltr'><em>ita</em></span> <span class='ocrx_word' id='word_1_133' title='bbox 914 1243 1119 1292; x_wconf 83' lang='lat' dir='ltr'><em>concepta,</em></span> <span class='ocrx_word' id='word_1_134' title='bbox 1162 1242 1208 1280; x_wconf 88' lang='lat' dir='ltr'><em>ut</em></span> <span class='ocrx_word' id='word_1_135' title='bbox 1248 1237 1415 1280; x_wconf 81' lang='lat' dir='ltr'><em>invidia</em></span> <span class='ocrx_word' id='word_1_136' title='bbox 1451 1236 1516 1279; x_wconf 86' lang='lat' dir='ltr'><em>rei</em></span> <span class='ocrx_word' id='word_1_137' title='bbox 1545 1235 1594 1278; x_wconf 88' lang='lat' dir='ltr'><em>in</em></span> <span class='ocrx_word' id='word_1_138' title='bbox 1625 1235 1760 1278; x_wconf 76' lang='lat' dir='ltr'><em>archi-</em></span> 
     </span>
     <span class='ocr_line' id='line_1_18' title="bbox 265 1293 1762 1354; baseline -0.005 -11"><span class='ocrx_word' id='word_1_139' title='bbox 265 1301 499 1354; x_wconf 81' lang='lat' dir='ltr'><em>episcopum</em></span> <span class='ocrx_word' id='word_1_140' title='bbox 519 1300 792 1342; x_wconf 85' lang='lat' dir='ltr'><em>Bremensem</em></span> <span class='ocrx_word' id='word_1_141' title='bbox 822 1299 955 1340; x_wconf 92' lang='lat' dir='ltr'><em>solum</em></span> <span class='ocrx_word' id='word_1_142' title='bbox 985 1301 1300 1349; x_wconf 76' lang='lat' dir='ltr'><em>converteretur,</em></span> <span class='ocrx_word' id='word_1_143' title='bbox 1334 1298 1386 1339; x_wconf 91' lang='lat' dir='ltr'><em>ab</em></span> <span class='ocrx_word' id='word_1_144' title='bbox 1408 1296 1593 1338; x_wconf 84' lang='lat' dir='ltr'><em>Annone</em></span> <span class='ocrx_word' id='word_1_145' title='bbox 1624 1293 1762 1337; x_wconf 85' lang='lat' dir='ltr'><em>omnis</em></span> 
     </span>
     <span class='ocr_line' id='line_1_19' title="bbox 266 1353 1762 1413; baseline -0.005 -11"><span class='ocrx_word' id='word_1_146' title='bbox 266 1361 388 1413; x_wconf 87' lang='lat' dir='ltr'><em>culpa</em></span> <span class='ocrx_word' id='word_1_147' title='bbox 439 1363 711 1401; x_wconf 78' lang='lat' dir='ltr'><em>amoveretur.</em></span> <span class='ocrx_word' id='word_1_148' title='bbox 801 1358 954 1410; x_wconf 71' lang='lat' dir='ltr'><em>Lonya</em></span> <span class='ocrx_word' id='word_1_149' title='bbox 1008 1355 1204 1398; x_wconf 86' lang='lat' dir='ltr'><em>narratio</em></span> <span class='ocrx_word' id='word_1_150' title='bbox 1251 1353 1614 1409; x_wconf 70' lang='lat' dir='ltr'><em>pereyrinationis</em></span> <span class='ocrx_word' id='word_1_151' title='bbox 1659 1353 1762 1396; x_wconf 86' lang='lat' dir='ltr'><em>Hie-</em></span> 
     </span>
     <span class='ocr_line' id='line_1_20' title="bbox 265 1411 1763 1471; baseline -0.004 -11"><span class='ocrx_word' id='word_1_152' title='bbox 265 1417 591 1471; x_wconf 68' lang='lat' dir='ltr'><em>rosolymitanae</em></span> <span class='ocrx_word' id='word_1_153' title='bbox 630 1416 916 1470; x_wconf 89' lang='lat' dir='ltr'><em>episcoporum</em></span> <span class='ocrx_word' id='word_1_154' title='bbox 955 1416 1164 1469; x_wconf 62' lang='lat' dir='ltr'><em>eleganter</em></span> <span class='ocrx_word' id='word_1_155' title='bbox 1195 1418 1316 1467; x_wconf 77' lang='lat' dir='ltr'><em>atque</em></span> <span class='ocrx_word' id='word_1_156' title='bbox 1356 1413 1513 1456; x_wconf 87' lang='lat' dir='ltr'><em>acriter</em></span> <span class='ocrx_word' id='word_1_157' title='bbox 1553 1411 1763 1467; x_wconf 83' lang='lat' dir='ltr'><em>descripta</em></span> 
     </span>
     <span class='ocr_line' id='line_1_21' title="bbox 268 1471 1810 1531; baseline -0.003 -13"><span class='ocrx_word' id='word_1_158' title='bbox 268 1475 328 1527; x_wconf 85' lang='lat' dir='ltr'><em>(a.</em></span> <span class='ocrx_word' id='word_1_159' title='bbox 356 1479 489 1531; x_wconf 88' lang='grc'>1065)</span> <span class='ocrx_word' id='word_1_160' title='bbox 522 1476 571 1518; x_wconf 89' lang='lat' dir='ltr'><em>in</em></span> <span class='ocrx_word' id='word_1_161' title='bbox 601 1475 845 1517; x_wconf 81' lang='lat' dir='ltr'><em>universum</em></span> <span class='ocrx_word' id='word_1_162' title='bbox 875 1489 976 1516; x_wconf 83' lang='lat' dir='ltr'><em>vera</em></span> <span class='ocrx_word' id='word_1_163' title='bbox 1006 1478 1066 1516; x_wconf 89' lang='lat' dir='ltr'><em>est</em></span> <span class='ocrx_word' id='word_1_164' title='bbox 1077 1474 1105 1527; x_wconf 73' lang='lat'><em>4,</em></span> <span class='ocrx_word' id='word_1_165' title='bbox 1147 1475 1221 1515; x_wconf 87' lang='lat' dir='ltr'><em>sed</em></span> <span class='ocrx_word' id='word_1_166' title='bbox 1259 1477 1405 1515; x_wconf 85' lang='lat' dir='ltr'><em>auctor</em></span> <span class='ocrx_word' id='word_1_167' title='bbox 1435 1472 1483 1514; x_wconf 89' lang='lat' dir='ltr'><em>in</em></span> <span class='ocrx_word' id='word_1_168' title='bbox 1519 1472 1598 1515; x_wconf 76' lang='lat' dir='ltr'><em>hac</em></span> <span class='ocrx_word' id='word_1_169' title='bbox 1634 1471 1810 1514; x_wconf 69' lang='lat' dir='ltr'><em>etiaamo</em></span> 
     </span>
     <span class='ocr_line' id='line_1_22' title="bbox 256 1530 1762 1590; baseline -0.003 -13"><span class='ocrx_word' id='word_1_170' title='bbox 256 1535 517 1590; x_wconf 76' lang='lat' dir='ltr'><em>phantasiae</em></span> <span class='ocrx_word' id='word_1_171' title='bbox 563 1534 742 1576; x_wconf 89' lang='lat' dir='ltr'><em>nimium</em></span> <span class='ocrx_word' id='word_1_172' title='bbox 787 1533 1014 1575; x_wconf 84' lang='lat' dir='ltr'><em>indulsisse</em></span> <span class='ocrx_word' id='word_1_173' title='bbox 1059 1532 1236 1574; x_wconf 80' lang='lat' dir='ltr'><em>videtur.</em></span> <span class='ocrx_word' id='word_1_174' title='bbox 1314 1532 1436 1574; x_wconf 88' lang='lat' dir='ltr'><em>Haec</em></span> <span class='ocrx_word' id='word_1_175' title='bbox 1481 1530 1669 1573; x_wconf 76' lang='lat' dir='ltr'><em>excurrit</em></span> <span class='ocrx_word' id='word_1_176' title='bbox 1713 1530 1762 1574; x_wconf 76' lang='lat' dir='ltr'><em>in</em></span> 
     </span>
     <span class='ocr_line' id='line_1_23' title="bbox 265 1589 1760 1645; baseline -0.003 -9"><span class='ocrx_word' id='word_1_177' title='bbox 265 1608 451 1636; x_wconf 85' lang='lat' dir='ltr'><em>summas</em></span> <span class='ocrx_word' id='word_1_178' title='bbox 491 1594 636 1636; x_wconf 88' lang='lat' dir='ltr'><em>laudes</em></span> <span class='ocrx_word' id='word_1_179' title='bbox 682 1592 891 1635; x_wconf 74' lang='lat' dir='ltr'><em>Guntlzeri</em></span> <span class='ocrx_word' id='word_1_180' title='bbox 931 1591 1112 1645; x_wconf 87' lang='lat' dir='ltr'><em>episcopi</em></span> <span class='ocrx_word' id='word_1_181' title='bbox 1150 1590 1516 1644; x_wconf 73' lang='lat' dir='ltr'><em>Babenberyensis</em></span> <span class='ocrx_word' id='word_1_182' title='bbox 1559 1589 1760 1643; x_wconf 80' lang='lat' dir='ltr'><em>defuncti,</em></span> 
     </span>
     <span class='ocr_line' id='line_1_24' title="bbox 267 1647 1759 1705; baseline -0.003 -10"><span class='ocrx_word' id='word_1_183' title='bbox 267 1653 386 1695; x_wconf 79' lang='lat' dir='ltr'><em>cuius</em></span> <span class='ocrx_word' id='word_1_184' title='bbox 415 1652 504 1694; x_wconf 83' lang='lat' dir='ltr'><em>iam</em></span> <span class='ocrx_word' id='word_1_185' title='bbox 534 1666 666 1705; x_wconf 85' lang='lat' dir='ltr'><em>supra</em></span> <span class='ocrx_word' id='word_1_186' title='bbox 699 1649 756 1702; x_wconf 88' lang='lat' dir='ltr'><em>(a.</em></span> <span class='ocrx_word' id='word_1_187' title='bbox 782 1652 916 1705; x_wconf 83' lang='lat'>1056)</span> <span class='ocrx_word' id='word_1_188' title='bbox 949 1650 1055 1692; x_wconf 77' lang='lat' dir='ltr'><em>visio</em></span> <span class='ocrx_word' id='word_1_189' title='bbox 1087 1651 1223 1692; x_wconf 88' lang='lat' dir='ltr'><em>relata</em></span> <span class='ocrx_word' id='word_1_190' title='bbox 1251 1654 1321 1703; x_wconf 88' lang='lat' dir='ltr'><em>est,</em></span> <span class='ocrx_word' id='word_1_191' title='bbox 1355 1648 1512 1703; x_wconf 71' lang='lat' dir='ltr'><em>eyreyii</em></span> <span class='ocrx_word' id='word_1_192' title='bbox 1538 1662 1642 1691; x_wconf 92' lang='lat' dir='ltr'><em>sane</em></span> <span class='ocrx_word' id='word_1_193' title='bbox 1661 1647 1759 1702; x_wconf 77' lang='lat' dir='ltr'><em>viri,</em></span> 
     </span>
     <span class='ocr_line' id='line_1_25' title="bbox 267 1706 1760 1763; baseline -0.003 -9"><span class='ocrx_word' id='word_1_194' title='bbox 267 1711 385 1754; x_wconf 90' lang='lat' dir='ltr'><em>cuius</em></span> <span class='ocrx_word' id='word_1_195' title='bbox 407 1712 552 1753; x_wconf 87' lang='lat' dir='ltr'><em>laudes</em></span> <span class='ocrx_word' id='word_1_196' title='bbox 573 1710 699 1753; x_wconf 89' lang='lat' dir='ltr'><em>etiam</em></span> <span class='ocrx_word' id='word_1_197' title='bbox 721 1710 800 1752; x_wconf 81' lang='lat' dir='ltr'><em>alii</em></span> <span class='ocrx_word' id='word_1_198' title='bbox 812 1709 1171 1763; x_wconf 82' lang='lat' dir='ltr'><em>praedicaverunt</em></span> <span class='ocrx_word' id='word_1_199' title='bbox 1184 1709 1212 1750; x_wconf 82' lang='lat'><em>5.</em></span> <span class='ocrx_word' id='word_1_200' title='bbox 1260 1709 1308 1750; x_wconf 85' lang='lat' dir='ltr'><em>F</em></span> <span class='ocrx_word' id='word_1_201' title='bbox 1305 1708 1492 1750; x_wconf 82' lang='lat' dir='ltr'><em>ervidius</em></span> <span class='ocrx_word' id='word_1_202' title='bbox 1513 1722 1563 1751; x_wconf 90' lang='lat' dir='ltr'><em>ac</em></span> <span class='ocrx_word' id='word_1_203' title='bbox 1582 1706 1760 1750; x_wconf 85' lang='lat' dir='ltr'><em>malitio-</em></span> 
     </span>
     <span class='ocr_line' id='line_1_26' title="bbox 266 1768 1810 1823; baseline -0.003 -11"><span class='ocrx_word' id='word_1_204' title='bbox 266 1770 355 1812; x_wconf 90' lang='lat' dir='ltr'><em>sius</em></span> <span class='ocrx_word' id='word_1_205' title='bbox 401 1784 527 1823; x_wconf 78' lang='lat' dir='ltr'><em>quam</em></span> <span class='ocrx_word' id='word_1_206' title='bbox 573 1769 713 1811; x_wconf 80' lang='lat' dir='ltr'><em>verius</em></span> <span class='ocrx_word' id='word_1_207' title='bbox 759 1768 948 1822; x_wconf 68' lang='lat' dir='ltr'><em>eaposuit</em></span> <span class='ocrx_word' id='word_1_208' title='bbox 987 1769 1241 1822; x_wconf 90' lang='lat' dir='ltr'><em>Lampertus</em></span> <span class='ocrx_word' id='word_1_209' title='bbox 1288 1782 1338 1810; x_wconf 84' lang='lat' dir='ltr'><em>ea</em></span> <span class='ocrx_word' id='word_1_210' title='bbox 1385 1781 1491 1821; x_wconf 77' lang='lat' dir='ltr'><em>quae</em></span> <span class='ocrx_word' id='word_1_211' title='bbox 1531 1770 1810 1820; x_wconf 69' lang='lat' dir='ltr'><em>sequunturne</em></span> 
     </span>
     <span class='ocr_line' id='line_1_27' title="bbox 269 1825 1763 1883; baseline -0.001 -13"><span class='ocrx_word' id='word_1_212' title='bbox 269 1826 329 1880; x_wconf 89' lang='lat' dir='ltr'><em>(a.</em></span> <span class='ocrx_word' id='word_1_213' title='bbox 352 1830 499 1883; x_wconf 88' lang='grc'>1066),</span> <span class='ocrx_word' id='word_1_214' title='bbox 532 1829 811 1870; x_wconf 86' lang='lat' dir='ltr'><em>Adalbertum</em></span> <span class='ocrx_word' id='word_1_215' title='bbox 833 1827 1189 1880; x_wconf 77' lang='lat' dir='ltr'><em>archiepiscopum</em></span> <span class='ocrx_word' id='word_1_216' title='bbox 1210 1830 1357 1869; x_wconf 90' lang='lat' dir='ltr'><em>contra</em></span> <span class='ocrx_word' id='word_1_217' title='bbox 1378 1825 1489 1880; x_wconf 72' lang='lat' dir='ltr'><em>reyis</em></span> <span class='ocrx_word' id='word_1_218' title='bbox 1509 1826 1763 1868; x_wconf 76' lang='lat' dir='ltr'><em>voluntatem</em></span> 
     </span>
    </p>

    <p class='ocr_par' dir='ltr' id='par_1_3' title="bbox 267 1883 1765 2057">
     <span class='ocr_line' id='line_1_28' title="bbox 267 1883 1762 1939; baseline -0.002 -10"><span class='ocrx_word' id='word_1_219' title='bbox 267 1902 287 1930; x_wconf 92' lang='lat' dir='ltr'><em>e</em></span> <span class='ocrx_word' id='word_1_220' title='bbox 309 1887 430 1930; x_wconf 90' lang='lat' dir='ltr'><em>curia</em></span> <span class='ocrx_word' id='word_1_221' title='bbox 452 1891 646 1939; x_wconf 81' lang='lat' dir='ltr'><em>amotum,</em></span> <span class='ocrx_word' id='word_1_222' title='bbox 671 1887 894 1929; x_wconf 86' lang='lat' dir='ltr'><em>delectatus</em></span> <span class='ocrx_word' id='word_1_223' title='bbox 914 1900 1042 1939; x_wconf 79' lang='lat' dir='ltr'><em>quam</em></span> <span class='ocrx_word' id='word_1_224' title='bbox 1061 1885 1244 1928; x_wconf 75' lang='lat' dir='ltr'><em>maxime</em></span> <span class='ocrx_word' id='word_1_225' title='bbox 1265 1886 1344 1928; x_wconf 75' lang='lat' dir='ltr'><em>hac</em></span> <span class='ocrx_word' id='word_1_226' title='bbox 1366 1883 1604 1928; x_wconf 86' lang='lat' dir='ltr'><em>calamitate</em></span> <span class='ocrx_word' id='word_1_227' title='bbox 1625 1883 1762 1927; x_wconf 75' lang='lat' dir='ltr'><em>archi-</em></span> 
     </span>
     <span class='ocr_line' id='line_1_29' title="bbox 267 1943 1765 1999; baseline -0.001 -12"><span class='ocrx_word' id='word_1_228' title='bbox 267 1946 446 1999; x_wconf 87' lang='lat' dir='ltr'><em>episcopi</em></span> <span class='ocrx_word' id='word_1_229' title='bbox 477 1950 515 1987; x_wconf 91' lang='lat' dir='ltr'><em>et</em></span> <span class='ocrx_word' id='word_1_230' title='bbox 545 1946 668 1998; x_wconf 71' lang='lat' dir='ltr'><em>reyis,</em></span> <span class='ocrx_word' id='word_1_231' title='bbox 708 1947 819 1998; x_wconf 78' lang='lat' dir='ltr'><em>quod</em></span> <span class='ocrx_word' id='word_1_232' title='bbox 847 1945 935 1986; x_wconf 90' lang='lat' dir='ltr'><em>iam</em></span> <span class='ocrx_word' id='word_1_233' title='bbox 965 1959 1033 1986; x_wconf 91' lang='lat' dir='ltr'><em>res</em></span> <span class='ocrx_word' id='word_1_234' title='bbox 1055 1944 1230 1998; x_wconf 88' lang='lat' dir='ltr'><em>publica</em></span> <span class='ocrx_word' id='word_1_235' title='bbox 1261 1943 1620 1997; x_wconf 84' lang='lat' dir='ltr'><em>administranda,</em></span> <span class='ocrx_word' id='word_1_236' title='bbox 1652 1943 1765 1998; x_wconf 77' lang='lat' dir='ltr'><em>quod</em></span> 
     </span>
     <span class='ocr_line' id='line_1_30' title="bbox 267 2002 1582 2057; baseline -0.002 -11"><span class='ocrx_word' id='word_1_237' title='bbox 267 2004 433 2057; x_wconf 77' lang='lat' dir='ltr'><em>quidem</em></span> <span class='ocrx_word' id='word_1_238' title='bbox 464 2004 552 2056; x_wconf 90' lang='lat' dir='ltr'><em>ipse</em></span> <span class='ocrx_word' id='word_1_239' title='bbox 584 2018 670 2045; x_wconf 89' lang='lat' dir='ltr'><em>non</em></span> <span class='ocrx_word' id='word_1_240' title='bbox 701 2004 916 2054; x_wconf 81' lang='lat' dir='ltr'><em>confessus</em></span> <span class='ocrx_word' id='word_1_241' title='bbox 946 2007 1016 2056; x_wconf 84' lang='lat' dir='ltr'><em>est,</em></span> <span class='ocrx_word' id='word_1_242' title='bbox 1050 2005 1108 2045; x_wconf 90' lang='lat' dir='ltr'><em>ad</em></span> <span class='ocrx_word' id='word_1_243' title='bbox 1136 2003 1365 2045; x_wconf 89' lang='lat' dir='ltr'><em>Annonem</em></span> <span class='ocrx_word' id='word_1_244' title='bbox 1395 2002 1582 2044; x_wconf 92' lang='lat' dir='ltr'><em>redierit.</em></span> 
     </span>
    </p>

    <p class='ocr_par' dir='ltr' id='par_1_4' title="bbox 257 2060 1811 2409">
     <span class='ocr_line' id='line_1_31' title="bbox 409 2060 1811 2114; baseline 0.001 -11"><span class='ocrx_word' id='word_1_245' title='bbox 409 2062 477 2104; x_wconf 84' lang='lat' dir='ltr'><em>Ab</em></span> <span class='ocrx_word' id='word_1_246' title='bbox 517 2077 557 2103; x_wconf 93' lang='lat' dir='ltr'><em>a.</em></span> <span class='ocrx_word' id='word_1_247' title='bbox 594 2066 719 2103; x_wconf 87' lang='grc'>1069.</span> <span class='ocrx_word' id='word_1_248' title='bbox 762 2061 960 2104; x_wconf 88' lang='lat' dir='ltr'><em>accrescit</em></span> <span class='ocrx_word' id='word_1_249' title='bbox 998 2063 1167 2104; x_wconf 89' lang='lat' dir='ltr'><em>ubertas</em></span> <span class='ocrx_word' id='word_1_250' title='bbox 1212 2061 1479 2103; x_wconf 89' lang='lat' dir='ltr'><em>narrationis</em></span> <span class='ocrx_word' id='word_1_251' title='bbox 1524 2060 1811 2114; x_wconf 47' lang='lat' dir='ltr'><em>continuaeflw</em></span> 
     </span>
     <span class='ocr_line' id='line_1_32' title="bbox 267 2118 1763 2174; baseline -0.002 -11"><span class='ocrx_word' id='word_1_252' title='bbox 267 2125 475 2174; x_wconf 70' lang='lat' dir='ltr'><em>auyentur</em></span> <span class='ocrx_word' id='word_1_253' title='bbox 514 2134 642 2173; x_wconf 79' lang='lat' dir='ltr'><em>aeque</em></span> <span class='ocrx_word' id='word_1_254' title='bbox 682 2124 910 2162; x_wconf 87' lang='lat' dir='ltr'><em>commenta</em></span> <span class='ocrx_word' id='word_1_255' title='bbox 949 2120 1151 2173; x_wconf 89' lang='lat' dir='ltr'><em>auctoris,</em></span> <span class='ocrx_word' id='word_1_256' title='bbox 1203 2119 1329 2162; x_wconf 75' lang='lat' dir='ltr'><em>huius</em></span> <span class='ocrx_word' id='word_1_257' title='bbox 1369 2118 1477 2161; x_wconf 87' lang='lat' dir='ltr'><em>anni</em></span> <span class='ocrx_word' id='word_1_258' title='bbox 1515 2118 1763 2162; x_wconf 87' lang='lat' dir='ltr'><em>relationem</em></span> 
     </span>
     <span class='ocr_line' id='line_1_33' title="bbox 267 2177 1763 2232; baseline -0.001 -11"><span class='ocrx_word' id='word_1_259' title='bbox 267 2179 406 2221; x_wconf 74' lang='lat' dir='ltr'><em>exorsi</em></span> <span class='ocrx_word' id='word_1_260' title='bbox 447 2180 620 2231; x_wconf 79' lang='lat' dir='ltr'><em>conficto</em></span> <span class='ocrx_word' id='word_1_261' title='bbox 651 2183 777 2232; x_wconf 91' lang='lat' dir='ltr'><em>pacto</em></span> <span class='ocrx_word' id='word_1_262' title='bbox 818 2179 930 2232; x_wconf 72' lang='lat' dir='ltr'><em>reyis</em></span> <span class='ocrx_word' id='word_1_263' title='bbox 967 2183 1004 2220; x_wconf 91' lang='lat' dir='ltr'><em>et</em></span> <span class='ocrx_word' id='word_1_264' title='bbox 1044 2178 1347 2231; x_wconf 79' lang='lat' dir='ltr'><em>archiepiscopi</em></span> <span class='ocrx_word' id='word_1_265' title='bbox 1378 2177 1649 2231; x_wconf 72' lang='lat' dir='ltr'><em>Moyontini;</em></span> <span class='ocrx_word' id='word_1_266' title='bbox 1689 2177 1763 2231; x_wconf 77' lang='lat' dir='ltr'><em>qui</em></span> 
     </span>
     <span class='ocr_line' id='line_1_34' title="bbox 268 2236 1762 2290; baseline -0.001 -10"><span class='ocrx_word' id='word_1_267' title='bbox 268 2252 360 2280; x_wconf 88' lang='lat' dir='ltr'><em>cum</em></span> <span class='ocrx_word' id='word_1_268' title='bbox 399 2237 657 2287; x_wconf 73' lang='lat' dir='ltr'><em>exultaverit,</em></span> <span class='ocrx_word' id='word_1_269' title='bbox 700 2238 811 2290; x_wconf 77' lang='lat' dir='ltr'><em>quod</em></span> <span class='ocrx_word' id='word_1_270' title='bbox 839 2237 971 2279; x_wconf 86' lang='lat' dir='ltr'><em>Anno</em></span> <span class='ocrx_word' id='word_1_271' title='bbox 1009 2252 1049 2278; x_wconf 92' lang='lat' dir='ltr'><em>a.</em></span> <span class='ocrx_word' id='word_1_272' title='bbox 1077 2241 1203 2278; x_wconf 88' lang='grc'>1071.</span> <span class='ocrx_word' id='word_1_273' title='bbox 1236 2241 1407 2279; x_wconf 77' lang='lat' dir='ltr'><em>exeunte</em></span> <span class='ocrx_word' id='word_1_274' title='bbox 1443 2250 1650 2278; x_wconf 88' lang='lat' dir='ltr'><em>summam</em></span> <span class='ocrx_word' id='word_1_275' title='bbox 1687 2236 1762 2279; x_wconf 88' lang='lat' dir='ltr'><em>im-</em></span> 
     </span>
     <span class='ocr_line' id='line_1_35' title="bbox 257 2294 1763 2350; baseline -0.001 -12"><span class='ocrx_word' id='word_1_276' title='bbox 257 2296 375 2350; x_wconf 85' lang='lat' dir='ltr'><em>perii</em></span> <span class='ocrx_word' id='word_1_277' title='bbox 405 2296 557 2338; x_wconf 88' lang='lat' dir='ltr'><em>iterum</em></span> <span class='ocrx_word' id='word_1_278' title='bbox 579 2295 832 2348; x_wconf 84' lang='lat' dir='ltr'><em>obtinuisset,</em></span> <span class='ocrx_word' id='word_1_279' title='bbox 865 2295 1030 2337; x_wconf 88' lang='lat' dir='ltr'><em>iustitia</em></span> <span class='ocrx_word' id='word_1_280' title='bbox 1052 2310 1102 2338; x_wconf 91' lang='lat' dir='ltr'><em>ac</em></span> <span class='ocrx_word' id='word_1_281' title='bbox 1122 2295 1334 2348; x_wconf 89' lang='lat' dir='ltr'><em>sapientia</em></span> <span class='ocrx_word' id='word_1_282' title='bbox 1359 2294 1448 2338; x_wconf 82' lang='lat' dir='ltr'><em>eius</em></span> <span class='ocrx_word' id='word_1_283' title='bbox 1478 2295 1763 2347; x_wconf 80' lang='lat' dir='ltr'><em>fervidissime</em></span> 
     </span>
     <span class='ocr_line' id='line_1_36' title="bbox 257 2353 1811 2409; baseline 0.001 -12"><span class='ocrx_word' id='word_1_284' title='bbox 257 2355 534 2409; x_wconf 83' lang='lat' dir='ltr'><em>praedicatis,</em></span> <span class='ocrx_word' id='word_1_285' title='bbox 576 2355 628 2396; x_wconf 91' lang='lat' dir='ltr'><em>ab</em></span> <span class='ocrx_word' id='word_1_286' title='bbox 669 2369 709 2396; x_wconf 90' lang='lat' dir='ltr'><em>a.</em></span> <span class='ocrx_word' id='word_1_287' title='bbox 737 2358 862 2395; x_wconf 86' lang='grc'>1073.</span> <span class='ocrx_word' id='word_1_288' title='bbox 902 2356 1076 2407; x_wconf 84' lang='lat' dir='ltr'><em>demum,</em></span> <span class='ocrx_word' id='word_1_289' title='bbox 1120 2368 1212 2397; x_wconf 91' lang='lat' dir='ltr'><em>cum</em></span> <span class='ocrx_word' id='word_1_290' title='bbox 1251 2354 1383 2396; x_wconf 84' lang='lat' dir='ltr'><em>Anno</em></span> <span class='ocrx_word' id='word_1_291' title='bbox 1424 2368 1444 2396; x_wconf 93' lang='lat' dir='ltr'><em>e</em></span> <span class='ocrx_word' id='word_1_292' title='bbox 1475 2353 1643 2408; x_wconf 88' lang='lat' dir='ltr'><em>palatio</em></span> <span class='ocrx_word' id='word_1_293' title='bbox 1683 2368 1811 2398; x_wconf 69' lang='lat' dir='ltr'><em>ces-³⁵</em></span> 
     </span>
    </p>
   </div>
   <div class='ocr_carea' id='block_1_3' title="bbox 265 2492 1810 2912">
    <p class='ocr_par' dir='ltr' id='par_1_5' title="bbox 265 2492 1810 2912">
     <span class='ocr_line' id='line_1_37' title="bbox 268 2492 1761 2536; baseline 0 -10"><span class='ocrx_word' id='word_1_294' title='bbox 268 2495 342 2536; x_wconf 82' lang='lat' dir='ltr'><em>sui,</em></span> <span class='ocrx_word' id='word_1_295' title='bbox 377 2494 541 2527; x_wconf 84' lang='lat' dir='ltr'><em>Annonis</em></span> <span class='ocrx_word' id='word_1_296' title='bbox 574 2494 648 2535; x_wconf 86' lang='lat' dir='ltr'><em>sui,</em></span> <span class='ocrx_word' id='word_1_297' title='bbox 687 2492 866 2526; x_wconf 71' lang='lat' dir='ltr'><em>Giinther-i</em></span> <span class='ocrx_word' id='word_1_298' title='bbox 898 2493 1212 2536; x_wconf 76' lang='lat' dir='ltr'><em>Babenberyensis,</em></span> <span class='ocrx_word' id='word_1_299' title='bbox 1250 2503 1329 2526; x_wconf 85' lang='lat' dir='ltr'><em>cum</em></span> <span class='ocrx_word' id='word_1_300' title='bbox 1361 2493 1548 2526; x_wconf 81' lang='lat' dir='ltr'><em>Friderico</em></span> <span class='ocrx_word' id='word_1_301' title='bbox 1584 2493 1761 2536; x_wconf 77' lang='lat' dir='ltr'><em>quondam</em></span> 
     </span>
     <span class='ocr_line' id='line_1_38' title="bbox 268 2539 1759 2584; baseline 0.001 -10"><span class='ocrx_word' id='word_1_302' title='bbox 268 2542 465 2574; x_wconf 79' lang='lat' dir='ltr'><em>necessitate</em></span> <span class='ocrx_word' id='word_1_303' title='bbox 488 2540 655 2584; x_wconf 80' lang='lat' dir='ltr'><em>quadam,</em></span> <span class='ocrx_word' id='word_1_304' title='bbox 681 2550 788 2582; x_wconf 78' lang='lat' dir='ltr'><em>quam</em></span> <span class='ocrx_word' id='word_1_305' title='bbox 813 2541 1032 2582; x_wconf 70' lang='lat' dir='ltr'><em>iqnoramus,</em></span> <span class='ocrx_word' id='word_1_306' title='bbox 1059 2541 1264 2573; x_wconf 87' lang='lat' dir='ltr'><em>coniunctus</em></span> <span class='ocrx_word' id='word_1_307' title='bbox 1287 2550 1357 2574; x_wconf 86' lang='lat' dir='ltr'><em>esse</em></span> <span class='ocrx_word' id='word_1_308' title='bbox 1381 2540 1530 2575; x_wconf 80' lang='lat' dir='ltr'><em>violetur.</em></span> <span class='ocrx_word' id='word_1_309' title='bbox 1645 2540 1680 2583; x_wconf 90' lang='lat'><em>1)</em></span> <span class='ocrx_word' id='word_1_310' title='bbox 1704 2539 1759 2582; x_wconf 74' lang='lat' dir='ltr'><em>Cf.</em></span> 
     </span>
     <span class='ocr_line' id='line_1_39' title="bbox 266 2586 1762 2630; baseline 0.001 -13"><span class='ocrx_word' id='word_1_311' title='bbox 266 2598 381 2630; x_wconf 72' lang='lat' dir='ltr'><em>supra</em></span> <span class='ocrx_word' id='word_1_312' title='bbox 400 2598 439 2630; x_wconf 74' lang='lat' dir='ltr'><em>p,</em></span> <span class='ocrx_word' id='word_1_313' title='bbox 455 2592 600 2622; x_wconf 82' lang='lat' dir='ltr'><em>XXXIV,</em></span> <span class='ocrx_word' id='word_1_314' title='bbox 673 2588 710 2630; x_wconf 79' lang='grc'><em>2)</em></span> <span class='ocrx_word' id='word_1_315' title='bbox 730 2586 826 2619; x_wconf 81' lang='lat' dir='ltr'><em>Nota</em></span> <span class='ocrx_word' id='word_1_316' title='bbox 842 2588 948 2619; x_wconf 87' lang='lat' dir='ltr'><em>etiam</em></span> <span class='ocrx_word' id='word_1_317' title='bbox 970 2587 1177 2619; x_wconf 80' lang='lat' dir='ltr'><em>Willihelmi</em></span> <span class='ocrx_word' id='word_1_318' title='bbox 1193 2587 1410 2620; x_wconf 79' lang='lat' dir='ltr'><em>marchionis</em></span> <span class='ocrx_word' id='word_1_319' title='bbox 1425 2591 1522 2630; x_wconf 73' lang='lat' dir='ltr'><em>yesta</em></span> <span class='ocrx_word' id='word_1_320' title='bbox 1538 2587 1579 2620; x_wconf 82' lang='lat' dir='ltr'><em>in</em></span> <span class='ocrx_word' id='word_1_321' title='bbox 1598 2587 1762 2629; x_wconf 73' lang='lat' dir='ltr'><em>Unyaria</em></span> 
     </span>
     <span class='ocr_line' id='line_1_40' title="bbox 265 2633 1760 2678; baseline 0.002 -11"><span class='ocrx_word' id='word_1_322' title='bbox 265 2636 578 2676; x_wconf 77' lang='lat' dir='ltr'><em>successionemque</em></span> <span class='ocrx_word' id='word_1_323' title='bbox 611 2634 748 2675; x_wconf 79' lang='lat' dir='ltr'><em>fratris</em></span> <span class='ocrx_word' id='word_1_324' title='bbox 781 2634 857 2666; x_wconf 86' lang='lat' dir='ltr'><em>eius</em></span> <span class='ocrx_word' id='word_1_325' title='bbox 892 2633 1028 2667; x_wconf 85' lang='lat' dir='ltr'><em>Ottonis</em></span> <span class='ocrx_word' id='word_1_326' title='bbox 1060 2634 1199 2676; x_wconf 73' lang='lat' dir='ltr'><em>lonqius</em></span> <span class='ocrx_word' id='word_1_327' title='bbox 1231 2638 1389 2667; x_wconf 84' lang='lat' dir='ltr'><em>narrata</em></span> <span class='ocrx_word' id='word_1_328' title='bbox 1423 2636 1474 2678; x_wconf 89' lang='lat' dir='ltr'><em>(a.</em></span> <span class='ocrx_word' id='word_1_329' title='bbox 1502 2635 1604 2669; x_wconf 89' lang='lat'>1061.</span> <span class='ocrx_word' id='word_1_330' title='bbox 1639 2635 1760 2677; x_wconf 80' lang='lat'><strong>1062),</strong></span> 
     </span>
     <span class='ocr_line' id='line_1_41' title="bbox 267 2681 1810 2724; baseline 0.001 -10"><span class='ocrx_word' id='word_1_331' title='bbox 267 2692 356 2724; x_wconf 78' lang='lat' dir='ltr'><em>quae</em></span> <span class='ocrx_word' id='word_1_332' title='bbox 380 2681 455 2715; x_wconf 82' lang='lat' dir='ltr'><em>ideo</em></span> <span class='ocrx_word' id='word_1_333' title='bbox 479 2681 607 2723; x_wconf 88' lang='lat' dir='ltr'><em>Lamp.</em></span> <span class='ocrx_word' id='word_1_334' title='bbox 633 2681 804 2713; x_wconf 85' lang='lat' dir='ltr'><em>memoria</em></span> <span class='ocrx_word' id='word_1_335' title='bbox 835 2682 957 2721; x_wconf 75' lang='lat' dir='ltr'><em>tenuit,</em></span> <span class='ocrx_word' id='word_1_336' title='bbox 989 2681 1082 2723; x_wconf 79' lang='lat' dir='ltr'><em>quod</em></span> <span class='ocrx_word' id='word_1_337' title='bbox 1106 2681 1163 2713; x_wconf 79' lang='lat' dir='ltr'><em>hic</em></span> <span class='ocrx_word' id='word_1_338' title='bbox 1187 2681 1489 2724; x_wconf 82' lang='lat' dir='ltr'><em>archiepiscopum</em></span> <span class='ocrx_word' id='word_1_339' title='bbox 1515 2681 1810 2724; x_wconf 69' lang='lat' dir='ltr'><em>Moqwtinwmw</em></span> 
     </span>
     <span class='ocr_line' id='line_1_42' title="bbox 266 2727 1763 2772; baseline -0.001 -11"><span class='ocrx_word' id='word_1_340' title='bbox 266 2729 306 2761; x_wconf 93' lang='lat' dir='ltr'><em>in</em></span> <span class='ocrx_word' id='word_1_341' title='bbox 330 2729 566 2761; x_wconf 80' lang='lat' dir='ltr'><em>controversia</em></span> <span class='ocrx_word' id='word_1_342' title='bbox 590 2728 631 2760; x_wconf 85' lang='lat' dir='ltr'><em>de</em></span> <span class='ocrx_word' id='word_1_343' title='bbox 655 2727 796 2760; x_wconf 78' lang='lat' dir='ltr'><em>decimis</em></span> <span class='ocrx_word' id='word_1_344' title='bbox 826 2727 1060 2770; x_wconf 76' lang='lat' dir='ltr'><em>Thurinyi&#39;cis</em></span> <span class='ocrx_word' id='word_1_345' title='bbox 1085 2727 1257 2760; x_wconf 83' lang='lat' dir='ltr'><em>adiuvare</em></span> <span class='ocrx_word' id='word_1_346' title='bbox 1281 2733 1420 2762; x_wconf 87' lang='lat' dir='ltr'><em>coactus</em></span> <span class='ocrx_word' id='word_1_347' title='bbox 1444 2729 1500 2762; x_wconf 82' lang='lat' dir='ltr'><em>sit.</em></span> <span class='ocrx_word' id='word_1_348' title='bbox 1607 2728 1644 2772; x_wconf 84' lang='lat'><em>3)</em></span> <span class='ocrx_word' id='word_1_349' title='bbox 1669 2727 1763 2770; x_wconf 66' lang='lat' dir='ltr'><em>Quid</em></span> 
     </span>
     <span class='ocr_line' id='line_1_43' title="bbox 267 2774 1761 2817; baseline 0.001 -10"><span class='ocrx_word' id='word_1_350' title='bbox 267 2776 351 2816; x_wconf 82' lang='lat' dir='ltr'><em>veri,</em></span> <span class='ocrx_word' id='word_1_351' title='bbox 384 2775 472 2817; x_wconf 79' lang='lat' dir='ltr'><em>quid</em></span> <span class='ocrx_word' id='word_1_352' title='bbox 502 2774 591 2816; x_wconf 77' lang='lat' dir='ltr'><em>falsi</em></span> <span class='ocrx_word' id='word_1_353' title='bbox 615 2775 654 2807; x_wconf 88' lang='lat' dir='ltr'><em>in</em></span> <span class='ocrx_word' id='word_1_354' title='bbox 679 2784 719 2806; x_wconf 87' lang='lat' dir='ltr'><em>ea</em></span> <span class='ocrx_word' id='word_1_355' title='bbox 743 2775 800 2814; x_wconf 86' lang='lat' dir='ltr'><em>sit,</em></span> <span class='ocrx_word' id='word_1_356' title='bbox 835 2775 1054 2816; x_wconf 71' lang='lat' dir='ltr'><em>iynoramus,</em></span> <span class='ocrx_word' id='word_1_357' title='bbox 1089 2785 1167 2807; x_wconf 84' lang='lat' dir='ltr'><em>cum</em></span> <span class='ocrx_word' id='word_1_358' title='bbox 1192 2785 1290 2808; x_wconf 86' lang='lat' dir='ltr'><em>nemo</em></span> <span class='ocrx_word' id='word_1_359' title='bbox 1315 2775 1410 2808; x_wconf 82' lang='lat' dir='ltr'><em>alius</em></span> <span class='ocrx_word' id='word_1_360' title='bbox 1436 2775 1503 2808; x_wconf 80' lang='lat' dir='ltr'><em>has</em></span> <span class='ocrx_word' id='word_1_361' title='bbox 1527 2785 1584 2808; x_wconf 86' lang='lat' dir='ltr'><em>res</em></span> <span class='ocrx_word' id='word_1_362' title='bbox 1608 2785 1761 2808; x_wconf 79' lang='lat' dir='ltr'><em>enarra-</em></span> 
     </span>
     <span class='ocr_line' id='line_1_44' title="bbox 266 2820 1760 2864; baseline 0.002 -10"><span class='ocrx_word' id='word_1_363' title='bbox 266 2823 364 2856; x_wconf 85' lang='lat' dir='ltr'><em>verit.</em></span> <span class='ocrx_word' id='word_1_364' title='bbox 415 2821 482 2854; x_wconf 80' lang='lat' dir='ltr'><em>Sed</em></span> <span class='ocrx_word' id='word_1_365' title='bbox 514 2831 573 2854; x_wconf 89' lang='lat' dir='ltr'><em>eas</em></span> <span class='ocrx_word' id='word_1_366' title='bbox 597 2821 812 2864; x_wconf 87' lang='lat' dir='ltr'><em>Lampertus</em></span> <span class='ocrx_word' id='word_1_367' title='bbox 845 2820 925 2853; x_wconf 89' lang='lat' dir='ltr'><em>bene</em></span> <span class='ocrx_word' id='word_1_368' title='bbox 958 2825 1153 2864; x_wconf 82' lang='lat' dir='ltr'><em>compertas</em></span> <span class='ocrx_word' id='word_1_369' title='bbox 1183 2821 1348 2855; x_wconf 84' lang='lat' dir='ltr'><em>habuisse</em></span> <span class='ocrx_word' id='word_1_370' title='bbox 1379 2823 1458 2856; x_wconf 84' lang='lat' dir='ltr'><em>iure</em></span> <span class='ocrx_word' id='word_1_371' title='bbox 1488 2822 1676 2856; x_wconf 69' lang='lat' dir='ltr'><em>censendae</em></span> <span class='ocrx_word' id='word_1_372' title='bbox 1699 2825 1760 2858; x_wconf 73' lang='lat' dir='ltr'><em>est.</em></span> 
     </span>
     <span class='ocr_line' id='line_1_45' title="bbox 266 2867 1248 2912; baseline 0 -9"><span class='ocrx_word' id='word_1_373' title='bbox 266 2869 303 2912; x_wconf 90' lang='lat'><em>4)</em></span> <span class='ocrx_word' id='word_1_374' title='bbox 328 2868 382 2910; x_wconf 83' lang='lat' dir='ltr'><em>Cf.</em></span> <span class='ocrx_word' id='word_1_375' title='bbox 405 2880 442 2912; x_wconf 82' lang='lat' dir='ltr'><em>p.</em></span> <span class='ocrx_word' id='word_1_376' title='bbox 457 2870 514 2910; x_wconf 83' lang='lat'><em>93,</em></span> <span class='ocrx_word' id='word_1_377' title='bbox 541 2879 575 2902; x_wconf 92' lang='lat' dir='ltr'><em>n.</em></span> <span class='ocrx_word' id='word_1_378' title='bbox 595 2869 627 2902; x_wconf 86' lang='lat'><em>6.</em></span> <span class='ocrx_word' id='word_1_379' title='bbox 726 2868 762 2910; x_wconf 82' lang='lat'><em>5)</em></span> <span class='ocrx_word' id='word_1_380' title='bbox 788 2867 842 2908; x_wconf 81' lang='lat' dir='ltr'><em>Cf.</em></span> <span class='ocrx_word' id='word_1_381' title='bbox 870 2869 964 2902; x_wconf 89' lang='lat' dir='ltr'><em>Ann.</em></span> <span class='ocrx_word' id='word_1_382' title='bbox 992 2868 1112 2902; x_wconf 74' lang='lat' dir='ltr'><em>Altah.</em></span> <span class='ocrx_word' id='word_1_383' title='bbox 1135 2879 1173 2910; x_wconf 88' lang='lat' dir='ltr'><em>p.</em></span> <span class='ocrx_word' id='word_1_384' title='bbox 1193 2870 1248 2903; x_wconf 84' lang='lat'><em>71.</em></span> 
     </span>
    </p>
   </div>
   <div class='ocr_carea' id='block_1_4' title="bbox 1874 0 1942 3198">
    <p class='ocr_par' dir='ltr' id='par_1_6' title="bbox 1874 0 1942 3198">
     <span class='ocr_line' id='line_1_46' title="bbox 1874 0 1942 3198; baseline 0 0"><span class='ocrx_word' id='word_1_385' title='bbox 1874 0 1942 3198; x_wconf 95' lang='lat' dir='ltr'><em> </em></span> 
     </span>
    </p>
   </div>
  </div>
 </body>
</html>
