1968 3164
277 309 346 344 198
643 303 911 340 LAMPERTI
936 302 1188 338 ANNALES.
1239 301 1286 337 A.
1314 303 1418 337 1074.

161 429 264 465 1074·
279 443 375 470 mas
406 428 639 483 Ungariae
672 427 883 469 civitates
914 426 963 466 in
995 426 1318 479 argumentum
1351 436 1586 477 nunquam
1618 421 1778 462 irrum—

87 477 266 508 (many.)
279 489 456 544 pendae
505 487 612 529 fidei
659 487 877 528 traderet.
951 485 1052 526 Hac
1099 484 1308 525 mercede
1355 483 1622 537 redemptus
1667 479 1777 522 ilico

279 548 427 589 missis
469 547 822 600 circumquaque
864 544 1044 586 nunciis
1085 543 1315 598 principes
1355 542 1405 582 in
1437 540 1777 595 expeditionem

280 607 471 649 solemni
517 605 771 647 indictione
820 603 1039 646 evocavit.
1114 602 1204 644 Sed
1251 602 1332 642 alii
1372 600 1591 655 temporis
1638 611 1777 653 angu-

280 667 410 716 stias,
454 665 534 706 alii
574 665 641 706 rei
681 663 923 705 familiaris
964 662 1186 717 inopiam,
1236 660 1455 716 plerique,
1505 659 1627 714 quod
1667 671 1809 712 opes5

281 739 388 767 suae
421 725 544 766 bello
578 723 801 765 Saxonico
843 722 1037 763 nimium
1070 721 1259 762 attritae
1299 720 1510 770 fuissent,
1552 718 1666 760 item
1697 717 1778 758 alii

282 785 408 826 aliud
461 783 768 826 excusationis
821 795 965 836 genus
1017 780 1341 830 obtendentes,
1397 791 1554 820 omnes
1605 776 1780 832 pariter

282 844 528 885 miliciama
575 842 911 884 detrectabant.
984 840 1090 895 Ipse
1138 841 1313 888 tamen,
1367 852 1425 879 ne
1477 838 1662 878 tantum
1711 835 1780 878 rei

281 903 494 958 publicae
542 901 832 943 commodum
880 895 1015 942 casub
1063 898 1271 940 oblatum
1323 911 1406 938 sua
1450 895 1636 950 ignavia
1687 908 1779 936 cor-

74 965 583 1017 (m.s0p2.2ruwnperet11r‚
627 960 837 1015 gregario
878 961 1062 1000 tantum
1105 972 1156 999 ac
1198 957 1378 1012 privato
1415 953 1564 997 milite
1596 955 1779 996 conten·
1794 968 1829 993 10

281 1024 375 1069 tus,
424 1021 595 1062 infesto
644 1019 847 1062 exercitu
894 1019 1127 1073 ingressus
1175 1019 1244 1058 est
1285 1015 1537 1070 Ungariam
1585 1015 1631 1056 et
1671 1027 1779 1055 non-

282 1081 433 1121 nullas
474 1081 571 1122 eius
612 1079 821 1134 regiones
863 1077 1097 1119 hostiliter
1137 1075 1411 1131 peragravit.
1474 1074 1618 1115 Porro
1659 1072 1778 1121 Ioas,

282 1141 360 1194 qui
376 1139 628 1193 Ungariam
646 1139 962 1193 occupaverat,
987 1138 1222 1190 comperto
1245 1135 1342 1177 eius
1364 1134 1579 1183 adventu,
1603 1145 1782 1173 summa

281 1199 511 1240 industria
531 1199 580 1239 id
603 1212 788 1252 operam
812 1197 952 1246 dedit,
987 1198 1040 1236 ut
1062 1196 1111 1236 in
1132 1195 1258 1244 locis,
1292 1194 1341 1235 in
1363 1193 1530 1247 quibus
1550 1191 1773 1246 irruptioc

282 1259 485 1300 hostium
532 1258 797 1306 timebatur,
846 1256 965 1296 nihil
1012 1255 1221 1296 homines
1269 1253 1612 1301 alimentorum,
1661 1249 1781 1291 nihil
1795 1264 1831 1290 15

283 1318 501 1359 animalia
526 1317 802 1372 pabulorum
834 1315 1101 1369 reperirent,
1136 1316 1182 1355 et
1215 1313 1279 1354 sic
1311 1313 1409 1366 ipse
1442 1326 1546 1353 cum
1568 1309 1780 1352 omnibus

283 1374 402 1418 suisd
430 1377 479 1417 in
502 1376 732 1430 quandam
764 1374 961 1415 insulam
995 1375 1183 1428 propter
1214 1372 1419 1413 locorum
1453 1369 1782 1411 difficultatem

283 1436 469 1477 omnino
502 1435 713 1476 hostibus
754 1433 1143 1475 inaccessibileme
1184 1445 1230 1472 se
1264 1430 1476 1472 contulit.
1540 1427 1781 1470 Exercitus

281 1495 415 1549 regis,
460 1494 538 1548 qui
579 1494 637 1534 ad
675 1493 797 1534 tanti
809 1489 825 1515 f
862 1492 975 1534 belli
1016 1490 1463 1532 administrationem
1505 1487 1623 1528 nihil
1665 1501 1780 1528 sum-

284 1556 448 1609 ptuum
481 1554 819 1608 preparaverat,
854 1551 1122 1606 gravissima
1148 1549 1306 1590 statim
1338 1548 1580 1589 laborabat
1611 1546 1780 1596 inedia,
1794 1562 1831 1587 20

284 1614 398 1655 adeo
436 1615 489 1653 ut
522 1612 730 1654 homines
771 1611 1025 1666 plerosque,
1069 1609 1288 1650 animalia
1321 1621 1437 1662 pene
1470 1606 1623 1648 omnia
1655 1605 1783 1647 brevi

284 1672 550 1727 pestilentia
582 1674 628 1713 et
660 1672 806 1712 fames
829 1670 1164 1712 consumerent.
1213 1667 1344 1719 Quag
1369 1665 1644 1708 necessitate
1667 1678 1782 1706 00111-

284 1732 443 1786 pulsus
484 1746 572 1779 rex,
615 1730 746 1772 nullo
786 1729 958 1784 insigni
1004 1728 1209 1770 facinore
1257 1727 1534 1782 perpetrato,
1577 1723 1784 1778 Ungaria

136 1805 212 1836 sept.
225 1806 268 1830 29.
285 1791 478 1833 excessit
492 1791 519 1841 ¹,
563 1792 609 1832 et
650 1791 754 1845 post
794 1790 967 1831 festum
1009 1787 1157 1829 sancti
1197 1785 1440 1828 Michaelis
1471 1783 1783 1825 Wormaciam

210 1864 268 1889 Oct.
284 1864 503 1899 reversus,
538 1849 762 1891 ordinatis
793 1849 859 1890 ibi
891 1862 973 1902 pro
1004 1850 1211 1901 tempore
1245 1847 1292 1887 et
1324 1844 1456 1899 copia
1486 1843 1618 1898 regni
1648 1856 1783 1897 nego·
1795 1858 1832 1884 25

169 1924 273 1956 (Nor.)
286 1910 385 1960 ciis,
435 1909 736 1963 Ratisponam
783 1908 922 1949 rediit
937 1908 963 1957 2,
1023 1906 1296 1960 dispositum
1343 1904 1519 1945 habens
1565 1902 1614 1943 id
1660 1901 1784 1956 quod

174 1984 273 2015 (Dec.)
286 1969 513 2022 reliquum
555 1970 654 2010 erat
693 1967 914 2021 temporis
955 1979 1099 2020 usque
1141 1965 1199 2006 ad
1240 1958 1471 2005 natalemh
1509 1961 1698 2003 Domini
1733 1960 1784 2000 in

286 2023 607 2082 peragrandisi
658 2026 898 2067 Baioariae
946 2027 1084 2079 atque
1131 2018 1466 2065 Alemanniaek
1517 2020 1783 2062 civitatibus

285 2086 302 2126 i
337 2100 514 2127 sumere
528 2086 557 2125 3.

429 2139 799 2185 Hildebrandusl
841 2157 961 2197 papa
1003 2157 1108 2183 cum
1149 2141 1374 2196 episcopis
1417 2139 1584 2180 Italiae
1626 2150 1833 2181 conve-ao

286 2203 417 2245 niens
458 2204 550 2244 iam
581 2202 902 2256 frequentibus
935 2201 1107 2242 sinodis
1118 2201 1191 2224 ΠΜ
1224 2201 1500 2248 decreverat,
1543 2200 1596 2238 ut
1629 2210 1784 2238 secun-

287 2263 397 2304 dum
437 2262 656 2303 instituta
696 2261 990 2314 antiquorum
1032 2273 1258 2300 canonum
1301 2257 1577 2312 presbiterin
1619 2268 1784 2297 uxores

286 2367 315 2397 a)
334 2366 481 2390 maliciam
499 2366 579 2391 Bla.
653 2363 683 2397 b)
703 2371 803 2389 casum
822 2364 848 2388 B
860 2362 903 2388 lb.
978 2360 1004 2394 c)
1023 2362 1138 2392 irrupto
1157 2361 1221 2386 Al.
1287 2360 1317 2390 d)
1336 2360 1412 2384 deest
1430 2359 1492 2384 Bl.
1505 2359 1532 2383 2.
1597 2357 1625 2390 e)
1644 2357 1785 2382 inacessi-

288 2402 375 2426 bilem
394 2402 472 2426 Bla.
547 2402 571 2431 f)
589 2400 672 2425 tanta
690 2400 753 2424 132.
809 2400 840 2430 g)
860 2398 937 2428 Quia
955 2398 1040 2429 B1⁸;
1061 2396 1119 2427 Qui
1138 2396 1235 2421 eadem
1255 2402 1345 2419 manu
1364 2402 1440 2420 corr.
1460 2394 1526 2424 Qua
1544 2392 1626 2418 ΒΡ).
1672 2391 1713 2426 11)
1731 2392 1785 2418 nat

287 2437 314 2461 Β
324 2439 371 2470 1¹²3
390 2437 578 2462 nativitatem
597 2436 623 2460 B
634 2434 677 2460 lb.
689 2435 716 2460 2.
793 2433 814 2467 i)
833 2433 1009 2466 peragendis
1028 2433 1055 2457 B
1066 2434 1108 2457 la,
1182 2431 1214 2464 k)
1234 2430 1386 2455 Alemanie
1405 2430 1432 2454 B
1442 2429 1486 2454 lh.
1499 2430 1526 2454 2.
1599 2429 1620 2459 l)
1639 2428 1784 2460 sequentia
1797 2431 1832 2456 35

286 2486 322 2490 —-
336 2480 369 2504 p.
385 2473 446 2504 ⁶202,
467 2473 487 2497 l.
502 2472 529 2497 3.
549 2472 633 2496 habet
651 2470 733 2496 331³.
824 2468 864 2502 m)
888 2477 953 2501 syn.
974 2469 1037 2493 Al.
1057 2468 1136 2492 B112.
1148 2466 1194 2492 3¹².
1276 2464 1309 2498 n)
1327 2465 1405 2496 patri
1426 2465 1493 2497 Α1ς
1514 2467 1616 2496 patres
1635 2464 1703 2488 Al·
1723 2463 1785 2496 (secl

289 2508 369 2533 Schr.
390 2515 465 2533 corr.
485 2506 679 2539 presbyteri);
709 2506 758 2538 PH
776 2504 856 2538 1331),
878 2507 908 2529 ut
929 2504 1101 2535 archetypus
1119 2502 1253 2527 habui-sse
1271 2502 1392 2525 videtur.

290 2590 324 2634 1)
341 2591 396 2632 Cf.
415 2590 598 2625 Berthotd.
616 2589 730 2632 (Arm.
749 2589 784 2623 S.
803 2588 939 2629 Blasio)
958 2597 998 2629 p.
1017 2587 1107 2625 277;
1132 2586 1228 2619 Ann.
1248 2584 1396 2626 Ybury.7
1424 2582 1488 2617 SS.
1507 2582 1548 2615 X
1552 2582 1611 2623 VI,
1633 2593 1672 2624 p.
1691 2583 1785 2620 436,-

289 2638 428 2680 Mellz'c„
460 2637 522 2673 SS.
546 2638 614 2680 IX,
646 2648 681 2680 p.
699 2638 792 2676 499,·
826 2636 990 2677 Auqnst„
1025 2632 1089 2667 SS.
1113 2632 1194 2673 III,
1217 2642 1254 2674 p.
1275 2633 1366 2669 12&
1400 2631 1513 2663 Notae
1535 2629 1782 2671 Weltenlmry„

289 2685 353 2720 SS.
376 2685 503 2727 XVII,
537 2696 577 2728 p.
602 2685 695 2724 572‚·
729 2684 824 2716 Amz.
854 2681 997 2723 ottenb„
1033 2680 1098 2714 SS.
1122 2680 1161 2722 V,
1196 2690 1232 2722 p.
1258 2680 1300 2718 7,·
1337 2679 1459 2711 Simon
1485 2678 1526 2710 de
1554 2677 1650 2709 Κεῖοι
1681 2677 1703 2711 l.
1729 2675 1832 2717 II,40

290 2733 353 2767 SS.
371 2733 515 2775 XXIX,
540 2744 576 2776 p.
596 2733 686 2771 544,·
711 2731 908 2772 Bitdinyer,
931 2728 1019 2761 ‘Ein
1036 2727 1137 2760 Buch
1161 2725 1400 2768 Unyartscher
1419 2724 1553 2761 Geschl
1574 2736 1612 2767 p.
1630 2724 1784 2759 43—48.

289 2779 325 2821 2)
357 2779 425 2812 Ubi
454 2780 509 2812 die
539 2779 628 2814 Nov.
655 2779 712 2813 26.
747 2778 906 2821 diploma
936 2776 1030 2808 dedit
1065 2774 1135 2817 (St.
1162 2775 1284 2814 2782).
1401 2774 1436 2815 3)
1460 2771 1642 2805 Berthold.
1669 2771 1783 2813 (Arm.

289 2826 327 2861 S.
344 2827 480 2868 Blasii)
507 2827 531 2861 Z.
551 2827 574 2861 Ζ.
585 2837 597 2858 .·
621 2837 687 2870 per
704 2824 911 2869 Augustam
929 2824 965 2856 et
981 2821 1143 2865 Augiam
1160 2819 1403 2864 Argentinam
1421 2818 1578 2854 devenit.
1643 2819 1680 2859 4)
1705 2818 1784 2850 Una

288 2877 429 2906 tantum
446 2885 479 2908 a.
491 2875 595 2915 1074,
613 2883 727 2906 mense
739 2873 876 2905 Martio
891 2870 1063 2903 celebrata
1076 2868 1289 2910 (Marianus
1303 2867 1448 2908 Scottus,
1468 2866 1531 2900 SS.
1547 2866 1586 2907 V,
1603 2877 1640 2908 p.
1651 2866 1722 2901 560
1731 2874 1783 2907 sq.

287 2920 399 2961 XIII,
420 2931 458 2964 p.
478 2922 523 2955 78
540 2922 621 2963 sq).
662 2920 878 2962 Lampertus
896 2921 1020 2960 postea
1044 2915 1199 2949 scribens
1222 2925 1311 2958 quae
1332 2918 1451 2958 postea
1478 2917 1557 2946 acta
1582 2915 1665 2946 sunt
1690 2912 1831 2953 fal-9045

289 2969 466 3010 antecepit.
519 2968 574 3008 Cf.
603 2967 710 3009 Jaffe',
739 2967 824 3009 Rey.
845 2969 944 3008 pont.
972 2964 1027 2998 ed.
1047 2965 1079 2998 2.
1107 2963 1137 3005 I,
1162 2974 1198 3006 p.
1218 2964 1286 2997 603
1304 2972 1354 3004 sq.
