2014 3184
343 196 616 235 LAMPERTI
640 193 939 232 INSTITUTIO
964 187 1363 228 HERVELDENSIS
1389 184 1527 222 ECOL.
1625 183 1695 219 349

185 323 404 373 tuarium,
427 319 638 363 tabulam
662 331 844 374 quoque
867 315 1029 358 altaris
1052 311 1312 368 composuit
1326 310 1341 335 ¹
1358 306 1493 363 [ete.],
1518 307 1695 349 dicens:

184 381 384 434 Domine,
418 378 551 423 dilexi
582 379 771 420 decorem
802 376 950 418 domus
981 378 1077 415 tuae
1109 369 1231 426 [eta]
1268 373 1476 424 tempore
1510 365 1698 409 Ottonis
1713 380 1760 405 1²³.
1773 378 1817 411 25,
1829 378 1856 404 8.

187 441 392 493 secundi,
435 438 532 494 [qui
564 436 846 480 Rubicundus
877 430 1132 485 dicebaturJ.
1197 430 1299 482 Quo
1331 431 1529 478 mortuo,
1570 425 1698 468 Otto·
1713 428 1794 464 983.

185 517 295 546 nem
316 501 466 544 filium
486 498 676 553 reliquit
698 495 917 539 heredem
939 492 1206 548 parvulum;
1242 490 1317 532 cui
1343 491 1538 544 patruus
1559 485 1700 527 Hein-

159 563 340 608 aricus⁸
375 573 571 616 regnum
604 556 851 612 subripuit.
915 553 1033 594 Inde
1065 550 1297 593 Ludolfus
1333 549 1482 590 frater
1514 544 1701 588 Ottonis

188 623 313 666 idem
345 618 647 674 attemptavit
660 617 689 657 2.
744 615 836 658 Sed
868 614 1147 669 optimatum
1181 609 1328 651 maior
1358 608 1427 650 vis
1459 605 1702 659 utriusque

191 683 411 726 conatum
459 677 694 734 repressit.
769 674 929 716 Abbas
981 665 1285 720 Gozbertusb,
1340 667 1449 722 quia
1500 663 1703 707 Ludolfo

191 741 438 791 iuraverat,
467 737 632 781 Ottoni
657 737 809 778 iurare
837 733 1003 775 noluit.
1053 731 1258 784 Ideoque
1282 727 1536 776 discedens,
1565 725 1800 768 Rern-985.

193 801 351 844 harius
393 813 449 842 ex
490 797 695 840 eiusdem
737 792 1007 836 monasterii
1039 790 1275 846 preposito
1308 788 1451 829 abbas
1484 783 1705 827 successit

147 881 181 906 10
194 859 449 916 superstiti.
512 857 645 899 Idem
688 855 880 897 calicem
921 865 1140 906 magnum
1180 863 1286 891 cum
1318 847 1499 889 duabus
1532 843 1706 886 ansulis

196 935 251 964 ex
298 933 414 975 puro
456 931 582 967 auro,
632 915 805 958 electro
851 915 898 955 et
939 909 1203 966 margaritis
1252 905 1550 962 comparavit.
1614 903 1706 944 Hic

196 978 529 1023 monasterium
571 976 660 1018 sibi
701 972 962 1017 construxit
1002 971 1212 1012 Montem
1256 966 1416 1009 Sancti
1447 964 1598 1014 Petri;
1642 962 1708 1004 ibi
1724 973 1826 1006 1003.

198 1055 303 1083 cum
351 1038 445 1080 suis
492 1035 722 1078 militibus
767 1033 975 1076 residens
1021 1030 1160 1072 rebus
1207 1025 1478 1069 monasterii
1519 1023 1707 1079 profuse

198 1099 433 1148 utebatur,
476 1095 702 1138 fratribus
739 1092 932 1135 licentia
963 1090 1187 1146 permissa
1218 1087 1306 1129 sibi
1337 1085 1524 1128 vivendi
1555 1084 1605 1124 in
1637 1082 1709 1124 de·
1725 1073 1937 1133 Lemana-1,

152 1173 187 1200 15
199 1159 359 1203 terius.
422 1157 553 1198 Haec
593 1157 802 1209 tempore
834 1150 1049 1194 Heinrici
1084 1146 1378 1203 imperatoris
1410 1140 1607 1198 [saneta]
1651 1142 1710 1183 ad

201 1233 338 1274 quem
370 1215 587 1260 effrenati
618 1213 834 1256 monachi
867 1212 1030 1253 contra
1062 1209 1280 1251 abbatem
1314 1203 1556 1259 conquesti
1588 1203 1709 1244 sunt.

202 1278 294 1331 Qui
334 1277 526 1319 mittens
568 1275 627 1316 ad
668 1272 952 1314 Altahense⁰
998 1267 1331 1311 monasterium
1374 1264 1580 1307 eiusdem
1622 1260 1714 1303 loci

203 1337 363 1381 abbati
395 1334 678 1378 Godehardo
720 1330 950 1375 commisit
983 1322 1329 1371 Herveldense‘1
1367 1322 1712 1371 monasterium,

203 1397 327 1453 quod
367 1398 527 1438 tamen
567 1408 661 1436 non
702 1390 982 1446 acceptavit,
1026 1389 1173 1430 donec
1215 1385 1355 1441 paulo
1397 1385 1502 1439 post
1543 1381 1716 1424 obisset
1732 1383 1834 1420 1005.

156 1473 192 1499 20
204 1456 489 1508 Bernharius
503 1455 531 1495 3.
579 1453 709 1495 Tunc
732 1450 982 1494 destructis
1005 1448 1134 1491 cellis
1159 1444 1490 1502 proprietariis,
1523 1440 1717 1484 intravit

205 1517 457 1560 reformare
498 1515 548 1556 in
586 1512 752 1555 melius
765 1511 795 1551 4.
857 1510 1072 1564 Regnum
1105 1521 1151 1549 se
1185 1505 1416 1560 accepisse
1450 1502 1580 1552 dixit,
1624 1514 1718 1542 non

208 1575 561 1624 monasterium
606 1573 803 1625 ideoque
845 1569 1046 1625 plurima
1087 1566 1296 1622 preciosa
1337 1563 1467 1606 dedit
1509 1560 1717 1617 pauperi-

209 1637 308 1679 bus.
358 1634 512 1676 Stolas
544 1645 707 1674 aureas
739 1631 963 1672 ducentas
987 1626 1205 1670 conflavit
1237 1638 1320 1679 per
1350 1624 1519 1678 ignem,
1554 1634 1718 1662 aurum

209 1694 490 1751 pauperibus
513 1691 766 1734 distribuit.
821 1687 1141 1736 Godehardus,
1174 1686 1358 1726 mortuo
1382 1683 1597 1737 episcopo
1620 1678 1718 1720 Hil-
1734 1684 1837 1719 1022.

162 1771 196 1796 25
211 1752 506 1803 desemensi5,
539 1751 715 1793 ibidem
747 1749 989 1804 episcopus
1021 1744 1299 1787 instituitur.
1349 1741 1580 1783 Successit
1605 1739 1719 1780 Her-

211 1909 240 1939 a)
250 1906 394 1968 1(ὶίἰιπίο-ιιὶ
407 1905 580 1965 {len-umque
599 1910 634 1934 c.,
655 1901 741 1927 semel
754 1900 904 1926 hem-icus.
960 1898 991 1930 b)
1011 1897 1174 1924 Gosbertus
1189 1903 1212 1921 c.
1270 1894 1297 1927 c)
1318 1893 1494 1919 althahense
1508 1899 1532 1917 c.
1590 1889 1619 1923 d)
1639 1890 1721 1915 hers-

211 1950 248 1970 νε
283 1948 352 1968 ense
394 1959 401 1967 .
429 1959 436 1965 .
457 1947 481 1966 c.

214 2061 250 2105 1)
274 2061 464 2103 Hucusque
497 2059 677 2101 inteqrum
711 2059 846 2091 temtum
882 2053 991 2088 libelli
1023 2052 1219 2086 monachus
1249 2049 1557 2084 Hamerslebensis
1590 2047 1725 2080 dedisse

213 2109 365 2151 videtur,
401 2106 532 2141 abhinc
556 2107 631 2139 iam
651 2115 773 2148 pauca
798 2103 982 2146 excerpsit.
1092 2101 1130 2143 2)
1154 2099 1336 2141 Dudolfus
1360 2098 1482 2139 frater
1510 2095 1647 2129 Ottonis
1671 2093 1723 2129 II.

167 2159 288 2191 aniam
322 2166 358 2192 a.
381 2156 463 2191 957.
497 2154 593 2189 obiit.
646 2152 725 2187 Otto
755 2151 830 2188 ΙΙΙ.
864 2150 1007 2184 nullum
1042 2148 1168 2182 habuit
1202 2148 1368 2189 fratre-m.
1427 2146 1506 2185 Qua
1540 2144 1582 2176 de
1615 2151 1726 2176 causa

217 2204 411 2239 Gozbertus
447 2201 628 2236 abbatiam
665 2212 700 2236 a.
728 2201 810 2236 985.
847 2198 1025 2232 dimiserit
1063 2196 1127 2239 (cf.
1166 2205 1281 2239 supra
1314 2204 1354 2237 p.
1384 2194 1462 2235 46),
1502 2192 1725 2234 iynoramus.

214 2253 253 2296 3)
276 2251 334 2293 Cf.
360 2250 555 2292 Wolfherii
576 2249 646 2284 Vit.
675 2247 885 2282 Godehardi
905 2250 997 2291 post.
1022 2255 1049 2280 c.
1065 2246 1098 2286 7,
1133 2243 1198 2277 SS.
1218 2242 1289 2284 XI,
1320 2252 1360 2284 p.
1379 2242 1450 2276 200
1467 2250 1530 2282 sq.‚
1568 2239 1632 2281 qui
1655 2247 1726 2270 non

218 2299 474 2334 Godehardum
499 2297 680 2331 abbatiam
705 2296 862 2330 oblatam
886 2294 1075 2337 respuisse,
1103 2292 1163 2325 sed
1188 2300 1304 2332 reyem
1330 2287 1512 2322 monachis
1537 2286 1579 2319 de
1603 2285 1727 2318 abbate

215 2358 280 2382 suo
303 2345 594 2390 conquerentibus
611 2355 684 2378 non
701 2344 898 2378 obsecutum
914 2352 986 2376 esse
1002 2341 1098 2374 dicit.
1173 2338 1210 2381 4)
1236 2337 1291 2379 Cf.
1314 2335 1511 2377 Wolfherii
1531 2334 1561 2366 V
1561 2335 1597 2366 it.
1615 2332 1726 2365 Gode-

169 2403 204 2430 85
217 2395 330 2430 hardi
349 2395 468 2439 prior.
493 2404 522 2429 c.
551 2394 607 2435 13,
644 2391 708 2427 SS.
735 2391 807 2434 XI,
838 2402 875 2434 p.
903 2391 971 2425 177
989 2399 1040 2431 sq.
1052 2398 1065 2427 ,¹
1096 2388 1188 2431 post.
1221 2396 1249 2420 c.
1278 2386 1311 2426 7,
1348 2384 1371 2418 l.
1400 2383 1424 2417 ἰ.
1474 2382 1609 2421 Nescio,
1635 2379 1728 2412 unde

217 2443 377 2486 evenerit,
413 2445 454 2475 ut
487 2442 583 2475 inter
607 2440 782 2482 imayines
816 2438 984 2471 abbatum
1009 2433 1319 2476 Hersfeldensium
1350 2432 1389 2463 in
1423 2429 1566 2463 castello
1593 2427 1727 2460 Eia-hen

212 2491 399 2534 pictarum
419 2492 500 2532 post
518 2488 766 2522 Bernharium
791 2486 988 2526 Libentius,
1016 2483 1081 2526 qui
1100 2485 1222 2526 postea
1248 2479 1534 2521 archa'episcolms
1552 2475 1729 2509 Hamma-

219 2537 407 2580 buryensis
426 2537 510 2579 fuit,
536 2536 695 2579 depictus
711 2538 808 2576 esset,
836 2533 894 2566 his
911 2531 1069 2565 versibus
1086 2528 1306 2571 subscriptis,
1334 2536 1426 2570 quas
1442 2524 1553 2558 edidit
1571 2523 1616 2555 W
1614 2522 1729 2556 inhel-

219 2595 343 2626 mann,
375 2583 584 2624 ‘Warhafte
613 2581 876 2623 Beschreibunq
909 2580 974 2612 der
1008 2575 1309 2611 Fic'rstenthic‘mer
1342 2573 1476 2607 Hessen
1511 2571 1586 2604 varod
1617 2570 1730 2604 Hers-

172 2641 208 2666 40
221 2631 312 2674 feld'
338 2631 510 2675 (Bremen
537 2631 648 2672 1697)
668 2641 707 2673 p.
725 2630 818 2665 260:

436 2676 526 2712 Post
550 2676 648 2711 hunc
672 2679 817 2720 sceptra
842 2673 940 2719 capit
964 2672 1100 2718 pietate
1126 2668 1331 2704 Lubentius
1358 2678 1484 2702 omnes

509 2723 615 2759 Inter
638 2723 852 2768 conspicuos
876 2733 944 2756 nec
969 2719 1148 2766 gravitate
1173 2717 1304 2752 minor.

437 2770 557 2817 Quem
583 2771 729 2815 Brema,
754 2769 909 2805 literulis
935 2770 1128 2813 postquam
1154 2765 1310 2809 polleret
1335 2766 1373 2798 et
1397 2764 1486 2807 arte,

509 2818 693 2853 praesulis
718 2829 795 2853 esse
821 2818 902 2852 loco
928 2816 1056 2859 iusque
1082 2813 1203 2848 subire
1229 2811 1342 2846 iubet.

176 2869 261 2914 455)
293 2868 528 2902 Bernwardo.
