2014 3184
373 165 445 201 410
861 173 1023 211 INDEX
1048 177 1398 222 LOCUTIONUM.

370 293 394 315 v
404 282 416 316 i
427 293 446 317 c
457 283 469 317 i
479 284 502 318 b
514 297 537 319 u
547 297 563 320 s
585 286 728 332 gladius
741 290 978 329 vehementer
992 307 1100 343 ange·
1150 311 1232 335 rum
1267 313 1286 337 c
1297 313 1317 338 e
1330 315 1349 338 r
1358 305 1403 339 vi
1413 317 1432 340 c
1442 306 1488 342 ib
1498 319 1522 342 u
1532 319 1548 342 s
1581 309 1725 355 gladius
1754 312 1874 349 immi-

369 329 433 364 bat
468 334 524 376 97,
539 344 584 369 30.
619 355 666 360 —
700 340 800 372 metu
834 340 946 385 gladii
981 343 1099 380 immi·
1148 348 1270 386 nebat.

368 378 487 413 nentis
513 382 654 425 221,1o.
676 404 718 409 —
743 397 838 430 pene
863 388 1097 428 incumbente

366 424 439 459 iam
457 428 656 465 cervicibus
674 442 801 468 eorum
826 434 949 471 hostili
973 439 1095 484 gladio

367 474 561 566 2331381111,
591 525 689 568 quod
714 529 994 567 cervicibus
1020 535 1093 570 suis

363 566 609 615 impendebat,
618 573 1036 626 animadverteruntl48,
1045 593 1090 619 20.

365 634 406 639 -—
425 616 573 662 malum,
600 620 698 664 quod
724 623 924 660 cervicibus
949 627 1089 673 impen-
1139 659 1148 668 .
1169 660 1176 668 .
1196 661 1204 668 .

361 660 482 708 debat,
501 665 738 704 adverterunt
754 673 892 716 210,15.
909 694 951 699 —-
965 675 1089 711 Amici

358 710 456 755 regis
491 740 498 747 .
532 741 540 748 .
575 741 583 749 .
618 716 818 753 cervicibus
847 720 1088 758 imminebant

358 758 440 801 259,
455 770 501 795 20.

404 805 528 840 liberis
563 819 581 842 c
592 819 611 843 e
621 820 640 843 r
649 810 745 845 vici
756 812 779 846 b
790 824 815 847 u
825 825 841 848 s
873 814 1086 853 durissimae

356 853 539 888 servitutis
564 855 691 901 iugum
716 858 927 904 imponatur
942 866 1083 908 278,10.

402 997 442 1028 ut
467 1006 488 1030 a
514 998 793 1036 cervicibus
829 1004 900 1039 suis
936 1005 1082 1042 durissi—

351 1052 433 1076 mae
474 1045 658 1080 servitutis
698 1047 825 1094 iugum
869 1057 1082 1091 excuterent

350 1090 431 1134 272,
446 1101 472 1126 5.
503 1112 543 1116 ——
572 1104 643 1137 qua
676 1094 803 1141 iugum
834 1098 1081 1144 iniquissimae

349 1135 607 1174 dominationis
642 1143 841 1179 cervicibus
872 1148 945 1182 suis
971 1161 1079 1185 excu-

347 1186 468 1219 terent
497 1189 574 1231 150,
591 1199 634 1224 15.
655 1210 696 1214 ——
715 1190 853 1238 iugum,
879 1196 978 1240 quod
1000 1209 1078 1233 cer-

346 1231 484 1266 vicibus
514 1236 646 1270 nostris
672 1237 871 1286 impendet,
908 1248 1077 1281 excutere

346 1280 560 1316 conabimur
587 1286 724 1328 155,15.

393 1338 438 1360 ne
465 1355 473 1363 .
501 1357 508 1364 .
537 1358 543 1364 .
571 1331 702 1365 vulnus
736 1345 862 1370 recens
895 1337 1013 1373 adhuc
1039 1342 1076 1375 et

343 1374 498 1409 necdum
517 1376 554 1410 in
573 1378 856 1416 cicatricem
874 1384 1073 1421 obductum

342 1421 445 1455 novis
473 1422 659 1459 doloribus
682 1429 933 1466 exulcerarent
954 1435 1070 1478 85,15.

344 1487 385 1491 ——
422 1470 520 1513 quod
558 1471 722 1508 dolorem
758 1476 970 1524 pristinum,
1009 1483 1071 1526 qui

340 1515 496 1550 necdum
530 1518 569 1552 in
607 1520 810 1558 cicatricem
846 1529 967 1562 cutem
1005 1529 1069 1563 ob-

340 1561 511 1609 duxisset,
546 1569 753 1604 recentibus
789 1571 930 1607 iniuriis
967 1577 1068 1611 exul-

339 1615 521 1646 cerassent
548 1615 628 1659 185,
642 1626 668 1651 5.
698 1637 740 1642 -—
768 1621 809 1652 ut
835 1648 842 1655 .
863 1649 897 1656 ..
925 1623 1066 1669 vulnus,

338 1657 435 1700 quod
459 1671 682 1706 prepropere
708 1664 745 1698 in
771 1666 978 1704 cicatricem
1004 1673 1066 1706 ob-

337 1704 420 1739 duci
461 1709 658 1754 metuebat,
700 1714 907 1749 recentibus
948 1718 1064 1764 plagis

336 1753 609 1790 exulceraretur
644 1760 726 1804 230,
740 1772 785 1797 20.
826 1782 868 1787 -
907 1767 949 1798 ut
983 1794 991 1802 .
1020 1793 1027 1800 .
1055 1795 1063 1803 .

333 1800 465 1834 vulnus
502 1804 656 1838 meroris
691 1834 699 1842 .
727 1835 734 1842 .
763 1836 769 1844 .
806 1809 878 1844 cito
914 1839 922 1847 .
949 1841 957 1848 .
985 1840 993 1848 .
1025 1814 1063 1848 in

334 1847 537 1884 cicatricem
564 1853 790 1890 occalluisset
813 1860 954 1902 318,15.

380 1897 422 1928 ut
438 1907 484 1930 ne
509 1898 719 1935 cicatrix
737 1903 884 1946 quidem
900 1906 938 1940 in
956 1919 1061 1953 argu-

331 1944 495 1977 mentum
528 1945 673 1981 lesionis
699 1949 856 1986 abolitae
881 1954 1060 2000 relinque-

330 1991 431 2023 retur
458 1993 536 2035 126,
551 2004 596 2030 20.
625 2014 668 2019 —
694 1997 794 2031 nulla
819 2001 942 2035 tantae
968 2004 1060 2037 cala-

329 2036 466 2070 mitatis
497 2050 544 2073 ne
570 2040 737 2077 cicatrice
762 2045 909 2088 quidem
935 2060 1059 2094 super-

329 2083 412 2117 stite
438 2087 519 2129 337,
537 2097 581 2122 15.

376 2131 535 2176 undique
585 2134 1058 2183 circumspectantes

326 2177 488 2222 gladium
523 2182 560 2214 et
595 2182 640 2216 ad
673 2186 872 2227 quemlibet
900 2192 1056 2232 perstre-

324 2226 444 2268 pentis
479 2238 588 2262 aurae
620 2231 780 2266 sonitum
815 2259 824 2268 .
852 2263 858 2270 .
887 2264 894 2271 .
930 2236 1054 2271 interi-

325 2275 403 2306 tum
429 2273 667 2311 formidantes
694 2281 833 2324 156,15.

371 2319 430 2354 Ibi
454 2322 614 2365 primum
632 2325 821 2371 episcopus
847 2329 1052 2366 circum-

322 2370 517 2403 ventum
553 2382 590 2405 se
622 2372 751 2408 fraude
787 2401 794 2409 .
822 2404 829 2412 .
859 2405 866 2412 .
902 2389 1050 2414 suorum

323 2413 480 2449 advertit
514 2420 655 2461 207,15.
693 2441 735 2445 —
772 2422 855 2458 dolo
892 2436 952 2460 eos
983 2428 1049 2461 cir·

321 2463 528 2498 cumvenire
562 2467 742 2510 parabant
778 2473 916 2516 171,10.
943 2494 988 2499 —
1020 2475 1050 2509 si

319 2508 391 2542 suis
434 2513 597 2546 extrema
641 2517 855 2552 necessitate
896 2520 1048 2556 circum-

317 2556 435 2590 ventis
460 2569 534 2592 non
560 2562 764 2597 consuleret
788 2567 868 2611 160,
883 2578 926 2603 25.
946 2589 991 2593 —
1010 2580 1047 2604 se

316 2627 326 2637 .
347 2630 353 2637 .
374 2631 381 2638 .
407 2603 574 2640 Heinrici
599 2607 788 2654 diligentia
817 2612 868 2647 ita
894 2614 1045 2650 circum-

315 2652 467 2685 ventum
492 2655 573 2698 303,
589 2666 632 2691 10.

364 2709 476 2732 unum
504 2725 512 2734 .
531 2728 538 2736 .
560 2729 566 2736 .
595 2702 750 2738 citato
776 2709 952 2749 quantum
977 2721 1042 2754 po-

313 2745 410 2778 terat
437 2757 530 2790 equo
558 2750 788 2796 premittunt,
815 2754 877 2798 qui
902 2755 1041 2792 litteras

351 2817 359 2824 .
387 2819 394 2826 .
422 2792 468 2826 ad
492 2806 617 2840 regem
650 2798 811 2841 perferat
843 2804 901 2847 86,
916 2813 960 2839 35.
996 2824 1037 2829 —

1191 538 1259 574 Cic.
1280 540 1381 577 Tusa.
1404 543 1442 586 V,
1460 546 1525 587 21,
1543 547 1600 582 62.
1622 547 1788 592 gladium
1805 579 1813 587 .
1833 576 1841 586 .
1860 579 1868 589 .

1141 584 1284 620 demitti
1309 588 1423 634 iussit,
1449 593 1490 625 ut
1515 592 1744 639 impenderet
1772 597 1868 634 illius

1229 635 1520 675 cervicibus.
1541 661 1582 666 -—
1602 642 1694 680 Sall.
1709 645 1785 682 cat.
1807 648 1865 684 28.

1138 683 1315 724 quantum
1359 685 1512 728 periculi
1548 689 1689 724 consuli
1727 691 1868 737 impan—

1137 726 1232 764 deat.
1259 749 1304 754 —
1335 731 1473 768 Terent.
1498 735 1645 773 Phorm.
1677 738 1735 783 II,
1762 742 1803 785 2,
1829 743 1865 779 2.

1135 776 1238 810 tanta
1261 778 1298 811 te
1323 777 1537 823 impendent
1561 784 1669 820 mala.

1183 823 1313 860 lustin.
1339 826 1399 870 VI,
1420 829 1453 870 9,
1473 830 1504 864 7.
1530 832 1572 864 ut
1598 859 1605 867 .
1633 857 1642 866 .
1669 860 1676 868 .
1704 834 1864 871 cervi-

1134 869 1269 905 cibus
1294 873 1409 908 veluti
1442 875 1569 922 iugum
1602 879 1786 917 servitutis
1809 882 1864 918 in-

1132 921 1296 960 poneret.
1326 940 1368 945 —
1394 923 1472 959 Act.
1501 926 1557 968 15,
1585 928 1639 964 10.
1671 927 1860 973 imponere

1132 963 1259 1010 iugum
1277 978 1386 1012 super
1403 970 1560 1006 cervices
1585 973 1859 1020 discipulorum.

1183 1013 1267 1049 Gen.
1304 1017 1362 1058 27,
1397 1019 1453 1054 40.
1497 1030 1580 1054 cum
1622 1023 1783 1059 excutias
1820 1027 1858 1060 et

1131 1059 1249 1094 solvas
1286 1062 1413 1108 iugum
1448 1065 1524 1100 eius
1561 1067 1607 1102 de
1645 1071 1856 1107 cervici-

1130 1106 1215 1141 bus
1249 1109 1342 1154 tuis3
1383 1112 1463 1148 Gal.
1493 1116 1533 1158 5,
1561 1117 1592 1151 1.
1627 1116 1714 1163 iugo
1746 1119 1857 1155 servi·

1129 1155 1227 1191 tutis.
1256 1177 1298 1181 —
1325 1159 1453 1196 lustin.
1480 1162 1565 1206 XV,
1585 1165 1626 1208 4,
1652 1166 1709 1201 12.
1742 1166 1856 1203 veluti

1128 1202 1326 1239 cervicibus
1360 1206 1446 1252 iugo
1481 1209 1664 1246 servitutis
1695 1224 1855 1251 excusso.

1171 1344 1242 1380 Ier.
1268 1348 1301 1390 8,
1327 1349 1385 1383 22.
1423 1360 1497 1384 non
1523 1354 1578 1386 est
1603 1352 1761 1389 obducta
1785 1356 1852 1390 ci·-

1123 1392 1302 1437 catrix;
1349 1397 1407 1439 30,
1433 1399 1488 1432 17.
1531 1399 1712 1436 obducam
1753 1403 1851 1438 enim

1121 1437 1325 1475 cicatricem
1342 1442 1428 1487 tibi;
1453 1447 1511 1489 33,
1526 1448 1558 1482 6.
1585 1458 1653 1492 ego
1671 1448 1850 1486 obducam

1120 1485 1170 1519 eis
1196 1487 1419 1534 cicatricem3
1445 1494 1477 1527 2.
1503 1493 1614 1530 Esar.
1639 1497 1674 1540 4,
1693 1499 1725 1532 7.
1750 1497 1849 1542 quod

1119 1532 1277 1569 obducta
1302 1539 1395 1571 esset
1420 1538 1580 1578 cicatrix,

1154 2147 1216 2181 Iob
1243 2151 1298 2192 15,
1323 2153 1379 2186 22.
1413 2152 1830 2201 circumspectans

1105 2193 1267 2238 undique
1292 2197 1464 2241 gladium.
1491 2221 1533 2226 —
1560 2203 1652 2240 Sall.
1674 2206 1754 2250 Iuy.
1773 2210 1829 2244 72.

1105 2240 1406 2286 circumspectare
1425 2248 1546 2282 omnia
1570 2252 1607 2284 et
1623 2253 1724 2287 omni
1739 2256 1829 2290 stre-

1101 2288 1182 2331 pitu
1206 2300 1410 2333 pavescere.

1149 2336 1278 2372 lustin.
1299 2339 1401 2383 VIII,
1420 2343 1453 2383 5,
1475 2344 1506 2377 1.
1540 2342 1644 2379 Tunc
1667 2346 1827 2390 primum

1099 2381 1303 2418 Phocenses
1340 2389 1464 2431 captos
1502 2400 1539 2423 se
1574 2390 1704 2427 fraude
1739 2393 1827 2430 Phi-

1098 2429 1189 2474 lippi
1211 2432 1552 2471 animadvertentes.
1572 2458 1614 2462 —
1632 2439 1731 2484 Susp.
1750 2442 1824 2477 Sev.

1097 2477 1167 2520 Ep.
1183 2480 1216 2514 3.
1241 2479 1323 2513 illos
1340 2480 1468 2517 fraude
1485 2484 1823 2527 circumvenis.

1098 2544 1141 2548 —
1172 2525 1261 2561 Sall.
1293 2528 1368 2562 Cat.
1399 2531 1456 2565 21.
1491 2530 1677 2568 hominem
1707 2537 1822 2571 0111111-

1095 2570 1162 2605 bus
1175 2573 1500 2612 necessitudinibus
1515 2579 1819 2630 circumventum

1094 2618 1172 2661 qu.
1200 2623 1232 2655 7.
1265 2620 1335 2655 His
1367 2622 1641 2661 difficultatibus
1666 2629 1818 2665 circum-

1093 2668 1235 2711 ventus,
1262 2672 1319 2704 ete.

1139 2713 1217 2749 Liv.
1236 2715 1309 2757 III,
1323 2718 1381 2759 46,
1396 2719 1428 2754 5.
1453 2719 1550 2755 cita
1560 2721 1597 2755 ti
1608 2733 1623 2756 s
1634 2734 1705 2767 que
1718 2725 1818 2769 equis

1090 2760 1258 2795 nuntium
1294 2763 1339 2796 ad
1369 2767 1511 2808 patrem
1540 2768 1745 2815 perferunt;
1785 2773 1817 2815 I,

1089 2809 1147 2850 27,
1168 2810 1199 2843 7.
1227 2819 1336 2853 eques
1362 2812 1472 2847 citato
1498 2825 1612 2859 equ03
1639 2817 1669 2860 I,
1697 2820 1754 2862 57,
1781 2822 1814 2856 8.

2011 2196 2014 2201 .
2007 2031 2014 2156 -μ-...-
2009 1932 2014 2023 -μμ

2010 2776 2014 2784 .
2009 2715 2014 2726 ..
2011 2685 2014 2695 -
2011 2657 2014 2666 -
2007 2513 2014 2645 ..ἡ-μμ*
2006 2403 2014 2501 *12.-nm
2006 2257 2014 2394 imm..
