2014 3184
226 338 327 372 1076.

203 385 271 409 Ian.
283 385 327 409 24.

342 218 413 253 254
711 219 980 255 LAMPERTI
1005 220 1258 256 ANNALES.
1308 220 1355 256 A.
1384 223 1486 258 1076.

344 339 611 382 criminibus
634 342 1051 385 commaculaverit.
1111 343 1316 398 Cumque
1339 345 1510 386 caeteri
1532 358 1689 387 omnes
1721 345 1843 387 dam-

342 399 521 440 nationi
563 401 660 442 eius
702 401 821 442 nihil
860 402 1114 445 hesitantes
1155 403 1495 446 subscriberent
1512 403 1536 454 ¹,
1576 404 1837 447 Adalberoa

344 456 761 514 wirziburgensisb
815 462 1054 516 episcopus
1108 464 1154 504 et
1206 462 1519 504 Herimannus
1565 464 1836 507 Mettensisss

343 518 582 573 episcopus
631 519 915 574 aliquamdiu
954 522 1244 571 restiterunt,
1290 522 1496 564 dicentes
1536 523 1842 578 incongruum

341 577 475 619 valde
523 580 569 620 et
611 581 772 620 contra
812 594 1037 621 canonum
1080 581 1196 622 scita
1236 594 1345 632 esse,
1388 584 1441 623 ut
1482 583 1721 638 episcopus
1763 582 1872 626 ali-5

342 637 443 690 quis
487 637 668 685 absens,
713 639 883 693 absque
926 640 1132 693 generali
1174 641 1382 690 concilio,
1426 642 1522 684 sine
1565 639 1836 697 legittimisd

342 698 388 737 et
435 697 612 738 idoneis
660 699 1028 740 accusatoribusc
1080 702 1127 741 et
1172 700 1389 749 testibus,
1438 701 1635 743 necdum
1682 702 1840 758 proba-

340 755 400 796 tis
442 756 728 805 criminibus,
778 754 923 811 quaef
964 758 1270 805 obicerentur,
1320 760 1714 811 condemnaretur,
1767 774 1840 804 ne-

341 815 451 855 dum
498 816 730 857 Romanus
778 817 1005 871 pontifeX,
1059 818 1275 860 adversus
1327 832 1462 873 quem
1509 834 1593 862 nec
1640 821 1840 876 episcopi

306 888 424 928 ¹nec
478 875 811 930 archiepiscopi
860 876 1128 930 cuiusquam
1175 878 1440 932 recipienda
1487 879 1547 920 sit
1593 880 1839 922 accusatio.
1855 893 1890 918 ιο

342 933 431 975 Sed
474 934 821 976 Willihelmuff
865 935 1169 978 Traiectensis
1217 937 1475 993 episcopus,
1530 939 1609 993 qui
1656 953 1839 982 causam

296 993 307 1008 :l

296 1015 307 1031 s*

155 1894 252 1922 (Febr.
265 1894 322 1926 20).

156 1953 252 1984 (Mna
265 1954 321 1984 21).

153 2131 252 2158 (Febr.
265 2131 324 2162 22).

1557 984 1672 1006 „ss

334 993 460 1050 ⁸regis
507 994 794 1048 pertinacius
837 995 1068 1043 tuebatur,
1111 997 1409 1039 vehementer
1454 997 1743 1049 imminebat,
1786 1001 1840 1041 ut

340 1055 422 1092 aut
473 1067 576 1094 cum
625 1054 818 1095 caeteris
868 1055 916 1095 in
968 1055 1310 1098 damnationem
1326 1052 1344 1078 ¹¹
1393 1071 1538 1112 papae
1589 1058 1839 1101 subscribe-

339 1114 456 1161 rent,
492 1115 573 1153 aut
604 1114 714 1167 regi,
750 1114 824 1155 cui
857 1114 940 1155 sub
973 1114 1269 1156 iureiurando
1302 1116 1439 1158 fidem
1473 1117 1837 1172 spopondissent,

339 1172 549 1225 protinus
596 1173 935 1215 renunciarent.
1005 1174 1052 1214 Is
1100 1188 1152 1216 eo
1192 1176 1400 1229 tempore
1446 1176 1546 1231 regi
1592 1177 1838 1219 admodum
1854 1190 1887 1216 ιε

340 1244 471 1272 carus
494 1234 800 1286 acceptusque
824 1235 934 1281 erat,
970 1233 1102 1287 eique
1135 1247 1213 1275 rex
1245 1235 1448 1275 omnium
1481 1249 1597 1290 quae
1622 1236 1838 1291 privatim

339 1290 412 1331 vel
445 1291 628 1345 publice
670 1292 849 1345 agenda
890 1295 1022 1333 erant
1064 1295 1167 1347 post
1208 1307 1254 1334 se
1292 1294 1629 1336 ordinationem
1661 1295 1838 1350 delega-

338 1351 486 1397 verat,
536 1350 605 1390 vir
653 1350 935 1392 secularibus
984 1351 1152 1393 litteris
1200 1349 1429 1407 adprimei
1481 1354 1708 1404 eruditus
1758 1355 1838 1398 sed

338 1408 466 1448 fastu
517 1409 659 1450 nimio
706 1410 894 1451 inflatus
946 1411 1022 1452 vix
1074 1425 1120 1452 se
1172 1412 1269 1466 ipse
1316 1412 1511 1454 ferebat.
1583 1413 1737 1468 Igitur
1783 1428 1838 1457 ex

338 1468 523 1509 nomine
565 1468 767 1510 omnium
810 1469 889 1523 qui
930 1473 1238 1512 convenerant
1270 1472 1586 1526 episcoporum
1625 1475 1672 1514 et
1704 1473 1838 1516 abba-
1851 1491 1887 1516 20

337 1528 436 1566 tum
470 1527 634 1582 plenae
661 1529 1045 1570 contumeliarum
1079 1529 1263 1572 litterae
1280 1532 1294 1554 ²
1314 1531 1507 1572 Romam
1531 1532 1835 1583 destinantur,

338 1586 504 1639 quibus
558 1587 863 1630 denuncietur
913 1589 1120 1630 Romano
1173 1590 1399 1644 pontifici,
1449 1593 1502 1632 ut
1548 1592 1836 1646 pontificatu,

338 1658 473 1698 quem
497 1648 657 1687 contra
683 1647 1016 1690 ecclesiasticas
1048 1648 1173 1703 leges
1204 1653 1482 1704 usurpasset,
1517 1664 1613 1692 sese
1639 1651 1836 1700 abdicet,

338 1705 543 1759 sciatque
576 1708 679 1760 post
712 1720 811 1748 eam
846 1707 966 1749 diem
993 1708 1211 1762 quicquid
1245 1711 1365 1763 agat,
1398 1709 1570 1759 iubeat,
1606 1711 1835 1761 decernat,

336 1763 518 1804 irritum
552 1765 726 1807 haberi.
1850 1789 1886 1815 25

481 1824 645 1878 Legati
660 1825 686 1875 3,
730 1828 783 1867 ut
829 1826 1004 1867 iussum
1050 1827 1223 1877 fuerat,
1274 1841 1450 1869 summo
1499 1831 1669 1870 conatu
1714 1824 1832 1871 iterk

338 1883 647 1925 accelerantes
660 1884 688 1934 4,
723 1885 870 1939 pridie
892 1899 1029 1939 quam
1059 1883 1281 1940 synodus¹
1306 1883 1500 1928 *indicta
1526 1887 1837 1930 celebraretur
1851 1902 1971 1936 *p.243.

337 1942 530 1982 Romam
556 1943 761 1997 ingressi,
796 1944 977 1986 litteras
1009 1946 1215 1986 tradunt.
1269 1946 1435 1988 'Tuncm
1458 1948 1687 1988 caeteram
1719 1947 1837 2001 lega-

337 2000 523 2050 tionem,
567 2002 686 2042 sicut
727 2003 776 2043 in
817 2004 1049 2045 mandatis
1081 2005 1329 2055 habebant,
1372 2006 1511 2047 verbo
1552 2020 1645 2047 non
1685 2006 1836 2048 minus

339 2061 670 2101 contumelioso
723 2075 861 2114 quam
913 2063 1084 2117 scripto
1137 2067 1472 2118 exequunturn.
1540 2065 1667 2120 Papa
1717 2065 1836 2107 nihil
1849 2081 1885 2107 80

337 2121 570 2172 permotus
603 2120 849 2162 atrocitate
881 2122 1051 2170 nuncii,
1095 2125 1277 2176 postera
1311 2124 1384 2165 die
1399 2123 1425 2173 5,
1470 2137 1573 2165 cum
1607 2124 1756 2166 clerus
1788 2126 1835 2167 et

335 2222 363 2251 a)
383 2219 531 2246 Adelbero
550 2222 612 2247 Β1.
625 2222 651 2247 2.
750 2223 780 2254 h)
800 2224 987 2254 Wireeburg.
1008 2224 1034 2248 A
1047 2226 1076 2256 13
1099 2225 1299 2257 NVirczibmg.
1319 2226 1346 2250 B
1360 2225 1403 2251 lb.
1497 2226 1524 2259 c)
1548 2227 1690 2252 Metensis
1710 2227 1737 2252 Β
1751 2228 1792 2253 1².
1807 2227 1834 2252 2.

335 2257 364 2287 d)
383 2257 521 2288 legitimis
540 2258 619 2283 Bia.
631 2258 658 2283 2.
733 2260 760 2289 e)
779 2259 1020 2284 aecusacionibus
1038 2259 1120 2284 Blb.
1213 2260 1235 2291 f)
1255 2267 1312 2291 que
1332 2261 1360 2285 71.
1377 2262 1398 2286 l.
1418 2261 1503 2285 etiam
1524 2262 1586 2287 Al.
1661 2261 1691 2294 g)
1711 2262 1835 2288 Wixhex-

334 2299 398 2316 mus
417 2293 444 2317 A
456 2294 481 2318 1.
501 2293 563 2318 132.
655 2294 686 2324 11)
705 2292 915 2326 dampnatione
934 2295 996 2327 ΒΞ,
1026 2295 1075 2319 ubi
1099 2303 1203 2320 mamas
1226 2297 1350 2320 secunda
1369 2303 1479 2327 gemmea·
1498 2295 1629 2329 dampm,
1655 2296 1833 2330 condempu.

333 2328 459 2359 scripsit.
551 2328 572 2361 i)
592 2336 677 2361 appr.
698 2330 776 2355 Bla.
869 2330 900 2361 k)
926 2332 997 2355 tune
1017 2331 1080 2356 B2.
1172 2331 1193 2362 l)
1217 2332 1258 2356 sic
1277 2332 1306 2356 71.
1321 2332 1341 2356 l.
1362 2338 1466 2356 onmes.
1559 2334 1599 2363 m)
1624 2333 1699 2357 Tum
1717 2333 1833 2360 B12.2.
1848 2334 1882 2360 35

334 2363 366 2396 n)
385 2370 486 2395 exseq.
506 2364 568 2389 ΒΞ.

338 2447 372 2489 1)
397 2446 453 2487 Cf.
474 2446 606 2482 Cla-ron.
625 2448 785 2483 Hefldesh.
812 2458 837 2483 6.
860 2450 914 2492 17,
942 2449 1006 2484 SS.
1027 2449 1108 2490 VH,
1128 2460 1167 2492 p.
1185 2450 1267 2484 854.
1341 2449 1377 2492 2)
1400 2449 1656 2494 Episcoporum
1683 2455 1715 2484 et
1738 2453 1835 2493 reyis

335 2493 410 2528 LL.
429 2494 482 2535 H,
499 2496 530 2535 1,
550 2506 590 2537 p.
608 2496 770 2534 44—47;
795 2496 922 2530 Bruuo
946 2507 973 2531 c.
993 2498 1048 2531 66.
1068 2498 1124 2531 67.
1197 2496 1235 2541 3)
1261 2497 1390 2539 Leyati
1412 2508 1436 2530 a
1460 2497 1592 2539 synodo
1615 2498 1719 2531 missi
1733 2498 1834 2531 Huz-

335 2551 490 2574 mamms
514 2543 695 2585 episcopus
711 2542 893 2585 Spirensis
918 2547 948 2576 et
965 2543 1203 2577 Burehardus
1226 2545 1406 2587 episcopas
1422 2544 1641 2578 Basileensis
1665 2549 1696 2578 et
1720 2545 1833 2579 Eber-

335 2587 475 2621 hardus
500 2599 609 2622 comes
633 2589 674 2623 de
691 2590 906 2633 Nellenbmy
931 2602 953 2623 a
978 2601 1058 2634 φερε
1082 2592 1212 2624 missus
1231 2591 1280 2624 ad
1295 2593 1472 2634 episcopos
1489 2591 1730 2626 Lombardiae
1745 2593 1835 2626 Pla-
1845 2601 1881 2626 40

335 2637 465 2669 centiae
489 2641 715 2679 conyreyatos
736 2638 890 2681 profecti
912 2642 1005 2673 sunt.
1048 2638 1136 2672 Inde
1156 2638 1340 2672 Rotundus
1364 2640 1555 2672 canonicus
1571 2640 1778 2674 Parmensis
1803 2644 1833 2673 et

336 2682 448 2715 laicus
461 2684 607 2725 quidam
622 2685 760 2718 litteras
774 2685 822 2717 ad
833 2685 1006 2728 synodum
1021 2686 1220 2719 Romanam
1234 2686 1447 2721 detulerant.
1513 2686 1550 2730 4)
1563 2686 1619 2729 Cf.
1630 2686 1830 2730 Maneyold.

335 2739 362 2763 c.
372 2731 431 2771 25,
447 2730 526 2768 Lib.
539 2731 570 2772 I,
581 2743 617 2774 p.
630 2733 712 2767 357.
778 2732 813 2775 5)
825 2733 990 2775 Sequente
1002 2733 1068 2774 die,
1080 2736 1270 2776 postquam
1284 2733 1420 2767 litterae
1436 2734 1592 2768 traditae
1603 2738 1699 2777 sunt,
1718 2744 1831 2777 reyem

334 2779 669 2812 eoecommzmicatam
694 2790 764 2812 esse
788 2780 874 2813 dicit
893 2780 1022 2813 Brimo
1045 2790 1072 2814 c.
1092 2781 1148 2815 68.
1193 2780 1249 2822 Cf.
1275 2780 1410 2814 Bom‘zo
1437 2782 1460 2817 l.
1483 2781 1565 2824 VH,
1593 2782 1616 2816 l.
1636 2782 1659 2816 l.
1680 2792 1719 2824 p,
1738 2783 1832 2820 607,-

334 2823 442 2856 atiter
467 2824 605 2858 Donizo
630 2826 681 2868 H,
704 2828 758 2869 19,
786 2839 816 2862 v.
836 2828 1081 2868 1:299—1344,
1107 2827 1171 2862 SS.
1189 2827 1280 2869 XII,
1300 2839 1339 2871 p.
1360 2830 1429 2863 377
1446 2839 1522 2871 ες..
1537 2832 1568 2862 et
1591 2839 1669 2861 eum
1694 2833 1878 2862 secutus45

335 2869 472 2903 Paulus
498 2872 684 2908 Bemm‘ed.
717 2884 743 2908 ο.
769 2873 919 2910 68-76,
976 2875 1029 2907 De
1059 2878 1211 2918 tempore
1241 2875 1370 2917 synodi
1401 2875 1589 2909 celebratae
1612 2875 1687 2909 vide
1715 2875 1831 2909 Giese—
