<?xml version="1.0" encoding="UTF-8"?>
<!DOCTYPE html PUBLIC "-//W3C//DTD XHTML 1.0 Transitional//EN"
    "http://www.w3.org/TR/xhtml1/DTD/xhtml1-transitional.dtd">
<html xmlns="http://www.w3.org/1999/xhtml" xml:lang="en" lang="en">
 <head>
  <title>
</title>
<meta http-equiv="Content-Type" content="text/html;charset=utf-8" />
  <meta name='ocr-system' content='tesseract 3.04.00' />
  <meta name='ocr-capabilities' content='ocr_page ocr_carea ocr_par ocr_line ocrx_word'/>
</head>
<body>
  <div class='ocr_page' id='page_1' title='image "./lampertimonachih00lambuoft/lampertimonachih00lambuoft_0504.png"; bbox 0 0 2014 3184; ppageno 0'>
   <div class='ocr_carea' id='block_1_1' title="bbox 361 221 433 256">
    <p class='ocr_par' dir='ltr' id='par_1_1' title="bbox 361 221 433 256">
     <span class='ocr_line' id='line_1_1' title="bbox 361 221 433 256; baseline 0.014 -1"><span class='ocrx_word' id='word_1_1' title='bbox 361 221 433 256; x_wconf 91' lang='lat'>428</span> 
     </span>
    </p>
   </div>
   <div class='ocr_carea' id='block_1_2' title="bbox 356 339 1086 1371">
    <p class='ocr_par' dir='ltr' id='par_1_2' title="bbox 358 339 1086 710">
     <span class='ocr_line' id='line_1_2' title="bbox 361 339 1086 384; baseline 0.006 -13"><span class='ocrx_word' id='word_1_2' title='bbox 361 339 517 372; x_wconf 78' lang='lat' dir='ltr'><strong>cesserat</strong></span> <span class='ocrx_word' id='word_1_3' title='bbox 541 339 598 381; x_wconf 93' lang='lat'>70,</span> <span class='ocrx_word' id='word_1_4' title='bbox 612 348 656 374; x_wconf 79' lang='lat'>25.</span> <span class='ocrx_word' id='word_1_5' title='bbox 685 359 726 363; x_wconf 89' lang='lat'><em>-</em></span> <span class='ocrx_word' id='word_1_6' title='bbox 757 349 890 384; x_wconf 83' lang='lat' dir='ltr'>magna</span> <span class='ocrx_word' id='word_1_7' title='bbox 923 339 1086 375; x_wconf 89' lang='lat' dir='ltr'>omnium</span> 
     </span>
     <span class='ocr_line' id='line_1_3' title="bbox 363 385 1012 431; baseline 0.005 -13"><span class='ocrx_word' id='word_1_8' title='bbox 363 409 371 418; x_wconf 91' lang='lat'>.</span> <span class='ocrx_word' id='word_1_9' title='bbox 399 412 406 419; x_wconf 94' lang='lat'>.</span> <span class='ocrx_word' id='word_1_10' title='bbox 434 412 442 420; x_wconf 89' lang='lat'>.</span> <span class='ocrx_word' id='word_1_11' title='bbox 469 385 721 429; x_wconf 79' lang='lat' dir='ltr'>expectatione</span> <span class='ocrx_word' id='word_1_12' title='bbox 746 385 899 431; x_wconf 82' lang='lat' dir='ltr'>adeptus</span> <span class='ocrx_word' id='word_1_13' title='bbox 925 391 1012 423; x_wconf 85' lang='lat' dir='ltr'>est.</span> 
     </span>
     <span class='ocr_line' id='line_1_4' title="bbox 360 430 1029 478; baseline 0.005 -13"><span class='ocrx_word' id='word_1_14' title='bbox 360 430 712 477; x_wconf 88' lang='lat' dir='ltr'>archiepiscopatum</span> <span class='ocrx_word' id='word_1_15' title='bbox 737 435 818 478; x_wconf 87' lang='lat'>243,</span> <span class='ocrx_word' id='word_1_16' title='bbox 834 445 877 470; x_wconf 79' lang='grc' dir='ltr'>ιο.</span> <span class='ocrx_word' id='word_1_17' title='bbox 899 454 940 458; x_wconf 95' lang='grc'><strong>-</strong></span> <span class='ocrx_word' id='word_1_18' title='bbox 963 433 1029 469; x_wconf 87' lang='lat' dir='ltr'>Is.</span> 
     </span>
     <span class='ocr_line' id='line_1_5' title="bbox 361 481 1084 526; baseline 0.006 -14"><span class='ocrx_word' id='word_1_19' title='bbox 361 481 502 513; x_wconf 86' lang='lat' dir='ltr'>creatus</span> <span class='ocrx_word' id='word_1_20' title='bbox 540 490 623 514; x_wconf 92' lang='lat' dir='ltr'>cum</span> <span class='ocrx_word' id='word_1_21' title='bbox 657 491 790 526; x_wconf 87' lang='lat' dir='ltr'>magna</span> <span class='ocrx_word' id='word_1_22' title='bbox 823 481 986 515; x_wconf 90' lang='lat' dir='ltr'>omnium</span> <span class='ocrx_word' id='word_1_23' title='bbox 1024 492 1084 516; x_wconf 88' lang='lat' dir='ltr'>ex-</span> 
     </span>
     <span class='ocr_line' id='line_1_6' title="bbox 359 526 1084 572; baseline 0.006 -13"><span class='ocrx_word' id='word_1_24' title='bbox 359 526 567 570; x_wconf 89' lang='lat' dir='ltr'>pectatione</span> <span class='ocrx_word' id='word_1_25' title='bbox 593 529 734 571; x_wconf 88' lang='lat' dir='ltr'>325,1o.</span> <span class='ocrx_word' id='word_1_26' title='bbox 764 548 806 552; x_wconf 85' lang='lat'>—-</span> <span class='ocrx_word' id='word_1_27' title='bbox 833 528 1084 572; x_wconf 78' lang='lat' dir='ltr'>expectatione</span> 
     </span>
     <span class='ocr_line' id='line_1_7' title="bbox 358 573 1085 619; baseline 0.007 -13"><span class='ocrx_word' id='word_1_28' title='bbox 358 575 435 606; x_wconf 87' lang='lat' dir='ltr'>tam</span> <span class='ocrx_word' id='word_1_29' title='bbox 460 573 571 607; x_wconf 83' lang='lat' dir='ltr'>tristis</span> <span class='ocrx_word' id='word_1_30' title='bbox 597 574 795 619; x_wconf 73' lang='lat' dir='ltr'>spectaculi</span> <span class='ocrx_word' id='word_1_31' title='bbox 821 577 941 619; x_wconf 86' lang='lat'>197,1.</span> <span class='ocrx_word' id='word_1_32' title='bbox 970 596 1011 600; x_wconf 92' lang='lat'>—</span> <span class='ocrx_word' id='word_1_33' title='bbox 1038 575 1085 610; x_wconf 93' lang='lat' dir='ltr'>In</span> 
     </span>
     <span class='ocr_line' id='line_1_8' title="bbox 359 619 1084 666; baseline 0.006 -12"><span class='ocrx_word' id='word_1_34' title='bbox 359 619 427 654; x_wconf 86' lang='lat' dir='ltr'>hac</span> <span class='ocrx_word' id='word_1_35' title='bbox 455 623 639 655; x_wconf 86' lang='lat' dir='ltr'>tantarum</span> <span class='ocrx_word' id='word_1_36' title='bbox 674 621 927 666; x_wconf 78' lang='lat' dir='ltr'>expectatione</span> <span class='ocrx_word' id='word_1_37' title='bbox 961 633 1084 658; x_wconf 88' lang='lat' dir='ltr'>rerum</span> 
     </span>
     <span class='ocr_line' id='line_1_9' title="bbox 359 668 479 710; baseline 0 -7"><span class='ocrx_word' id='word_1_38' title='bbox 359 668 479 710; x_wconf 85' lang='lat'>281,1.</span> 
     </span>
    </p>

    <p class='ocr_par' dir='ltr' id='par_1_3' title="bbox 358 715 1084 902">
     <span class='ocr_line' id='line_1_10' title="bbox 406 715 1084 758; baseline 0.006 -10"><span class='ocrx_word' id='word_1_39' title='bbox 406 716 517 758; x_wconf 88' lang='lat' dir='ltr'>prout</span> <span class='ocrx_word' id='word_1_40' title='bbox 551 715 649 749; x_wconf 88' lang='lat' dir='ltr'>ocius</span> <span class='ocrx_word' id='word_1_41' title='bbox 684 716 843 750; x_wconf 82' lang='lat' dir='ltr'>seriusve</span> <span class='ocrx_word' id='word_1_42' title='bbox 877 728 979 751; x_wconf 85' lang='lat' dir='ltr'>arma</span> <span class='ocrx_word' id='word_1_43' title='bbox 1004 728 1084 752; x_wconf 87' lang='lat' dir='ltr'>ex—</span> 
     </span>
     <span class='ocr_line' id='line_1_11' title="bbox 358 761 1084 807; baseline 0.006 -12"><span class='ocrx_word' id='word_1_44' title='bbox 358 761 621 806; x_wconf 88' lang='lat' dir='ltr'>pedierant</span> <span class='ocrx_word' id='word_1_45' title='bbox 655 764 777 807; x_wconf 86' lang='grc'>219,1.</span> <span class='ocrx_word' id='word_1_46' title='bbox 816 783 857 788; x_wconf 92' lang='lat'>——</span> <span class='ocrx_word' id='word_1_47' title='bbox 893 775 994 798; x_wconf 84' lang='lat' dir='ltr'>arma</span> <span class='ocrx_word' id='word_1_48' title='bbox 1023 775 1084 799; x_wconf 87' lang='lat' dir='ltr'>ex-</span> 
     </span>
     <span class='ocr_line' id='line_1_12' title="bbox 358 809 1084 856; baseline 0.008 -14"><span class='ocrx_word' id='word_1_49' title='bbox 358 809 475 853; x_wconf 89' lang='lat' dir='ltr'>pediri</span> <span class='ocrx_word' id='word_1_50' title='bbox 502 837 509 844; x_wconf 93' lang='lat'>.</span> <span class='ocrx_word' id='word_1_51' title='bbox 538 837 545 844; x_wconf 90' lang='lat'>.</span> <span class='ocrx_word' id='word_1_52' title='bbox 574 835 581 843; x_wconf 93' lang='lat'>.</span> <span class='ocrx_word' id='word_1_53' title='bbox 608 810 923 845; x_wconf 84' lang='lat' dir='ltr'>conclamaverant</span> <span class='ocrx_word' id='word_1_54' title='bbox 947 813 1029 856; x_wconf 89' lang='lat'>237,</span> <span class='ocrx_word' id='word_1_55' title='bbox 1039 823 1084 848; x_wconf 81' lang='lat'>20.</span> 
     </span>
     <span class='ocr_line' id='line_1_13' title="bbox 361 856 1047 902; baseline 0.009 -14"><span class='ocrx_word' id='word_1_56' title='bbox 361 876 402 881; x_wconf 95' lang='lat'>—</span> <span class='ocrx_word' id='word_1_57' title='bbox 430 867 530 890; x_wconf 85' lang='lat' dir='ltr'>arma</span> <span class='ocrx_word' id='word_1_58' title='bbox 555 856 728 900; x_wconf 85' lang='lat' dir='ltr'>expedire</span> <span class='ocrx_word' id='word_1_59' title='bbox 753 857 901 892; x_wconf 83' lang='lat' dir='ltr'>iubebat</span> <span class='ocrx_word' id='word_1_60' title='bbox 925 859 1047 902; x_wconf 87' lang='lat'>281,1.</span> 
     </span>
    </p>

    <p class='ocr_par' dir='ltr' id='par_1_4' title="bbox 357 903 1083 1222">
     <span class='ocr_line' id='line_1_14' title="bbox 407 903 1083 941; baseline 0.007 -5"><span class='ocrx_word' id='word_1_61' title='bbox 407 903 506 937; x_wconf 89' lang='lat' dir='ltr'>cuius</span> <span class='ocrx_word' id='word_1_62' title='bbox 542 903 764 938; x_wconf 82' lang='lat' dir='ltr'>crudelitatis</span> <span class='ocrx_word' id='word_1_63' title='bbox 799 907 874 939; x_wconf 85' lang='lat' dir='ltr'>tam</span> <span class='ocrx_word' id='word_1_64' title='bbox 905 905 1002 940; x_wconf 87' lang='lat' dir='ltr'>clara</span> <span class='ocrx_word' id='word_1_65' title='bbox 1027 917 1083 941; x_wconf 90' lang='lat' dir='ltr'>ce-</span> 
     </span>
     <span class='ocr_line' id='line_1_15' title="bbox 357 950 1082 995; baseline 0.008 -12"><span class='ocrx_word' id='word_1_66' title='bbox 357 950 495 994; x_wconf 90' lang='lat' dir='ltr'>pissent</span> <span class='ocrx_word' id='word_1_67' title='bbox 520 951 857 994; x_wconf 87' lang='lat' dir='ltr'>experimenta</span> <span class='ocrx_word' id='word_1_68' title='bbox 881 954 1020 995; x_wconf 83' lang='lat'>236,35.</span> <span class='ocrx_word' id='word_1_69' title='bbox 1040 974 1082 978; x_wconf 97' lang='lat'><strong>—</strong></span> 
     </span>
     <span class='ocr_line' id='line_1_16' title="bbox 357 996 1083 1044; baseline 0.007 -14"><span class='ocrx_word' id='word_1_70' title='bbox 357 996 442 1032; x_wconf 88' lang='lat' dir='ltr'>hinc</span> <span class='ocrx_word' id='word_1_71' title='bbox 487 1009 524 1031; x_wconf 87' lang='lat' dir='ltr'>se</span> <span class='ocrx_word' id='word_1_72' title='bbox 574 998 866 1042; x_wconf 85' lang='lat' dir='ltr'>experimentum</span> <span class='ocrx_word' id='word_1_73' title='bbox 915 1002 1083 1044; x_wconf 84' lang='lat' dir='ltr'>capturos</span> 
     </span>
     <span class='ocr_line' id='line_1_17' title="bbox 358 1044 1083 1090; baseline 0.003 -10"><span class='ocrx_word' id='word_1_74' title='bbox 358 1046 439 1088; x_wconf 88' lang='lat'>281,</span> <span class='ocrx_word' id='word_1_75' title='bbox 453 1056 497 1080; x_wconf 79' lang='lat'>20.</span> <span class='ocrx_word' id='word_1_76' title='bbox 535 1065 577 1069; x_wconf 96' lang='lat'>—</span> <span class='ocrx_word' id='word_1_77' title='bbox 614 1044 778 1090; x_wconf 84' lang='lat' dir='ltr'>Cumque</span> <span class='ocrx_word' id='word_1_78' title='bbox 815 1074 822 1082; x_wconf 95' lang='lat'>.</span> <span class='ocrx_word' id='word_1_79' title='bbox 850 1072 858 1081; x_wconf 91' lang='lat'>.</span> <span class='ocrx_word' id='word_1_80' title='bbox 886 1074 894 1082; x_wconf 92' lang='lat'>.</span> <span class='ocrx_word' id='word_1_81' title='bbox 927 1058 973 1081; x_wconf 87' lang='lat' dir='ltr'>ex</span> <span class='ocrx_word' id='word_1_82' title='bbox 998 1058 1083 1082; x_wconf 93' lang='lat' dir='ltr'>con-</span> 
     </span>
     <span class='ocr_line' id='line_1_18' title="bbox 357 1091 1082 1130; baseline 0.007 -5"><span class='ocrx_word' id='word_1_83' title='bbox 357 1092 457 1126; x_wconf 88' lang='lat' dir='ltr'>victu</span> <span class='ocrx_word' id='word_1_84' title='bbox 492 1091 692 1126; x_wconf 89' lang='lat' dir='ltr'>domestico</span> <span class='ocrx_word' id='word_1_85' title='bbox 727 1093 882 1128; x_wconf 83' lang='lat' dir='ltr'>certiora</span> <span class='ocrx_word' id='word_1_86' title='bbox 915 1093 987 1128; x_wconf 84' lang='lat' dir='ltr'>iam</span> <span class='ocrx_word' id='word_1_87' title='bbox 1025 1106 1082 1130; x_wconf 88' lang='lat' dir='ltr'>ce-</span> 
     </span>
     <span class='ocr_line' id='line_1_19' title="bbox 357 1139 1081 1183; baseline 0.006 -11"><span class='ocrx_word' id='word_1_88' title='bbox 357 1139 469 1183; x_wconf 86' lang='lat' dir='ltr'>pisset</span> <span class='ocrx_word' id='word_1_89' title='bbox 507 1139 757 1183; x_wconf 87' lang='lat' dir='ltr'>experimenta</span> <span class='ocrx_word' id='word_1_90' title='bbox 798 1141 1081 1176; x_wconf 82' lang='lat' dir='ltr'>conversationis</span> 
     </span>
     <span class='ocr_line' id='line_1_20' title="bbox 358 1186 580 1230; baseline 0.01 -10"><span class='ocrx_word' id='word_1_91' title='bbox 358 1186 433 1220; x_wconf 87' lang='lat' dir='ltr'>eius</span> <span class='ocrx_word' id='word_1_92' title='bbox 458 1189 580 1230; x_wconf 87' lang='lat'>311,1.</span> 
     </span>
    </p>

    <p class='ocr_par' dir='ltr' id='par_1_5' title="bbox 356 1233 1081 1364">
     <span class='ocr_line' id='line_1_21' title="bbox 405 1233 1080 1271; baseline 0.006 -4"><span class='ocrx_word' id='word_1_93' title='bbox 405 1233 492 1267; x_wconf 90' lang='lat' dir='ltr'>dum</span> <span class='ocrx_word' id='word_1_94' title='bbox 529 1262 536 1269; x_wconf 88' lang='lat'>.</span> <span class='ocrx_word' id='word_1_95' title='bbox 571 1261 579 1269; x_wconf 93' lang='lat'>.</span> <span class='ocrx_word' id='word_1_96' title='bbox 612 1259 619 1267; x_wconf 91' lang='lat'>.</span> <span class='ocrx_word' id='word_1_97' title='bbox 655 1234 970 1270; x_wconf 89' lang='lat' dir='ltr'>mansuetudinem</span> <span class='ocrx_word' id='word_1_98' title='bbox 1005 1236 1080 1271; x_wconf 88' lang='lat' dir='ltr'>eius</span> 
     </span>
     <span class='ocr_line' id='line_1_22' title="bbox 357 1281 1081 1328; baseline 0.006 -14"><span class='ocrx_word' id='word_1_99' title='bbox 357 1291 465 1323; x_wconf 87' lang='lat' dir='ltr'>quam</span> <span class='ocrx_word' id='word_1_100' title='bbox 483 1292 632 1314; x_wconf 88' lang='lat' dir='ltr'>manum</span> <span class='ocrx_word' id='word_1_101' title='bbox 649 1281 844 1317; x_wconf 87' lang='lat' dir='ltr'>militarem</span> <span class='ocrx_word' id='word_1_102' title='bbox 862 1293 948 1328; x_wconf 89' lang='lat' dir='ltr'>exp</span> <span class='ocrx_word' id='word_1_103' title='bbox 960 1283 1081 1318; x_wconf 90' lang='lat' dir='ltr'>eriri</span> 
     </span>
     <span class='ocr_line' id='line_1_23' title="bbox 356 1327 675 1371; baseline 0.01 -10"><span class='ocrx_word' id='word_1_104' title='bbox 356 1327 509 1362; x_wconf 86' lang='lat' dir='ltr'>mallent</span> <span class='ocrx_word' id='word_1_105' title='bbox 537 1330 615 1371; x_wconf 92' lang='lat'>177,</span> <span class='ocrx_word' id='word_1_106' title='bbox 630 1339 675 1364; x_wconf 81' lang='lat'>30.</span> 
     </span>
    </p>
   </div>
   <div class='ocr_carea' id='block_1_3' title="bbox 357 1468 1079 1561">
    <p class='ocr_par' dir='ltr' id='par_1_6' title="bbox 357 1468 1079 1561">
     <span class='ocr_line' id='line_1_24' title="bbox 403 1468 1079 1506; baseline 0.006 -4"><span class='ocrx_word' id='word_1_107' title='bbox 403 1468 564 1503; x_wconf 89' lang='lat' dir='ltr'>animum</span> <span class='ocrx_word' id='word_1_108' title='bbox 606 1468 800 1504; x_wconf 83' lang='lat' dir='ltr'>induxerat</span> <span class='ocrx_word' id='word_1_109' title='bbox 847 1481 926 1505; x_wconf 89' lang='lat' dir='ltr'>rem</span> <span class='ocrx_word' id='word_1_110' title='bbox 971 1472 1079 1506; x_wconf 86' lang='lat' dir='ltr'>armis</span> 
     </span>
     <span class='ocr_line' id='line_1_25' title="bbox 357 1516 746 1561; baseline 0.013 -12"><span class='ocrx_word' id='word_1_111' title='bbox 357 1516 576 1560; x_wconf 87' lang='lat' dir='ltr'>experiri</span> <span class='ocrx_word' id='word_1_112' title='bbox 607 1519 685 1561; x_wconf 88' lang='lat'>128,</span> <span class='ocrx_word' id='word_1_113' title='bbox 700 1527 746 1554; x_wconf 80' lang='lat'>25.</span> 
     </span>
    </p>
   </div>
   <div class='ocr_carea' id='block_1_4' title="bbox 356 1610 1080 1704">
    <p class='ocr_par' dir='ltr' id='par_1_7' title="bbox 356 1610 1080 1704">
     <span class='ocr_line' id='line_1_26' title="bbox 402 1610 1079 1658; baseline 0.004 -14"><span class='ocrx_word' id='word_1_114' title='bbox 402 1621 469 1645; x_wconf 90' lang='lat' dir='ltr'>nec</span> <span class='ocrx_word' id='word_1_115' title='bbox 503 1610 651 1645; x_wconf 87' lang='lat' dir='ltr'>iniurias</span> <span class='ocrx_word' id='word_1_116' title='bbox 685 1622 766 1645; x_wconf 90' lang='lat' dir='ltr'>suas</span> <span class='ocrx_word' id='word_1_117' title='bbox 799 1611 878 1646; x_wconf 87' lang='lat' dir='ltr'>iure</span> <span class='ocrx_word' id='word_1_118' title='bbox 915 1613 1079 1658; x_wconf 88' lang='lat' dir='ltr'>gentium</span> 
     </span>
     <span class='ocr_line' id='line_1_27' title="bbox 356 1658 1080 1704; baseline 0.006 -13"><span class='ocrx_word' id='word_1_119' title='bbox 356 1658 678 1702; x_wconf 87' lang='lat' dir='ltr'>expostulare</span> <span class='ocrx_word' id='word_1_120' title='bbox 718 1659 836 1693; x_wconf 90' lang='lat' dir='ltr'>voluit</span> <span class='ocrx_word' id='word_1_121' title='bbox 877 1661 934 1704; x_wconf 88' lang='lat'>80,</span> <span class='ocrx_word' id='word_1_122' title='bbox 953 1671 997 1696; x_wconf 82' lang='lat'>35.</span> <span class='ocrx_word' id='word_1_123' title='bbox 1035 1675 1080 1685; x_wconf 90' lang='lat'>—·</span> 
     </span>
    </p>
   </div>
   <div class='ocr_carea' id='block_1_5' title="bbox 353 1705 1080 1843">
    <p class='ocr_par' dir='ltr' id='par_1_8' title="bbox 353 1705 1080 1843">
     <span class='ocr_line' id='line_1_28' title="bbox 355 1705 1079 1742; baseline 0.006 -4"><span class='ocrx_word' id='word_1_124' title='bbox 355 1707 395 1738; x_wconf 93' lang='lat' dir='ltr'>ut</span> <span class='ocrx_word' id='word_1_125' title='bbox 422 1733 429 1740; x_wconf 91' lang='lat'>.</span> <span class='ocrx_word' id='word_1_126' title='bbox 459 1733 465 1740; x_wconf 95' lang='lat'>.</span> <span class='ocrx_word' id='word_1_127' title='bbox 494 1731 501 1739; x_wconf 91' lang='lat'>.</span> <span class='ocrx_word' id='word_1_128' title='bbox 528 1705 573 1739; x_wconf 86' lang='lat' dir='ltr'>ab</span> <span class='ocrx_word' id='word_1_129' title='bbox 598 1705 762 1740; x_wconf 85' lang='lat' dir='ltr'>hostibus</span> <span class='ocrx_word' id='word_1_130' title='bbox 789 1717 1000 1742; x_wconf 90' lang='lat' dir='ltr'>communes</span> <span class='ocrx_word' id='word_1_131' title='bbox 1026 1707 1079 1742; x_wconf 90' lang='lat' dir='ltr'>rei</span> 
     </span>
     <span class='ocr_line' id='line_1_29' title="bbox 353 1752 1080 1798; baseline 0.006 -13"><span class='ocrx_word' id='word_1_132' title='bbox 353 1752 521 1796; x_wconf 82' lang='lat' dir='ltr'>publicae</span> <span class='ocrx_word' id='word_1_133' title='bbox 592 1752 740 1786; x_wconf 88' lang='lat' dir='ltr'>iniurias</span> <span class='ocrx_word' id='word_1_134' title='bbox 806 1754 1080 1798; x_wconf 85' lang='lat' dir='ltr'>expostularent</span> 
     </span>
     <span class='ocr_line' id='line_1_30' title="bbox 354 1799 1080 1843; baseline 0.003 -9"><span class='ocrx_word' id='word_1_135' title='bbox 354 1801 435 1843; x_wconf 88' lang='lat'>234,</span> <span class='ocrx_word' id='word_1_136' title='bbox 452 1811 496 1835; x_wconf 84' lang='lat'>30.</span> <span class='ocrx_word' id='word_1_137' title='bbox 525 1820 567 1824; x_wconf 93' lang='lat'>—</span> <span class='ocrx_word' id='word_1_138' title='bbox 594 1799 649 1833; x_wconf 88' lang='lat' dir='ltr'>ius</span> <span class='ocrx_word' id='word_1_139' title='bbox 685 1811 791 1834; x_wconf 90' lang='lat' dir='ltr'>suum</span> <span class='ocrx_word' id='word_1_140' title='bbox 827 1826 835 1834; x_wconf 93' lang='lat'>.</span> <span class='ocrx_word' id='word_1_141' title='bbox 862 1826 871 1835; x_wconf 92' lang='lat'>.</span> <span class='ocrx_word' id='word_1_142' title='bbox 898 1826 906 1835; x_wconf 91' lang='lat'>.</span> <span class='ocrx_word' id='word_1_143' title='bbox 940 1801 1080 1837; x_wconf 84' lang='lat' dir='ltr'>bellicis</span> 
     </span>
    </p>
   </div>
   <div class='ocr_carea' id='block_1_6' title="bbox 347 1846 1080 2879">
    <p class='ocr_par' dir='ltr' id='par_1_9' title="bbox 347 1846 1080 2879">
     <span class='ocr_line' id='line_1_31' title="bbox 351 1846 1078 1893; baseline 0.007 -13"><span class='ocrx_word' id='word_1_144' title='bbox 351 1846 551 1881; x_wconf 87' lang='lat' dir='ltr'>terroribus</span> <span class='ocrx_word' id='word_1_145' title='bbox 576 1847 863 1891; x_wconf 83' lang='lat' dir='ltr'>expostulassent</span> <span class='ocrx_word' id='word_1_146' title='bbox 888 1850 967 1893; x_wconf 87' lang='grc'>153,</span> <span class='ocrx_word' id='word_1_147' title='bbox 982 1860 1008 1884; x_wconf 98' lang='grc'>1.</span> <span class='ocrx_word' id='word_1_148' title='bbox 1036 1869 1078 1874; x_wconf 95' lang='lat'>—-</span> 
     </span>
     <span class='ocr_line' id='line_1_32' title="bbox 353 1893 1080 1940; baseline 0.006 -13"><span class='ocrx_word' id='word_1_149' title='bbox 353 1896 394 1927; x_wconf 91' lang='lat' dir='ltr'>ut</span> <span class='ocrx_word' id='word_1_150' title='bbox 418 1893 473 1927; x_wconf 89' lang='lat' dir='ltr'>ius</span> <span class='ocrx_word' id='word_1_151' title='bbox 498 1904 603 1927; x_wconf 90' lang='lat' dir='ltr'>suum</span> <span class='ocrx_word' id='word_1_152' title='bbox 630 1921 638 1930; x_wconf 91' lang='lat'>.</span> <span class='ocrx_word' id='word_1_153' title='bbox 657 1905 866 1938; x_wconf 88' lang='lat' dir='ltr'>..presens</span> <span class='ocrx_word' id='word_1_154' title='bbox 895 1895 973 1940; x_wconf 88' lang='lat' dir='ltr'>ipse</span> <span class='ocrx_word' id='word_1_155' title='bbox 997 1896 1080 1931; x_wconf 83' lang='lat' dir='ltr'>viva</span> 
     </span>
     <span class='ocr_line' id='line_1_33' title="bbox 352 1941 1078 1988; baseline 0.008 -14"><span class='ocrx_word' id='word_1_156' title='bbox 352 1951 441 1974; x_wconf 88' lang='lat' dir='ltr'>voce</span> <span class='ocrx_word' id='word_1_157' title='bbox 479 1941 726 1984; x_wconf 87' lang='lat' dir='ltr'>expostularet</span> <span class='ocrx_word' id='word_1_158' title='bbox 757 1943 843 1986; x_wconf 88' lang='grc'>173,</span> <span class='ocrx_word' id='word_1_159' title='bbox 864 1953 909 1979; x_wconf 84' lang='lat'>35.</span> <span class='ocrx_word' id='word_1_160' title='bbox 946 1945 1031 1988; x_wconf 89' lang='grc'>174,</span> <span class='ocrx_word' id='word_1_161' title='bbox 1052 1955 1078 1979; x_wconf 93' lang='grc'>1</span> 
     </span>
     <span class='ocr_line' id='line_1_34' title="bbox 355 1986 1042 2025; baseline 0.007 -5"><span class='ocrx_word' id='word_1_162' title='bbox 355 2007 396 2011; x_wconf 83' lang='lat'><em>-</em></span> <span class='ocrx_word' id='word_1_163' title='bbox 434 1986 585 2021; x_wconf 84' lang='lat' dir='ltr'>Caetera</span> <span class='ocrx_word' id='word_1_164' title='bbox 620 2016 628 2023; x_wconf 91' lang='lat'>.</span> <span class='ocrx_word' id='word_1_165' title='bbox 656 2015 663 2023; x_wconf 88' lang='lat'>.</span> <span class='ocrx_word' id='word_1_166' title='bbox 691 2013 699 2022; x_wconf 94' lang='lat'>.</span> <span class='ocrx_word' id='word_1_167' title='bbox 735 1988 786 2022; x_wconf 88' lang='lat' dir='ltr'>ait</span> <span class='ocrx_word' id='word_1_168' title='bbox 821 2000 887 2024; x_wconf 91' lang='lat' dir='ltr'>rex</span> <span class='ocrx_word' id='word_1_169' title='bbox 925 2001 962 2024; x_wconf 89' lang='lat' dir='ltr'>se</span> <span class='ocrx_word' id='word_1_170' title='bbox 998 2016 1006 2024; x_wconf 94' lang='lat'>.</span> <span class='ocrx_word' id='word_1_171' title='bbox 1034 2018 1042 2025; x_wconf 94' lang='lat'>.</span> 
     </span>
     <span class='ocr_line' id='line_1_35' title="bbox 351 2034 1078 2116; baseline 0.007 -49"><span class='ocrx_word' id='word_1_172' title='bbox 351 2044 418 2068; x_wconf 90' lang='grc'>1100</span> <span class='ocrx_word' id='word_1_173' title='bbox 442 2045 510 2116; x_wconf 71' lang='grc'>15110</span> <span class='ocrx_word' id='word_1_174' title='bbox 535 2034 613 2068; x_wconf 87' lang='grc'>11110</span> <span class='ocrx_word' id='word_1_175' title='bbox 639 2045 703 2068; x_wconf 84' lang='grc'>0110</span> <span class='ocrx_word' id='word_1_176' title='bbox 730 2036 960 2079; x_wconf 89' lang='lat' dir='ltr'>expostulare</span> <span class='ocrx_word' id='word_1_177' title='bbox 983 2038 1078 2072; x_wconf 86' lang='lat' dir='ltr'>velle</span> 
     </span>
     <span class='ocr_line' id='line_1_36' title="bbox 398 2126 1076 2174; baseline 0.007 -14"><span class='ocrx_word' id='word_1_178' title='bbox 398 2127 560 2161; x_wconf 79' lang='lat' dir='ltr'>marchio</span> <span class='ocrx_word' id='word_1_179' title='bbox 585 2126 681 2162; x_wconf 90' lang='lat' dir='ltr'>fame</span> <span class='ocrx_word' id='word_1_180' title='bbox 705 2128 820 2174; x_wconf 82' lang='lat' dir='ltr'>magis</span> <span class='ocrx_word' id='word_1_181' title='bbox 845 2141 953 2173; x_wconf 88' lang='lat' dir='ltr'>quam</span> <span class='ocrx_word' id='word_1_182' title='bbox 978 2130 1076 2165; x_wconf 87' lang='lat' dir='ltr'>ferro</span> 
     </span>
     <span class='ocr_line' id='line_1_37' title="bbox 352 2175 1074 2220; baseline 0.008 -13"><span class='ocrx_word' id='word_1_183' title='bbox 352 2176 658 2219; x_wconf 85' lang='lat' dir='ltr'>expugnatus</span> <span class='ocrx_word' id='word_1_184' title='bbox 684 2186 721 2209; x_wconf 90' lang='lat' dir='ltr'>se</span> <span class='ocrx_word' id='word_1_185' title='bbox 746 2175 886 2210; x_wconf 84' lang='lat' dir='ltr'>dedidit</span> <span class='ocrx_word' id='word_1_186' title='bbox 904 2178 959 2220; x_wconf 88' lang='lat'>78,</span> <span class='ocrx_word' id='word_1_187' title='bbox 971 2188 1016 2212; x_wconf 85' lang='lat'>20.</span> <span class='ocrx_word' id='word_1_188' title='bbox 1033 2198 1074 2202; x_wconf 78' lang='grc'>-</span> 
     </span>
     <span class='ocr_line' id='line_1_38' title="bbox 351 2221 1074 2268; baseline 0.004 -13"><span class='ocrx_word' id='word_1_189' title='bbox 351 2223 392 2255; x_wconf 90' lang='lat' dir='ltr'>ut</span> <span class='ocrx_word' id='word_1_190' title='bbox 426 2232 516 2265; x_wconf 90' lang='lat' dir='ltr'>quos</span> <span class='ocrx_word' id='word_1_191' title='bbox 549 2221 709 2256; x_wconf 86' lang='lat' dir='ltr'>huma-na</span> <span class='ocrx_word' id='word_1_192' title='bbox 742 2222 796 2256; x_wconf 87' lang='lat' dir='ltr'>vis</span> <span class='ocrx_word' id='word_1_193' title='bbox 820 2233 895 2258; x_wconf 91' lang='lat' dir='ltr'>non</span> <span class='ocrx_word' id='word_1_194' title='bbox 918 2225 1074 2268; x_wconf 86' lang='lat' dir='ltr'>poterat,</span> 
     </span>
     <span class='ocr_line' id='line_1_39' title="bbox 352 2268 1076 2316; baseline 0.004 -14"><span class='ocrx_word' id='word_1_195' title='bbox 352 2268 608 2303; x_wconf 87' lang='lat' dir='ltr'>alimentorum</span> <span class='ocrx_word' id='word_1_196' title='bbox 665 2269 790 2313; x_wconf 89' lang='lat' dir='ltr'>inopia</span> <span class='ocrx_word' id='word_1_197' title='bbox 850 2273 1076 2316; x_wconf 83' lang='lat' dir='ltr'>expugnaret</span> 
     </span>
     <span class='ocr_line' id='line_1_40' title="bbox 352 2316 1075 2363; baseline 0.001 -12"><span class='ocrx_word' id='word_1_198' title='bbox 352 2317 433 2359; x_wconf 87' lang='grc'>161,</span> <span class='ocrx_word' id='word_1_199' title='bbox 447 2326 491 2351; x_wconf 77' lang='lat'>25.</span> <span class='ocrx_word' id='word_1_200' title='bbox 529 2336 571 2340; x_wconf 84' lang='lat'><em>-</em></span> <span class='ocrx_word' id='word_1_201' title='bbox 612 2326 672 2350; x_wconf 91' lang='lat' dir='ltr'>eos</span> <span class='ocrx_word' id='word_1_202' title='bbox 710 2316 772 2360; x_wconf 92' lang='lat' dir='ltr'>qui</span> <span class='ocrx_word' id='word_1_203' title='bbox 807 2316 846 2351; x_wconf 92' lang='grc'>111</span> <span class='ocrx_word' id='word_1_204' title='bbox 882 2317 1075 2363; x_wconf 86' lang='lat' dir='ltr'>Asenberg</span> 
     </span>
     <span class='ocr_line' id='line_1_41' title="bbox 351 2341 1074 2409; baseline 0.004 -13"><span class='ocrx_word' id='word_1_205' title='bbox 351 2341 455 2397; x_wconf 64' lang='lat' dir='ltr'>erax&#39;it</span> <span class='ocrx_word' id='word_1_206' title='bbox 487 2362 608 2397; x_wconf 88' lang='lat' dir='ltr'>inedia</span> <span class='ocrx_word' id='word_1_207' title='bbox 642 2366 869 2409; x_wconf 82' lang='lat' dir='ltr'>expugnatos</span> <span class='ocrx_word' id='word_1_208' title='bbox 902 2364 941 2399; x_wconf 91' lang='lat' dir='ltr'>in</span> <span class='ocrx_word' id='word_1_209' title='bbox 975 2364 1074 2399; x_wconf 89' lang='lat' dir='ltr'>dedi-</span> 
     </span>
     <span class='ocr_line' id='line_1_42' title="bbox 349 2409 1076 2454; baseline 0.006 -11"><span class='ocrx_word' id='word_1_210' title='bbox 349 2409 487 2444; x_wconf 87' lang='lat' dir='ltr'>tionem</span> <span class='ocrx_word' id='word_1_211' title='bbox 513 2412 732 2454; x_wconf 85' lang='lat' dir='ltr'>acceperunt</span> <span class='ocrx_word' id='word_1_212' title='bbox 758 2413 877 2454; x_wconf 90' lang='lat'>174,1.</span> <span class='ocrx_word' id='word_1_213' title='bbox 891 2432 936 2436; x_wconf 98' lang='lat'><strong>—</strong></span> <span class='ocrx_word' id='word_1_214' title='bbox 954 2411 1076 2447; x_wconf 84' lang='lat' dir='ltr'>inedia</span> 
     </span>
     <span class='ocr_line' id='line_1_43' title="bbox 351 2456 1074 2503; baseline 0.006 -13"><span class='ocrx_word' id='word_1_215' title='bbox 351 2481 360 2490; x_wconf 91' lang='lat'>.</span> <span class='ocrx_word' id='word_1_216' title='bbox 387 2484 394 2492; x_wconf 88' lang='lat'>.</span> <span class='ocrx_word' id='word_1_217' title='bbox 422 2484 429 2492; x_wconf 88' lang='lat'>.</span> <span class='ocrx_word' id='word_1_218' title='bbox 466 2456 643 2491; x_wconf 88' lang='lat' dir='ltr'>conficere</span> <span class='ocrx_word' id='word_1_219' title='bbox 676 2458 950 2503; x_wconf 87' lang='lat' dir='ltr'>aggrediuntur,</span> <span class='ocrx_word' id='word_1_220' title='bbox 985 2470 1074 2503; x_wconf 90' lang='lat' dir='ltr'>quos</span> 
     </span>
     <span class='ocr_line' id='line_1_44' title="bbox 350 2502 1071 2550; baseline 0.008 -14"><span class='ocrx_word' id='word_1_221' title='bbox 350 2502 447 2537; x_wconf 85' lang='lat' dir='ltr'>ferro</span> <span class='ocrx_word' id='word_1_222' title='bbox 466 2515 676 2548; x_wconf 84' lang='lat' dir='ltr'>expugnare</span> <span class='ocrx_word' id='word_1_223' title='bbox 688 2515 763 2538; x_wconf 90' lang='lat' dir='ltr'>non</span> <span class='ocrx_word' id='word_1_224' title='bbox 775 2507 1071 2550; x_wconf 85' lang='lat' dir='ltr'>poterant95,1o.</span> 
     </span>
     <span class='ocr_line' id='line_1_45' title="bbox 396 2549 1073 2596; baseline 0.005 -12"><span class='ocrx_word' id='word_1_225' title='bbox 396 2549 529 2585; x_wconf 89' lang='lat' dir='ltr'>Verbis</span> <span class='ocrx_word' id='word_1_226' title='bbox 570 2553 693 2585; x_wconf 85' lang='lat' dir='ltr'>tamen</span> <span class='ocrx_word' id='word_1_227' title='bbox 735 2552 1073 2596; x_wconf 85' lang='lat' dir='ltr'>exquisitissi-</span> 
     </span>
     <span class='ocr_line' id='line_1_46' title="bbox 349 2597 1074 2635; baseline 0.007 -5"><span class='ocrx_word' id='word_1_228' title='bbox 349 2597 435 2631; x_wconf 89' lang='lat' dir='ltr'>mis</span> <span class='ocrx_word' id='word_1_229' title='bbox 471 2597 672 2632; x_wconf 87' lang='lat' dir='ltr'>mesticiam</span> <span class='ocrx_word' id='word_1_230' title='bbox 710 2598 786 2633; x_wconf 88' lang='lat' dir='ltr'>eius</span> <span class='ocrx_word' id='word_1_231' title='bbox 821 2600 1074 2635; x_wconf 86' lang='lat' dir='ltr'>consolabatur</span> 
     </span>
     <span class='ocr_line' id='line_1_47' title="bbox 351 2644 1072 2687; baseline 0.003 -8"><span class='ocrx_word' id='word_1_232' title='bbox 351 2646 430 2687; x_wconf 89' lang='lat'>131,</span> <span class='ocrx_word' id='word_1_233' title='bbox 445 2655 490 2680; x_wconf 88' lang='lat'>20.</span> <span class='ocrx_word' id='word_1_234' title='bbox 511 2664 552 2669; x_wconf 94' lang='lat'>—</span> <span class='ocrx_word' id='word_1_235' title='bbox 571 2644 728 2680; x_wconf 83' lang='lat' dir='ltr'>fratres.</span> <span class='ocrx_word' id='word_1_236' title='bbox 776 2646 928 2682; x_wconf 88' lang='lat' dir='ltr'>.anxios</span> <span class='ocrx_word' id='word_1_237' title='bbox 953 2647 1072 2682; x_wconf 86' lang='lat' dir='ltr'>verbis</span> 
     </span>
     <span class='ocr_line' id='line_1_48' title="bbox 349 2690 1072 2746; baseline 0.007 -23"><span class='ocrx_word' id='word_1_238' title='bbox 349 2690 395 2724; x_wconf 86' lang='lat' dir='ltr'>ad</span> <span class='ocrx_word' id='word_1_239' title='bbox 421 2691 681 2725; x_wconf 86' lang='lat' dir='ltr'>consolandum</span> <span class='ocrx_word' id='word_1_240' title='bbox 706 2693 991 2746; x_wconf 85' lang='lat' dir='ltr'>exquisitissimis</span> <span class='ocrx_word' id='word_1_241' title='bbox 1016 2705 1072 2729; x_wconf 88' lang='lat' dir='ltr'>re-</span> 
     </span>
     <span class='ocr_line' id='line_1_49' title="bbox 348 2736 1071 2782; baseline 0.008 -12"><span class='ocrx_word' id='word_1_242' title='bbox 348 2736 472 2771; x_wconf 85' lang='lat' dir='ltr'>fovere</span> <span class='ocrx_word' id='word_1_243' title='bbox 501 2740 582 2782; x_wconf 88' lang='lat'>323,</span> <span class='ocrx_word' id='word_1_244' title='bbox 596 2749 624 2774; x_wconf 89' lang='lat'><strong>5.</strong></span> <span class='ocrx_word' id='word_1_245' title='bbox 663 2758 705 2764; x_wconf 85' lang='lat'>—</span> <span class='ocrx_word' id='word_1_246' title='bbox 739 2739 878 2774; x_wconf 89' lang='lat' dir='ltr'>animos</span> <span class='ocrx_word' id='word_1_247' title='bbox 905 2768 913 2776; x_wconf 92' lang='lat'>.</span> <span class='ocrx_word' id='word_1_248' title='bbox 941 2768 948 2776; x_wconf 93' lang='lat'>.</span> <span class='ocrx_word' id='word_1_249' title='bbox 976 2766 984 2775; x_wconf 91' lang='lat'>.</span> <span class='ocrx_word' id='word_1_250' title='bbox 1010 2752 1071 2775; x_wconf 88' lang='lat' dir='ltr'>an—</span> 
     </span>
     <span class='ocr_line' id='line_1_50' title="bbox 347 2783 1071 2831; baseline 0.006 -14"><span class='ocrx_word' id='word_1_251' title='bbox 347 2783 426 2817; x_wconf 84' lang='lat' dir='ltr'>xios</span> <span class='ocrx_word' id='word_1_252' title='bbox 443 2784 563 2818; x_wconf 86' lang='lat' dir='ltr'>verbis</span> <span class='ocrx_word' id='word_1_253' title='bbox 589 2785 635 2819; x_wconf 89' lang='lat' dir='ltr'>ad</span> <span class='ocrx_word' id='word_1_254' title='bbox 660 2786 922 2820; x_wconf 88' lang='lat' dir='ltr'>consolandum</span> <span class='ocrx_word' id='word_1_255' title='bbox 948 2787 1071 2831; x_wconf 84' lang='lat' dir='ltr'>exqui—</span> 
     </span>
     <span class='ocr_line' id='line_1_51' title="bbox 349 2830 1071 2879; baseline 0.008 -16"><span class='ocrx_word' id='word_1_256' title='bbox 349 2830 524 2865; x_wconf 88' lang='lat' dir='ltr'>sitissimis</span> <span class='ocrx_word' id='word_1_257' title='bbox 541 2831 730 2867; x_wconf 84' lang='lat' dir='ltr'>refovebat</span> <span class='ocrx_word' id='word_1_258' title='bbox 746 2835 827 2877; x_wconf 82' lang='grc'>346,</span> <span class='ocrx_word' id='word_1_259' title='bbox 840 2844 867 2869; x_wconf 90' lang='lat'><strong>5.</strong></span> <span class='ocrx_word' id='word_1_260' title='bbox 884 2854 925 2858; x_wconf 91' lang='lat'>——</span> <span class='ocrx_word' id='word_1_261' title='bbox 944 2833 1071 2879; x_wconf 89' lang='lat' dir='ltr'>Ipsum</span> 
     </span>
    </p>
   </div>
   <div class='ocr_carea' id='block_1_7' title="bbox 844 220 1382 261">
    <p class='ocr_par' dir='ltr' id='par_1_10' title="bbox 844 220 1382 261">
     <span class='ocr_line' id='line_1_52' title="bbox 844 220 1382 261; baseline 0.011 -6"><span class='ocrx_word' id='word_1_262' title='bbox 844 220 1008 256; x_wconf 87' lang='lat' dir='ltr'>INDEX</span> <span class='ocrx_word' id='word_1_263' title='bbox 1033 221 1382 261; x_wconf 80' lang='lat' dir='ltr'>LOGUTIONUM.</span> 
     </span>
    </p>
   </div>
   <div class='ocr_carea' id='block_1_8' title="bbox 1134 341 1859 484">
    <p class='ocr_par' dir='ltr' id='par_1_11' title="bbox 1134 341 1859 484">
     <span class='ocr_line' id='line_1_53' title="bbox 1225 341 1859 391; baseline 0.01 -15"><span class='ocrx_word' id='word_1_264' title='bbox 1225 341 1516 387; x_wconf 84' lang='lat' dir='ltr'>advocaverunt,</span> <span class='ocrx_word' id='word_1_265' title='bbox 1550 345 1590 388; x_wconf 97' lang='lat' dir='ltr'>V,</span> <span class='ocrx_word' id='word_1_266' title='bbox 1626 346 1688 388; x_wconf 90' lang='lat'>19,</span> <span class='ocrx_word' id='word_1_267' title='bbox 1716 347 1750 381; x_wconf 88' lang='lat'>7.</span> <span class='ocrx_word' id='word_1_268' title='bbox 1773 355 1859 391; x_wconf 88' lang='lat' dir='ltr'>pro-</span> 
     </span>
     <span class='ocr_line' id='line_1_54' title="bbox 1135 369 1859 436; baseline 0.008 -14"><span class='ocrx_word' id='word_1_269' title='bbox 1135 386 1250 423; x_wconf 87' lang='lat' dir='ltr'>fectus</span> <span class='ocrx_word' id='word_1_270' title='bbox 1285 417 1292 426; x_wconf 93' lang='lat'>.</span> <span class='ocrx_word' id='word_1_271' title='bbox 1321 415 1329 424; x_wconf 94' lang='lat'>.</span> <span class='ocrx_word' id='word_1_272' title='bbox 1356 418 1363 426; x_wconf 94' lang='lat'>.</span> <span class='ocrx_word' id='word_1_273' title='bbox 1396 389 1442 424; x_wconf 83' lang='lat' dir='ltr'>ab</span> <span class='ocrx_word' id='word_1_274' title='bbox 1478 369 1568 426; x_wconf 76' lang='grc'>111-110</span> <span class='ocrx_word' id='word_1_275' title='bbox 1605 392 1859 436; x_wconf 68' lang='lat' dir='ltr'>expectatione</span> 
     </span>
     <span class='ocr_line' id='line_1_55' title="bbox 1134 434 1858 484; baseline 0.007 -15"><span class='ocrx_word' id='word_1_276' title='bbox 1134 434 1324 470; x_wconf 89' lang='lat' dir='ltr'>hominum</span> <span class='ocrx_word' id='word_1_277' title='bbox 1364 437 1502 472; x_wconf 87' lang='lat' dir='ltr'>maiore</span> <span class='ocrx_word' id='word_1_278' title='bbox 1540 449 1650 483; x_wconf 82' lang='lat' dir='ltr'>quam</span> <span class='ocrx_word' id='word_1_279' title='bbox 1682 439 1858 484; x_wconf 77' lang='lat' dir='ltr'>spe311,</span> 
     </span>
    </p>
   </div>
   <div class='ocr_carea' id='block_1_9' title="bbox 1135 483 1858 566">
    <p class='ocr_par' dir='ltr' id='par_1_12' title="bbox 1135 483 1858 564">
     <span class='ocr_line' id='line_1_56' title="bbox 1136 483 1858 531; baseline 0.006 -13"><span class='ocrx_word' id='word_1_280' title='bbox 1136 484 1190 526; x_wconf 87' lang='lat'>18,</span> <span class='ocrx_word' id='word_1_281' title='bbox 1206 485 1240 520; x_wconf 89' lang='lat'>4.</span> <span class='ocrx_word' id='word_1_282' title='bbox 1265 483 1303 518; x_wconf 88' lang='grc'>111</span> <span class='ocrx_word' id='word_1_283' title='bbox 1321 483 1388 519; x_wconf 89' lang='lat' dir='ltr'>hac</span> <span class='ocrx_word' id='word_1_284' title='bbox 1404 486 1589 520; x_wconf 86' lang='lat' dir='ltr'>tantarum</span> <span class='ocrx_word' id='word_1_285' title='bbox 1606 486 1858 531; x_wconf 83' lang='lat' dir='ltr'>expectatione</span> 
     </span>
     <span class='ocr_line' id='line_1_57' title="bbox 1135 541 1269 566; baseline 0.008 -3"><span class='ocrx_word' id='word_1_286' title='bbox 1135 541 1269 566; x_wconf 71' lang='lat' dir='ltr'>rerum.</span> 
     </span>
    </p>
   </div>
   <div class='ocr_carea' id='block_1_10' title="bbox 1132 719 1859 1050">
    <p class='ocr_par' dir='ltr' id='par_1_13' title="bbox 1132 719 1859 1050">
     <span class='ocr_line' id='line_1_58' title="bbox 1182 719 1857 764; baseline 0.007 -12"><span class='ocrx_word' id='word_1_287' title='bbox 1182 719 1299 755; x_wconf 85' lang='lat' dir='ltr'>Amm.</span> <span class='ocrx_word' id='word_1_288' title='bbox 1317 719 1432 755; x_wconf 79' lang='lat' dir='ltr'>Marc.</span> <span class='ocrx_word' id='word_1_289' title='bbox 1458 720 1602 763; x_wconf 84' lang='lat' dir='ltr'>XXIX,</span> <span class='ocrx_word' id='word_1_290' title='bbox 1617 721 1649 764; x_wconf 83' lang='lat'>6,</span> <span class='ocrx_word' id='word_1_291' title='bbox 1670 722 1727 758; x_wconf 81' lang='lat'>14.</span> <span class='ocrx_word' id='word_1_292' title='bbox 1752 720 1857 757; x_wconf 83' lang='lat' dir='ltr'>dum-</span> 
     </span>
     <span class='ocr_line' id='line_1_59' title="bbox 1135 765 1858 809; baseline 0.007 -10"><span class='ocrx_word' id='word_1_293' title='bbox 1135 776 1205 809; x_wconf 91' lang='lat' dir='ltr'>que</span> <span class='ocrx_word' id='word_1_294' title='bbox 1227 765 1360 800; x_wconf 87' lang='lat' dir='ltr'>milites</span> <span class='ocrx_word' id='word_1_295' title='bbox 1385 765 1525 801; x_wconf 76' lang='lat' dir='ltr'>tardius</span> <span class='ocrx_word' id='word_1_296' title='bbox 1551 794 1559 803; x_wconf 95' lang='lat'>.</span> <span class='ocrx_word' id='word_1_297' title='bbox 1587 795 1594 803; x_wconf 97' lang='lat'>.</span> <span class='ocrx_word' id='word_1_298' title='bbox 1622 794 1632 804; x_wconf 88' lang='lat'>.</span> <span class='ocrx_word' id='word_1_299' title='bbox 1655 778 1758 804; x_wconf 76' lang='lat' dir='ltr'>arma</span> <span class='ocrx_word' id='word_1_300' title='bbox 1780 778 1858 804; x_wconf 82' lang='lat' dir='ltr'>ex-</span> 
     </span>
     <span class='ocr_line' id='line_1_60' title="bbox 1133 812 1858 859; baseline 0.008 -13"><span class='ocrx_word' id='word_1_301' title='bbox 1133 812 1356 858; x_wconf 84' lang='lat' dir='ltr'>pediunt3</span> <span class='ocrx_word' id='word_1_302' title='bbox 1386 814 1558 859; x_wconf 91' lang='lat' dir='ltr'>XXVII,</span> <span class='ocrx_word' id='word_1_303' title='bbox 1587 816 1620 858; x_wconf 84' lang='lat' dir='ltr'>l,</span> <span class='ocrx_word' id='word_1_304' title='bbox 1645 817 1678 851; x_wconf 87' lang='lat'>3.</span> <span class='ocrx_word' id='word_1_305' title='bbox 1703 826 1771 851; x_wconf 78' lang='lat' dir='ltr'>neo</span> <span class='ocrx_word' id='word_1_306' title='bbox 1795 826 1858 852; x_wconf 78' lang='lat' dir='ltr'>ex-</span> 
     </span>
     <span class='ocr_line' id='line_1_61' title="bbox 1133 859 1859 906; baseline 0.007 -12"><span class='ocrx_word' id='word_1_307' title='bbox 1133 859 1260 904; x_wconf 84' lang='lat' dir='ltr'>pedire</span> <span class='ocrx_word' id='word_1_308' title='bbox 1297 871 1400 895; x_wconf 86' lang='lat' dir='ltr'>arma</span> <span class='ocrx_word' id='word_1_309' title='bbox 1434 887 1442 896; x_wconf 91' lang='lat'>.</span> <span class='ocrx_word' id='word_1_310' title='bbox 1471 888 1480 897; x_wconf 91' lang='lat'>.</span> <span class='ocrx_word' id='word_1_311' title='bbox 1507 889 1515 898; x_wconf 89' lang='lat'>.</span> <span class='ocrx_word' id='word_1_312' title='bbox 1553 861 1859 906; x_wconf 78' lang='lat' dir='ltr'>permittebantur</span> 
     </span>
     <span class='ocr_line' id='line_1_62' title="bbox 1134 908 1857 954; baseline 0.01 -13"><span class='ocrx_word' id='word_1_313' title='bbox 1134 909 1287 952; x_wconf 85' lang='lat' dir='ltr'>urgente</span> <span class='ocrx_word' id='word_1_314' title='bbox 1320 908 1471 944; x_wconf 83' lang='lat' dir='ltr'>victore.</span> <span class='ocrx_word' id='word_1_315' title='bbox 1509 929 1551 934; x_wconf 94' lang='lat'><em>-</em></span> <span class='ocrx_word' id='word_1_316' title='bbox 1584 909 1662 946; x_wconf 83' lang='lat' dir='ltr'>Ia&#39;v.</span> <span class='ocrx_word' id='word_1_317' title='bbox 1691 910 1773 954; x_wconf 82' lang='lat' dir='ltr'>XL,</span> <span class='ocrx_word' id='word_1_318' title='bbox 1798 911 1857 948; x_wconf 77' lang='lat'>39.</span> 
     </span>
     <span class='ocr_line' id='line_1_63' title="bbox 1134 955 1857 1002; baseline 0.01 -14"><span class='ocrx_word' id='word_1_319' title='bbox 1134 965 1235 989; x_wconf 83' lang='lat' dir='ltr'>arma</span> <span class='ocrx_word' id='word_1_320' title='bbox 1253 955 1424 1000; x_wconf 88' lang='lat' dir='ltr'>expedire</span> <span class='ocrx_word' id='word_1_321' title='bbox 1439 955 1618 1001; x_wconf 82' lang='lat' dir='ltr'>iubend03</span> <span class='ocrx_word' id='word_1_322' title='bbox 1640 956 1784 1002; x_wconf 83' lang='lat' dir='ltr'>XXIV,</span> <span class='ocrx_word' id='word_1_323' title='bbox 1801 959 1857 995; x_wconf 70' lang='lat'>14.</span> 
     </span>
     <span class='ocr_line' id='line_1_64' title="bbox 1132 1002 1822 1050; baseline 0.007 -14"><span class='ocrx_word' id='word_1_324' title='bbox 1132 1002 1254 1046; x_wconf 85' lang='lat' dir='ltr'>XXV,</span> <span class='ocrx_word' id='word_1_325' title='bbox 1274 1004 1331 1038; x_wconf 89' lang='grc'>38.</span> <span class='ocrx_word' id='word_1_326' title='bbox 1356 1002 1467 1037; x_wconf 86' lang='lat' dir='ltr'>armis</span> <span class='ocrx_word' id='word_1_327' title='bbox 1491 1003 1738 1050; x_wconf 82' lang='lat' dir='ltr'>expediendis,</span> <span class='ocrx_word' id='word_1_328' title='bbox 1762 1010 1822 1042; x_wconf 74' lang='lat' dir='ltr'>eto.</span> 
     </span>
    </p>
   </div>
   <div class='ocr_carea' id='block_1_11' title="bbox 1130 1097 1855 1189">
    <p class='ocr_par' dir='ltr' id='par_1_14' title="bbox 1130 1097 1855 1189">
     <span class='ocr_line' id='line_1_65' title="bbox 1181 1097 1855 1144; baseline 0.007 -14"><span class='ocrx_word' id='word_1_329' title='bbox 1181 1097 1266 1132; x_wconf 82' lang='lat' dir='ltr'>Gen.</span> <span class='ocrx_word' id='word_1_330' title='bbox 1284 1098 1414 1141; x_wconf 60' lang='lat'>4215.</span> <span class='ocrx_word' id='word_1_331' title='bbox 1439 1108 1538 1132; x_wconf 84' lang='grc'>1111110</span> <span class='ocrx_word' id='word_1_332' title='bbox 1553 1098 1855 1144; x_wconf 86' lang='lat' dir='ltr'>experimen-</span> 
     </span>
     <span class='ocr_line' id='line_1_66' title="bbox 1130 1144 1541 1189; baseline 0.007 -12"><span class='ocrx_word' id='word_1_333' title='bbox 1130 1144 1180 1177; x_wconf 90' lang='lat' dir='ltr'>tu</span> <span class='ocrx_word' id='word_1_334' title='bbox 1190 1155 1227 1178; x_wconf 94' lang='lat' dir='ltr'>m</span> <span class='ocrx_word' id='word_1_335' title='bbox 1251 1144 1364 1179; x_wconf 87' lang='lat' dir='ltr'>vestri</span> <span class='ocrx_word' id='word_1_336' title='bbox 1388 1145 1541 1189; x_wconf 81' lang='lat' dir='ltr'>capiam.</span> 
     </span>
    </p>
   </div>
   <div class='ocr_carea' id='block_1_12' title="bbox 1128 1239 1856 1708">
    <p class='ocr_par' dir='ltr' id='par_1_15' title="bbox 1129 1239 1856 1461">
     <span class='ocr_line' id='line_1_67' title="bbox 1179 1239 1856 1292; baseline 0.006 -20"><span class='ocrx_word' id='word_1_337' title='bbox 1179 1239 1270 1274; x_wconf 83' lang='lat' dir='ltr'>Sall.</span> <span class='ocrx_word' id='word_1_338' title='bbox 1292 1239 1373 1282; x_wconf 76' lang='lat' dir='ltr'>Iuy.</span> <span class='ocrx_word' id='word_1_339' title='bbox 1400 1241 1456 1292; x_wconf 90' lang='lat'>32.</span> <span class='ocrx_word' id='word_1_340' title='bbox 1482 1251 1530 1274; x_wconf 92' lang='lat' dir='ltr'>ne</span> <span class='ocrx_word' id='word_1_341' title='bbox 1554 1239 1629 1274; x_wconf 84' lang='lat' dir='ltr'>vim</span> <span class='ocrx_word' id='word_1_342' title='bbox 1654 1250 1765 1284; x_wconf 85' lang='lat' dir='ltr'>quam</span> <span class='ocrx_word' id='word_1_343' title='bbox 1788 1240 1856 1276; x_wconf 87' lang='lat' dir='ltr'>mi-</span> 
     </span>
     <span class='ocr_line' id='line_1_68' title="bbox 1130 1285 1853 1331; baseline 0.005 -12"><span class='ocrx_word' id='word_1_344' title='bbox 1130 1285 1362 1320; x_wconf 87' lang='lat' dir='ltr'>sericordiam</span> <span class='ocrx_word' id='word_1_345' title='bbox 1377 1285 1453 1321; x_wconf 87' lang='lat' dir='ltr'>eius</span> <span class='ocrx_word' id='word_1_346' title='bbox 1471 1287 1668 1331; x_wconf 88' lang='lat' dir='ltr'>experiri</span> <span class='ocrx_word' id='word_1_347' title='bbox 1679 1287 1853 1325; x_wconf 76' lang='lat' dir='ltr'>malit.-</span> 
     </span>
     <span class='ocr_line' id='line_1_69' title="bbox 1130 1332 1855 1376; baseline 0.007 -11"><span class='ocrx_word' id='word_1_348' title='bbox 1130 1333 1206 1367; x_wconf 73' lang='lat' dir='ltr'>Ia&#39;v.</span> <span class='ocrx_word' id='word_1_349' title='bbox 1233 1333 1373 1376; x_wconf 89' lang='lat' dir='ltr'>XLIV,</span> <span class='ocrx_word' id='word_1_350' title='bbox 1401 1336 1433 1370; x_wconf 89' lang='grc'>9.</span> <span class='ocrx_word' id='word_1_351' title='bbox 1468 1332 1580 1368; x_wconf 89' lang='lat' dir='ltr'>fidem</span> <span class='ocrx_word' id='word_1_352' title='bbox 1608 1334 1855 1370; x_wconf 76' lang='lat' dir='ltr'>clementiam-</span> 
     </span>
     <span class='ocr_line' id='line_1_70' title="bbox 1130 1378 1855 1428; baseline 0.007 -15"><span class='ocrx_word' id='word_1_353' title='bbox 1130 1390 1201 1423; x_wconf 91' lang='lat' dir='ltr'>que</span> <span class='ocrx_word' id='word_1_354' title='bbox 1225 1378 1477 1415; x_wconf 84' lang='lat' dir='ltr'>Romanorum</span> <span class='ocrx_word' id='word_1_355' title='bbox 1511 1391 1621 1425; x_wconf 89' lang='lat' dir='ltr'>quam</span> <span class='ocrx_word' id='word_1_356' title='bbox 1644 1381 1720 1416; x_wconf 83' lang='lat' dir='ltr'>vim</span> <span class='ocrx_word' id='word_1_357' title='bbox 1745 1393 1855 1428; x_wconf 83' lang='lat' dir='ltr'>expe-</span> 
     </span>
     <span class='ocr_line' id='line_1_71' title="bbox 1129 1426 1382 1462; baseline 0.008 -3"><span class='ocrx_word' id='word_1_358' title='bbox 1129 1426 1194 1460; x_wconf 87' lang='lat' dir='ltr'>riri</span> <span class='ocrx_word' id='word_1_359' title='bbox 1218 1427 1382 1462; x_wconf 86' lang='lat' dir='ltr'>mallent.</span> 
     </span>
    </p>

    <p class='ocr_par' dir='ltr' id='par_1_16' title="bbox 1128 1474 1855 1612">
     <span class='ocr_line' id='line_1_72' title="bbox 1182 1474 1855 1519; baseline 0.006 -12"><span class='ocrx_word' id='word_1_360' title='bbox 1182 1474 1320 1510; x_wconf 73' lang='lat' dir='ltr'>Terent.</span> <span class='ocrx_word' id='word_1_361' title='bbox 1350 1474 1448 1510; x_wconf 81' lang='lat' dir='ltr'>Eun</span> <span class='ocrx_word' id='word_1_362' title='bbox 1482 1475 1550 1519; x_wconf 91' lang='lat' dir='ltr'>IV,</span> <span class='ocrx_word' id='word_1_363' title='bbox 1578 1477 1611 1518; x_wconf 88' lang='lat'>7,</span> <span class='ocrx_word' id='word_1_364' title='bbox 1639 1477 1694 1512; x_wconf 88' lang='lat'>19.</span> <span class='ocrx_word' id='word_1_365' title='bbox 1732 1476 1855 1511; x_wconf 76' lang='lat' dir='ltr'>omnia</span> 
     </span>
     <span class='ocr_line' id='line_1_73' title="bbox 1128 1521 1854 1566; baseline 0.007 -12"><span class='ocrx_word' id='word_1_366' title='bbox 1128 1521 1229 1564; x_wconf 85' lang='lat' dir='ltr'>prius</span> <span class='ocrx_word' id='word_1_367' title='bbox 1264 1521 1484 1565; x_wconf 87' lang='lat' dir='ltr'>experiri</span> <span class='ocrx_word' id='word_1_368' title='bbox 1517 1533 1627 1566; x_wconf 84' lang='lat' dir='ltr'>quam</span> <span class='ocrx_word' id='word_1_369' title='bbox 1661 1522 1770 1558; x_wconf 80' lang='lat' dir='ltr'>armis</span> <span class='ocrx_word' id='word_1_370' title='bbox 1796 1533 1854 1559; x_wconf 78' lang='grc'>00-</span> 
     </span>
     <span class='ocr_line' id='line_1_74' title="bbox 1128 1567 1431 1612; baseline 0.007 -11"><span class='ocrx_word' id='word_1_371' title='bbox 1128 1567 1290 1612; x_wconf 88' lang='lat' dir='ltr'>pientem</span> <span class='ocrx_word' id='word_1_372' title='bbox 1315 1567 1431 1604; x_wconf 89' lang='lat' dir='ltr'>decet.</span> 
     </span>
    </p>

    <p class='ocr_par' dir='ltr' id='par_1_17' title="bbox 1129 1615 1854 1708">
     <span class='ocr_line' id='line_1_75' title="bbox 1183 1615 1854 1661; baseline 0.006 -13"><span class='ocrx_word' id='word_1_373' title='bbox 1183 1615 1320 1649; x_wconf 73' lang='lat' dir='ltr'>Terent.</span> <span class='ocrx_word' id='word_1_374' title='bbox 1354 1616 1471 1652; x_wconf 76' lang='lat' dir='ltr'>Andr.</span> <span class='ocrx_word' id='word_1_375' title='bbox 1501 1617 1571 1661; x_wconf 88' lang='lat' dir='ltr'>IV,</span> <span class='ocrx_word' id='word_1_376' title='bbox 1606 1618 1644 1661; x_wconf 89' lang='lat'>1,</span> <span class='ocrx_word' id='word_1_377' title='bbox 1677 1619 1734 1654; x_wconf 86' lang='lat'>15.</span> <span class='ocrx_word' id='word_1_378' title='bbox 1769 1627 1854 1652; x_wconf 86' lang='lat' dir='ltr'>cnm</span> 
     </span>
     <span class='ocr_line' id='line_1_76' title="bbox 1129 1661 1854 1708; baseline 0.006 -12"><span class='ocrx_word' id='word_1_379' title='bbox 1129 1673 1172 1696; x_wconf 93' lang='lat' dir='ltr'>eo</span> <span class='ocrx_word' id='word_1_380' title='bbox 1197 1661 1366 1697; x_wconf 86' lang='lat' dir='ltr'>iniuriam</span> <span class='ocrx_word' id='word_1_381' title='bbox 1399 1662 1494 1698; x_wconf 87' lang='lat' dir='ltr'>hanc</span> <span class='ocrx_word' id='word_1_382' title='bbox 1522 1664 1854 1708; x_wconf 78' lang='lat' dir='ltr'>expostulem?</span> 
     </span>
    </p>
   </div>
   <div class='ocr_carea' id='block_1_13' title="bbox 1177 1851 1853 1896">
    <p class='ocr_par' dir='ltr' id='par_1_18' title="bbox 1177 1851 1853 1896">
     <span class='ocr_line' id='line_1_77' title="bbox 1177 1851 1853 1896; baseline 0.006 -12"><span class='ocrx_word' id='word_1_383' title='bbox 1177 1851 1246 1886; x_wconf 78' lang='lat' dir='ltr'>Ad.</span> <span class='ocrx_word' id='word_1_384' title='bbox 1263 1851 1316 1894; x_wconf 93' lang='lat' dir='ltr'>II,</span> <span class='ocrx_word' id='word_1_385' title='bbox 1334 1853 1366 1894; x_wconf 85' lang='lat'>1,</span> <span class='ocrx_word' id='word_1_386' title='bbox 1384 1852 1441 1887; x_wconf 90' lang='lat'>48.</span> <span class='ocrx_word' id='word_1_387' title='bbox 1471 1862 1577 1886; x_wconf 88' lang='lat' dir='ltr'>suum</span> <span class='ocrx_word' id='word_1_388' title='bbox 1601 1851 1656 1886; x_wconf 84' lang='lat' dir='ltr'>ius</span> <span class='ocrx_word' id='word_1_389' title='bbox 1681 1852 1853 1896; x_wconf 81' lang='lat' dir='ltr'>postulat.</span> 
     </span>
    </p>
   </div>
   <div class='ocr_carea' id='block_1_14' title="bbox 1123 2132 1851 2457">
    <p class='ocr_par' dir='ltr' id='par_1_19' title="bbox 1123 2132 1851 2457">
     <span class='ocr_line' id='line_1_78' title="bbox 1174 2132 1851 2176; baseline 0.007 -11"><span class='ocrx_word' id='word_1_390' title='bbox 1174 2133 1262 2169; x_wconf 85' lang='lat' dir='ltr'>Sall.</span> <span class='ocrx_word' id='word_1_391' title='bbox 1300 2133 1381 2176; x_wconf 74' lang='lat' dir='ltr'>Iuy.</span> <span class='ocrx_word' id='word_1_392' title='bbox 1418 2134 1476 2169; x_wconf 82' lang='lat'>24.</span> <span class='ocrx_word' id='word_1_393' title='bbox 1526 2132 1622 2168; x_wconf 85' lang='lat' dir='ltr'>ferro</span> <span class='ocrx_word' id='word_1_394' title='bbox 1666 2145 1713 2168; x_wconf 77' lang='lat' dir='ltr'>an</span> <span class='ocrx_word' id='word_1_395' title='bbox 1752 2132 1851 2170; x_wconf 80' lang='lat' dir='ltr'>fame</span> 
     </span>
     <span class='ocr_line' id='line_1_79' title="bbox 1127 2179 1849 2223; baseline 0.004 -11"><span class='ocrx_word' id='word_1_396' title='bbox 1127 2178 1244 2213; x_wconf 72' lang='lat' dir='ltr'>acrius</span> <span class='ocrx_word' id='word_1_397' title='bbox 1286 2190 1429 2223; x_wconf 79' lang='lat' dir='ltr'>urgear,</span> <span class='ocrx_word' id='word_1_398' title='bbox 1471 2179 1630 2214; x_wconf 87' lang='lat' dir='ltr'>incertus</span> <span class='ocrx_word' id='word_1_399' title='bbox 1671 2191 1762 2216; x_wconf 86' lang='lat' dir='ltr'>sum.</span> <span class='ocrx_word' id='word_1_400' title='bbox 1805 2200 1849 2208; x_wconf 85' lang='lat'><em>-</em></span> 
     </span>
     <span class='ocr_line' id='line_1_80' title="bbox 1125 2226 1850 2272; baseline 0.007 -14"><span class='ocrx_word' id='word_1_401' title='bbox 1125 2226 1261 2261; x_wconf 71' lang='lat' dir='ltr'>Lucan.</span> <span class='ocrx_word' id='word_1_402' title='bbox 1288 2227 1356 2269; x_wconf 92' lang='lat' dir='ltr'>IV,</span> <span class='ocrx_word' id='word_1_403' title='bbox 1376 2228 1457 2262; x_wconf 88' lang='grc'>410</span> <span class='ocrx_word' id='word_1_404' title='bbox 1484 2229 1732 2272; x_wconf 79' lang='lat' dir='ltr'>expugnat</span> <span class='ocrx_word' id='word_1_405' title='bbox 1756 2238 1850 2272; x_wconf 73' lang='lat' dir='ltr'>quae</span> 
     </span>
     <span class='ocr_line' id='line_1_81' title="bbox 1124 2271 1850 2319; baseline 0.008 -14"><span class='ocrx_word' id='word_1_406' title='bbox 1124 2274 1205 2306; x_wconf 86' lang='lat' dir='ltr'>tuta</span> <span class='ocrx_word' id='word_1_407' title='bbox 1241 2271 1365 2308; x_wconf 89' lang='lat' dir='ltr'>fames.</span> <span class='ocrx_word' id='word_1_408' title='bbox 1395 2293 1437 2297; x_wconf 89' lang='lat'>—</span> <span class='ocrx_word' id='word_1_409' title='bbox 1463 2274 1541 2309; x_wconf 82' lang='lat' dir='ltr'>Liv.</span> <span class='ocrx_word' id='word_1_410' title='bbox 1567 2274 1637 2318; x_wconf 90' lang='lat' dir='ltr'>IX,</span> <span class='ocrx_word' id='word_1_411' title='bbox 1664 2276 1720 2311; x_wconf 88' lang='grc'>31.</span> <span class='ocrx_word' id='word_1_412' title='bbox 1745 2285 1850 2319; x_wconf 76' lang='lat' dir='ltr'>prae·-</span> 
     </span>
     <span class='ocr_line' id='line_1_82' title="bbox 1124 2318 1848 2372; baseline 0.006 -20"><span class='ocrx_word' id='word_1_413' title='bbox 1124 2318 1267 2362; x_wconf 84' lang='lat' dir='ltr'>sidium,</span> <span class='ocrx_word' id='word_1_414' title='bbox 1309 2319 1395 2362; x_wconf 86' lang='lat' dir='ltr'>quia</span> <span class='ocrx_word' id='word_1_415' title='bbox 1429 2319 1644 2372; x_wconf 75' lang='lat' dir='ltr'>nequiverat</span> <span class='ocrx_word' id='word_1_416' title='bbox 1682 2321 1720 2355; x_wconf 88' lang='lat' dir='ltr'>vi</span> <span class='ocrx_word' id='word_1_417' title='bbox 1755 2321 1848 2367; x_wconf 82' lang='lat' dir='ltr'>capi,</span> 
     </span>
     <span class='ocr_line' id='line_1_83' title="bbox 1125 2365 1848 2404; baseline 0.007 -5"><span class='ocrx_word' id='word_1_418' title='bbox 1125 2366 1287 2400; x_wconf 86' lang='lat' dir='ltr'>obsessos</span> <span class='ocrx_word' id='word_1_419' title='bbox 1313 2365 1410 2401; x_wconf 86' lang='lat' dir='ltr'>fame</span> <span class='ocrx_word' id='word_1_420' title='bbox 1434 2366 1473 2400; x_wconf 92' lang='lat' dir='ltr'>in</span> <span class='ocrx_word' id='word_1_421' title='bbox 1498 2366 1722 2402; x_wconf 79' lang='lat' dir='ltr'>deditionem</span> <span class='ocrx_word' id='word_1_422' title='bbox 1746 2378 1848 2404; x_wconf 73' lang='lat' dir='ltr'>aoce-</span> 
     </span>
     <span class='ocr_line' id='line_1_84' title="bbox 1123 2415 1264 2457; baseline -0.008 -10"><span class='ocrx_word' id='word_1_423' title='bbox 1123 2415 1264 2457; x_wconf 87' lang='lat' dir='ltr'>perant.</span> 
     </span>
    </p>
   </div>
   <div class='ocr_carea' id='block_1_15' title="bbox 1123 2553 1848 2647">
    <p class='ocr_par' dir='ltr' id='par_1_20' title="bbox 1123 2553 1848 2647">
     <span class='ocr_line' id='line_1_85' title="bbox 1172 2553 1848 2598; baseline 0.003 -10"><span class='ocrx_word' id='word_1_424' title='bbox 1172 2554 1240 2590; x_wconf 79' lang='lat' dir='ltr'>Cic.</span> <span class='ocrx_word' id='word_1_425' title='bbox 1266 2553 1363 2589; x_wconf 77' lang='lat' dir='ltr'>Phil.</span> <span class='ocrx_word' id='word_1_426' title='bbox 1392 2554 1460 2598; x_wconf 89' lang='lat' dir='ltr'>IV,</span> <span class='ocrx_word' id='word_1_427' title='bbox 1494 2556 1534 2598; x_wconf 86' lang='lat'>3,</span> <span class='ocrx_word' id='word_1_428' title='bbox 1562 2557 1597 2590; x_wconf 89' lang='lat'>6.</span> <span class='ocrx_word' id='word_1_429' title='bbox 1631 2554 1848 2590; x_wconf 70' lang='lat' dir='ltr'>Laudentur</span> 
     </span>
     <span class='ocr_line' id='line_1_86' title="bbox 1123 2600 1846 2647; baseline 0.006 -13"><span class='ocrx_word' id='word_1_430' title='bbox 1123 2600 1496 2644; x_wconf 87' lang='lat' dir='ltr'>exquisitissimis</span> <span class='ocrx_word' id='word_1_431' title='bbox 1525 2602 1645 2636; x_wconf 82' lang='lat' dir='ltr'>verbis</span> <span class='ocrx_word' id='word_1_432' title='bbox 1673 2602 1846 2647; x_wconf 73' lang='lat' dir='ltr'>legiones.</span> 
     </span>
    </p>
   </div>
   <div class='ocr_carea' id='block_1_16' title="bbox 1949 0 2014 3172">
    <p class='ocr_par' dir='ltr' id='par_1_21' title="bbox 1949 0 2014 3172">
     <span class='ocr_line' id='line_1_87' title="bbox 1949 0 2014 3172; baseline 0 0"><span class='ocrx_word' id='word_1_433' title='bbox 1949 0 2014 3172; x_wconf 95' lang='lat' dir='ltr'> </span> 
     </span>
    </p>
   </div>
  </div>
 </body>
</html>
