2046 3190
316 247 387 282 208
675 241 945 278 LAMPERTI
970 241 1222 278 ANNALES.
1273 241 1318 277 A.
1348 242 1451 278 1075.

198 367 302 402 1075.
316 381 398 422 per
438 367 595 408 orbem
635 368 892 408 terraruma
931 364 1086 406 clerici
1127 365 1214 405 hoc
1247 363 1563 405 animarentur
1595 361 1816 418 exemplo,

181 414 303 445 (Μ”νω
318 429 364 470 et
404 426 670 468 rebellionis
714 427 852 479 atque
895 424 1212 466 contumaciae
1254 422 1474 478 pestilens
1515 422 1591 463 hic
1632 421 1818 464 morbus

317 488 500 541 sumpto
533 500 560 526 a
592 479 1080 537 Babenbergensibusb
1118 483 1257 524 inicio
1294 484 1448 524 totum
1485 482 1694 523 inficeret
1726 494 1818 523 cor-

317 560 403 600 pus
445 545 596 599 gregis
638 544 870 586 dominici.
935 543 1066 583 Nihil
1107 542 1178 583 illi
1219 541 1505 596 placationis,
1548 540 1667 582 nihil
1699 540 1818 582 laxa-

318 605 461 647 menti
510 604 829 649 admittentes,
873 602 1153 656 gravissimis
1195 614 1300 643 eum
1348 600 1564 642 conviciis
1612 599 1848 641 confuta-5

318 666 440 715 runt,
489 663 764 704 iustissimess
811 662 1016 703 dicentes
1062 662 1111 702 in
1160 674 1263 703 eum
1312 673 1492 714 quoque
1540 659 1818 714 apostolicae

318 722 803 765 excommunicationis
847 717 1123 762 anathemad
1161 720 1407 774 procedere
1440 718 1697 770 debuissee,
1739 718 1820 773 qui

318 784 551 825 hominem
593 781 805 823 omnibus
843 780 1020 835 probris
1052 780 1330 821 infamatum
1362 775 1427 820 *et
1457 778 1577 819 nihil
1608 778 1657 818 in
1688 777 1819 820 mori·
1830 791 1951 825 *paea

320 843 416 893 bus,
459 842 580 883 nihil
611 842 660 882 in
693 841 886 882 scientia
919 839 1109 893 dignum
1143 838 1403 880 sacerdocio
1435 838 1707 879 afferentem
1738 850 1820 892 per

143 918 190 943 Ps.
203 918 265 950 140,
276 918 303 944 -ι,
319 902 625 956 symoniacam
638 896 655 922 f
692 900 886 942 heresim
922 899 1187 954 episcopum
1220 897 1497 947 ordinasset;
1540 910 1625 938 nec
1667 896 1727 938 ad
1755 909 1868 938 eat-10

319 961 533 1004 amandas
573 958 891 1002 excusationes&
926 957 975 999 in
1006 957 1194 1011 peccatis
1234 957 1485 999 obtendere
1527 969 1658 1011 posse
1696 956 1820 1010 igno-

317 1020 530 1066 rantiam,
571 1033 676 1061 cum
709 1020 839 1060 actus
872 1018 968 1060 eius
1001 1030 1273 1071 omnemque
1305 1016 1427 1058 vitae
1459 1015 1818 1065 institucionem,

318 1082 554 1134 tamquam
588 1079 666 1133 qui
698 1079 746 1119 in
778 1078 951 1119 laribus
984 1077 1077 1118 suis
1110 1076 1189 1118 diu
1226 1075 1583 1117 familiarissime
1615 1075 1820 1117 obversa-

319 1143 395 1181 tus
424 1139 497 1190 sit,
532 1138 704 1193 optime
728 1137 1017 1192 cognovisset
1050 1138 1096 1178 et
1119 1136 1330 1178 omnibus
1353 1147 1470 1189 quae
1501 1135 1550 1175 in
1572 1133 1820 1176 coemendo

321 1199 589 1254 episcopatu
631 1199 735 1239 acta
776 1197 868 1238 sint
909 1196 1086 1238 medius
1127 1196 1224 1250 ipse
1267 1197 1405 1249 atque
1451 1194 1644 1235 intimus
1684 1194 1820 1235 inter·
1835 1205 1868 1232 1⁵

319 1259 498 1300 fuisset.
547 1257 720 1299 Videns
753 1256 1125 1310 archiepiscopus
1153 1255 1411 1296 obstinatos
1442 1254 1491 1294 in
1524 1253 1820 1296 contentione

321 1318 510 1359 clericos
542 1316 673 1357 nulla
703 1316 882 1357 ratione
914 1309 1146 1369 mitigarih
1173 1327 1317 1368 posse,
1350 1327 1408 1354 ne
1431 1313 1542 1367 quid
1568 1326 1651 1367 pro
1674 1311 1820 1354 amico

321 1390 402 1418 suo
443 1377 672 1417 intactum
708 1375 1130 1429 intemptatumque
1162 1373 1455 1426 relinqueret,
1499 1373 1733 1426 assumpto
1767 1384 1820 1413 eo

319 1436 512 1477 Romam
559 1435 625 1476 ire
673 1434 856 1484 statuit,
901 1446 1088 1487 sperans
1129 1432 1389 1474 Romanum
1436 1430 1700 1486 pontificem
1746 1430 1820 1472 vel

320 1495 517 1550 pecunia
548 1494 622 1535 vel
654 1493 992 1548 supplicatione
1026 1486 1302 1547 expugnarii
1338 1503 1482 1546 posse,
1516 1491 1570 1531 ut
1602 1503 1707 1532 eum
1741 1489 1870 1531 cri-20

201 1572 307 1603 (Am.)
321 1555 443 1596 mine
486 1555 623 1607 atque
663 1553 957 1594 anathemate
1000 1551 1272 1593 absolveret.
1337 1550 1427 1592 Sed
1463 1550 1585 1591 inter
1617 1549 1821 1591 eundum

321 1615 541 1668 reputans
573 1613 700 1654 haud
732 1607 873 1653 satisk
898 1613 1055 1652 tutum
1087 1624 1196 1660 esse,
1229 1611 1284 1650 ut
1316 1623 1432 1660 eum,
1467 1623 1561 1651 non
1592 1609 1719 1663 prius
1751 1621 1820 1650 ex-

321 1673 501 1728 plorato
547 1671 745 1713 Romani
791 1670 1022 1725 pontificis
1070 1670 1236 1720 animo,
1290 1669 1483 1710 Romam
1535 1668 1819 1723 perduceret,

322 1732 466 1773 suasit
498 1732 541 1773 ei
570 1732 621 1772 in
653 1731 919 1773 extrinsecis
952 1729 1200 1771 aecclesiae
1223 1727 1620 1783 Babenbergensis
1651 1740 1821 1782 posses·

322 1791 526 1833 sionibus
567 1791 767 1833 reditum
810 1803 943 1831 suum
983 1789 1241 1843 prestolari,
1285 1790 1331 1831 et
1371 1788 1470 1843 ipse
1512 1801 1616 1829 cum
1648 1786 1818 1842 paucis,
1833 1799 1870 1826 25

321 1853 374 1892 ut
414 1851 695 1900 instituerat,
739 1849 947 1891 concitus
987 1849 1181 1890 Romam
1223 1847 1462 1890 contendit
1477 1847 1504 1887 1.
1567 1846 1669 1898 Quo
1711 1846 1821 1887 dum

321 1911 533 1961 venisset,
567 1910 643 1951 vix
675 1911 722 1951 et
754 1922 901 1963 aegre,
935 1911 989 1950 ut
1011 1923 1038 1949 a
1058 1908 1266 1949 Romano
1294 1907 1512 1962 pontifice
1543 1906 1593 1947 in
1626 1919 1821 1947 commu-

321 1970 505 2010 nionem
539 1969 859 2023 susciperetur,
894 1967 1118 2022 optinuit;
1154 1970 1201 2009 et
1223 1962 1324 2021 quil
1357 1966 1519 2008 alienis
1553 1963 1820 2007 criminibus

321 2030 569 2082 patronum
616 2041 662 2068 se
710 2030 972 2081 paraverat,
1020 2027 1118 2081 ipse
1166 2027 1222 2068 de
1270 2026 1466 2080 propriis
1511 2024 1818 2074 insimulatus,

322 2088 444 2141 quod
466 2087 937 2140 Babenbergensemm
959 2086 1224 2139 episcopum
1250 2099 1332 2139 per
1357 2085 1663 2139 symoniacam
1696 2084 1870 2125 here-ao

323 2146 407 2188 sim
440 2146 586 2187 sciens
618 2145 886 2194 ordinasset,
931 2158 1047 2198 pene
1080 2145 1251 2198 gradus
1283 2144 1354 2184 sui
1386 2143 1643 2198 periculum
1674 2143 1820 2184 incur-

322 2206 445 2247 rerat
461 2206 487 2244 2.
541 2204 614 2245 Ad
641 2204 858 2245 ultimum
881 2203 1165 2244 discedenti¹¹
1191 2203 1366 2244 iussum
1399 2204 1480 2252 est,
1514 2204 1568 2243 ut
1600 2202 1657 2243 ab
1691 2202 1814 2243 eius⁰

322 2296 352 2329 a)
371 2297 486 2322 terrare
504 2295 586 2321 ΒΗ).
668 2294 700 2328 b)
719 2294 854 2326 exemplo
874 2294 923 2319 vel
943 2294 1011 2319 add.
1031 2293 1095 2318 ΒΞ.
1182 2295 1209 2324 c)
1228 2293 1298 2320 inst.
1318 2291 1376 2320 dic.
1396 2300 1452 2320 om.
1470 2293 1532 2320 132.
1613 2293 1643 2324 d)
1661 2299 1739 2324 pena
1758 2291 1820 2319 ΒΞ.

323 2334 350 2363 e)
379 2331 534 2357 debuisset
558 2331 619 2360 Al.
710 2331 735 2362 f)
763 2330 868 2357 simon.
892 2330 920 2357 h.
940 2330 959 2356 l.
982 2328 1064 2357 B1b.
1145 2330 1174 2360 g)
1202 2328 1408 2354 accusationes
1428 2328 1499 2353 Ala
1523 2330 1549 2353 et
1567 2328 1610 2355 ed.
1623 2327 1714 2359 prior
1731 2327 1821 2358 foede.

322 2368 354 2399 h)
373 2368 511 2399 mitigare
530 2368 556 2392 B
567 2366 610 2394 lb.
701 2367 723 2397 i)
746 2372 918 2398 expugnare
931 2368 999 2397 post
1018 2372 1092 2392 corr.
1113 2364 1281 2396 expugnari
1299 2364 1326 2389 B
1337 2365 1377 2391 1⁸.
1469 2363 1500 2394 k)
1521 2370 1577 2388 om.
1597 2363 1660 2390 132.
1749 2363 1771 2393 l)
1789 2362 1820 2388 in
1833 2364 1869 2390 35

323 2404 391 2432 add,
410 2404 437 2428 A
448 2405 472 2431 1.
484 2405 526 2430 1³.
598 2404 637 2434 m)
656 2402 851 2434 bubegersem
869 2401 896 2427 B
907 2402 947 2429 18.
1022 2402 1054 2432 n)
1074 2398 1248 2425 discedendi
1267 2399 1295 2425 A
1305 2400 1330 2427 1.
1403 2400 1432 2430 ο)
1451 2399 1493 2424 eis
1507 2399 1534 2423 A
1545 2400 1569 2426 1,
1580 2399 1621 2426 1⁸.

324 2474 358 2518 1)
382 2474 588 2517 Siyefridus
617 2483 700 2516 nou,
733 2475 921 2517 postquam
946 2471 1194 2506 Herimannus
1226 2470 1548 2504 excommunicatus
1577 2473 1607 2503 et
1631 2469 1819 2512 depositus,

322 2522 382 2555 sed
402 2526 591 2565 postquam
616 2520 737 2563 (Febr.
765 2522 837 2563 ecc.)
862 2519 907 2553 ab
932 2520 1050 2561 officio
1074 2529 1264 2562 suffen-sus
1288 2522 1348 2560 est,
1381 2517 1533 2551 Romam
1551 2517 1737 2560 profectus
1759 2520 1820 2558 est,

322 2570 385 2602 ubi
423 2580 459 2603 eo
494 2572 680 2612 praesente
722 2568 779 2600 die
815 2567 907 2611 Apr.
945 2568 1000 2602 12.
1033 2577 1135 2609 papa
1172 2565 1364 2607 diffinivit,
1409 2568 1460 2608 ut,
1505 2566 1539 2598 si
1573 2563 1822 2598 Herimannus

323 2617 473 2649 Romam
493 2617 704 2658 perveniret,
728 2616 782 2648 ibi
804 2625 930 2648 causae
953 2615 1161 2647 senteutiam
1185 2613 1364 2655 acciperet,
1390 2611 1444 2644 sin
1469 2622 1556 2646 vero
1582 2637 1590 2645 .
1609 2636 1616 2645 .
1640 2612 1870 2656 retrogra-4o

324 2663 390 2696 dus
415 2662 530 2706 fieret,
566 2663 886 2696 excommunicatus
910 2662 1197 2702 denunciaretur,
1227 2661 1304 2703 ipso
1328 2663 1410 2692 tunc
1434 2660 1475 2692 in
1499 2660 1624 2692 itinere
1648 2659 1820 2699 Romano,

323 2720 394 2743 uon
428 2712 467 2743 in
495 2709 776 2753 possessionibus
809 2710 967 2743 ecclesiae
991 2707 1290 2750 Babenberyensis
1322 2708 1501 2749 ewistente,
1536 2710 1575 2740 ut
1607 2707 1648 2739 in
1676 2705 1821 2748 epistola

323 2758 530 2791 elericorum
564 2757 921 2799 Babenberqeusium,
963 2756 1045 2789 Ood.
1081 2755 1205 2790 Udalr.
1243 2765 1301 2789 nr.
1328 2755 1392 2796 44,
1429 2754 1451 2788 l.
1479 2754 1501 2787 l.
1530 2765 1570 2796 p.
1595 2753 1651 2788 95.
1685 2763 1822 2786 narra-

323 2808 397 2837 tum
424 2808 482 2839 est.
532 2805 635 2837 Vides
660 2805 786 2846 iyitur,
820 2814 928 2846 quam
953 2803 1146 2844 falsissime
1180 2802 1264 2835 haec
1287 2812 1311 2834 a
1336 2801 1528 2845 Lamperto
1552 2801 1712 2844 exposita-
1736 2801 1821 2835 sint.

324 2852 360 2894 2)
386 2851 463 2884 Hoc
485 2851 612 2895 Lamp.
639 2852 718 2884 odio
742 2851 999 2894 archiepiscopi
1021 2853 1134 2883 motus
1158 2853 1367 2882 commentus
1392 2859 1462 2882 esse
1486 2848 1635 2883 videtur.
1678 2847 1723 2880 In
1747 2847 1821 2890 epi-
1832 2856 1868 2881 45

324 2898 426 2932 stolis
451 2898 608 2932 laudatis
631 2898 728 2931 nihil
751 2898 957 2931 huiusmodi
979 2898 1112 2930 dictum
1137 2899 1196 2931 est.
