2014 3184
387 216 457 251 446

385 358 392 367 .
422 362 428 368 .
457 361 464 368 .
491 336 659 380 spiritum
694 352 853 386 unquam
879 346 1068 383 relaxabat
1092 362 1113 385 a

383 381 503 416 studio
530 383 734 422 divinarum
760 401 883 426 rerum
909 395 1046 438 243‚20.
1068 418 1109 423 —

382 428 557 465 invictum
585 433 777 470 adversum
803 449 928 474 omnes
953 442 1110 479 nefarios

381 486 464 510 suos
490 483 639 514 conatus
665 483 834 527 spiritum
860 489 940 532 251,
955 501 1000 525 2ο.

433 527 472 558 ut
514 526 750 565 invidiam
795 532 882 568 facti
923 537 1109 584 mitigaret

378 572 436 614 80,
451 583 495 608 25.

426 619 486 654 ille
511 622 732 659 mordaciter
766 628 880 674 magis
915 642 1022 675 quam
1054 633 1105 668 fa-

376 670 456 701 cete
474 667 516 702 io
529 680 547 702 c
559 681 578 703 a
590 670 628 704 ri
648 672 788 708 solebat
801 678 912 720 92,2ο.
929 699 970 703 —
986 679 1106 716 Multa

405 739 413 747 .
433 742 440 750 .
467 716 687 753 mordaciter
712 722 827 767 magis
853 735 962 768 quam
987 726 1104 764 facete

374 759 512 796 iocatus
538 767 619 809 339,
636 777 680 803 15.

421 810 528 844 ambo
566 813 664 856 pleni
702 815 883 852 irarum
923 822 1019 865 72,1.
1057 810 1128 849 —¹

371 856 501 899 plenus
535 858 672 895 irarum
707 865 844 908 126,15.
873 887 914 891 -—
948 867 1101 905 irarum-

371 914 441 947 que
467 905 596 949 plenus
624 911 702 953 186,
721 922 766 947 35.

418 962 500 986 cum
527 953 643 989 iram
678 959 867 1001 paululum
894 961 1100 1007 digessisset

370 1000 449 1042 187,
470 1011 496 1035 5.
542 1022 583 1026 ——
626 1007 818 1050 postquam
858 1007 1098 1048 diuturnitate

367 1047 543 1090 temporis
578 1050 785 1088 iracundiae
824 1054 1005 1093 fervorem
1040 1060 1095 1094 di-

365 1098 528 1137 gesserat
554 1100 635 1142 325,
650 1110 695 1135 2ο.

413 1141 486 1176 Sed
500 1143 618 1179 hocin
638 1146 835 1183 irritum
855 1151 960 1187 cessit
977 1156 1093 1199 86,10.

381 1209 409 1212 —
436 1189 598 1226 laborem
624 1193 721 1229 hunc
747 1196 783 1230 in
809 1197 952 1234 irritum
975 1212 1094 1237 cessu-

362 1246 443 1270 rum
472 1240 604 1283 172,15.
624 1261 669 1266 —
686 1245 808 1278 tantos
833 1250 983 1282 conatus
1009 1261 1092 1284 suos

362 1282 398 1316 in
420 1284 563 1320 irritum
583 1289 729 1325 cessisse
746 1293 887 1336 268,15.
908 1315 951 1320 —
975 1296 1004 1330 si
1018 1323 1034 1332 ,.
1053 1324 1061 1332 .
1082 1327 1088 1335 .

360 1330 497 1375 aliquid
516 1345 639 1369 eorum
660 1362 668 1371 .
685 1365 691 1373 .
708 1366 715 1373 .
735 1338 772 1372 in
792 1339 935 1375 irritum
955 1342 1087 1380 ducere
1112 1351 1114 1367 1

359 1383 554 1414 conaretur
588 1384 666 1428 180,
685 1396 729 1421 2ο.
765 1406 807 1410 —
841 1386 902 1422 Sic
937 1395 1087 1426 conatus

359 1429 580 1472 ceptumque
599 1430 675 1464 eius
692 1431 837 1468 irritum
860 1434 930 1470 fuit
948 1439 1028 1481 122,
1040 1451 1084 1476 2ο.
1110 1448 1111 1453 ’

754 1479 1111 1530 irruptionem}v

356 1518 443 1554 fecit
469 1524 548 1566 122,
562 1535 607 1560 25.
635 1545 677 1550 -
704 1526 786 1562 ilico
811 1528 849 1563 in
874 1529 1084 1568 Flandriam
1108 1532 1109 1543 ¹

406 1472 442 1506 in
473 1473 636 1511 Fresiam
662 1504 671 1512 .
691 1507 699 1515 .
719 1508 726 1515 .

355 1566 595 1612 irruptionem
626 1572 713 1607 fecit
739 1577 819 1619 124,
836 1588 860 1612 1.
889 1598 930 1602 ——
959 1580 1020 1624 qui
1045 1581 1083 1615 in

354 1613 491 1650 Gallias
509 1617 748 1663 irruptionem
766 1622 930 1660 fecerant
946 1630 1080 1671 310‚15.

355 1682 396 1686 —
436 1663 472 1697 in
512 1665 725 1713 Turingiam
762 1698 769 1706 .
798 1697 806 1705 .
834 1699 842 1708 .

351 1709 449 1744 facta
474 1715 555 1756 330,
572 1725 614 1750 15.

398 1763 564 1794 conserta
577 1772 659 1796 cum
673 1763 879 1800 adversario
893 1779 957 1803 suo
967 1780 1078 1805 manu

348 1805 541 1848 equissimo
576 1809 732 1845 iudici
757 1811 835 1847 Deo
869 1826 947 1850 rem
978 1828 1076 1852 com-

346 1852 509 1888 mitteret
546 1858 624 1899 114,
641 1868 683 1894 15.
721 1879 763 1883 ——
800 1861 940 1897 collatis
965 1864 1076 1910 signis

347 1900 540 1943 equissimo
566 1903 678 1939 iudici
701 1905 780 1941 Deo
805 1919 882 1943 rem
909 1912 1074 1947 commit·

344 1948 465 1982 terent
499 1952 580 1994 214,
594 1963 640 1987 20.
668 1973 710 1977 —
737 1955 926 2000 utriusque
960 1960 1072 2003 partis

344 1994 599 2040 allegationem
634 1999 729 2034 iusto
760 2002 872 2037 iudici
896 2004 975 2040 Deo
1010 2007 1070 2042 de-

342 2043 561 2078 cernendam
586 2047 841 2089 permitterent
868 2053 946 2096 170,
961 2064 1006 2088 25.
1027 2075 1068 2079 ——

344 2088 474 2131 quibus
499 2090 618 2126 Deum
652 2104 780 2130 causae
810 2107 895 2132 suae
921 2101 1069 2144 equissi-

340 2146 441 2170 mum
467 2137 624 2173 iudicem
650 2168 658 2176 .
679 2169 686 2176 .
707 2169 715 2177 .
741 2142 866 2178 adesse
896 2148 1067 2189 precaba-

339 2184 401 2216 tur
426 2186 506 2227 295,
521 2196 567 2221 25.

386 2231 432 2265 ab
473 2232 576 2267 hoste
621 2235 688 2270 sub
737 2236 899 2282 iugum
949 2241 1065 2276 missis

337 2279 394 2321 95,
410 2289 453 2314 35.
481 2300 519 2304 —
546 2280 623 2316 Sub
647 2282 774 2328 iugum
798 2286 908 2321 misso
933 2288 1064 2324 abbate

338 2326 477 2369 144‚10.
512 2348 558 2353 —
592 2340 639 2364 ne
670 2342 708 2365 se
739 2332 805 2367 sub
834 2333 961 2380 iugum
986 2339 1063 2371 tam

334 2371 440 2407 fedae
470 2375 691 2412 condicionis
723 2407 731 2414 .
759 2407 767 2415 .
795 2405 803 2415 .
835 2382 933 2417 mitti
960 2387 1061 2428 pate-

333 2422 468 2454 rentur*
487 2424 566 2467 178,
581 2434 626 2459 25.

383 2467 412 2501 si
429 2479 552 2514 regem
571 2471 639 2505 sibi
657 2476 822 2509 crearent
839 2478 876 2510 et
892 2476 930 2511 in
947 2478 1059 2514 verba

331 2513 409 2548 eius
434 2515 659 2553 iurarent
683 2522 764 2565 233,
779 2533 823 2558 30.

376 2714 413 2738 se
451 2705 496 2739 ab
534 2706 637 2742 iure
675 2720 739 2744 suo
777 2722 851 2745 non
889 2724 1051 2749 cessuros

326 2760 404 2784 esse
439 2754 496 2796 85,
516 2765 559 2790 35.
599 2775 644 2780 ——
679 2757 725 2791 ab
757 2757 836 2792 iure
874 2771 939 2795 suo
976 2773 1075 2804 non¹

327 2797 480 2833 cedebat
506 2803 599 2845 92,1.
629 2823 670 2827 -—
698 2806 739 2838 ut
765 2833 772 2840 .
793 2834 800 2840 .
821 2834 829 2841 .
856 2807 951 2842 ultro
969 2809 1048 2844 iure

324 2854 390 2878 suo
429 2846 575 2882 cederet
623 2851 701 2895 143,
725 2863 771 2888 2ο.
816 2855 894 2898 150,
918 2867 962 2892 20.
1004 2877 1046 2882 —

878 1672 1079 1719 irruptione
1103 1721 1106 1730 .

874 225 1035 264 INDEX
1060 230 1410 273 LOOUTIONUM.

1163 354 1361 391 vanitatem
1388 361 1495 403 atque
1525 360 1735 400 iactantiam
1760 367 1810 403 ita
1835 367 1892 404 in-

1162 400 1297 436 vietum
1323 405 1491 449 spiritum
1515 411 1646 456 gessit;
1681 414 1750 458 Ep.
1776 418 1810 452 3.
1835 416 1890 451 in-

1160 447 1299 484 victum
1333 453 1378 487 ab
1413 455 1576 492 oratione
1611 459 1779 504 spiritum
1815 474 1888 500 non

1158 496 1356 534 relaxabat.

1206 544 1292 581 Sall.
1318 547 1399 590 Iuy.
1425 551 1483 586 29.
1508 562 1625 596 pauca
1651 581 1660 590 .
1679 583 1687 591 .
1707 583 1716 592 .
1741 556 1885 594 loeutus

1157 589 1202 625 de
1228 591 1418 630 invidia
1443 596 1529 633 facti
1559 600 1633 646 sui3
1671 604 1730 640 27.
1755 607 1885 642 atroci-

1155 639 1269 673 tatem
1307 640 1394 677 facti
1431 644 1633 692 leniebant,
1680 652 1738 687 36.
1774 663 1885 699 super

1153 687 1309 730 gratiam
1336 715 1344 724 .
1371 718 1380 726 .
1407 719 1414 726 .
1442 691 1615 730 invidiam
1641 695 1726 733 facti
1753 709 1841 738 esse.

1200 828 1278 863 Liv.
1314 831 1370 874 ΙΙ,
1396 835 1460 878 38,
1489 837 1520 872 6.
1559 836 1742 876 irarum
1779 843 1879 888 pleni

1151 877 1189 908 et
1214 875 1372 923 incitati3
1407 882 1489 926 VII,
1510 886 1542 920 7.
1571 885 1702 930 plenus
1726 889 1812 928 irae.

1189 1256 1298 1293 Zach.
1326 1260 1387 1303 11,
1413 1263 1467 1297 11.
1504 1263 1661 1310 (foedus)
1688 1267 1725 1302 in
1750 1269 1870 1305 irri-

1140 1303 1237 1336 tum
1263 1304 1461 1342 deductum
1487 1314 1551 1346 est.
1581 1332 1620 1337 -—
1649 1315 1726 1351 Liv.
1745 1317 1794 1360 X,
1810 1319 1866 1355 14.

1137 1352 1331 1394 postquam
1367 1354 1510 1390 irritum
1547 1358 1732 1406 inceptum
1767 1367 1865 1409 emt;

1137 1396 1261 1441 XXV,
1289 1401 1345 1436 25.
1383 1407 1576 1448 postquam
1611 1407 1649 1442 id
1677 1409 1864 1456 inceptum

1136 1442 1279 1479 irritum
1306 1447 1386 1482 fuit.

1184 1491 1253 1528 Cic.
1274 1506 1344 1538 pro
1366 1497 1387 1532 I.
1407 1498 1567 1533 Manilia
1585 1503 1618 1546 6,
1638 1505 1693 1540 15.
1719 1505 1863 1542 etiamsi

1133 1537 1352 1585 irruptio
1378 1543 1474 1580 facta
1498 1547 1598 1583 nulla
1623 1550 1680 1587 sit.

1175 1776 1259 1820 1229.
1285 1779 1321 1814 S.
1348 1780 1475 1818 Bened.
1501 1786 1534 1820 3.
1561 1796 1599 1820 se
1626 1813 1661 1822 ..
1680 1816 1688 1823 .
1714 1790 1855 1835 aequis-

1126 1821 1217 1857 simo
1243 1824 1398 1862 iudici
1422 1828 1500 1864 Deo
1528 1833 1709 1870 rationem
1733 1837 1854 1874 reddi-

1124 1871 1268 1915 turum3
1293 1874 1327 1909 4.
1354 1886 1455 1919 spem
1472 1889 1574 1914 suam
1590 1880 1670 1917 Deo
1687 1885 1851 1921 commit-

1123 1918 1211 1953 tere.
1264 1921 1320 1960 Cf.
1346 1933 1484 1969 manus,
1511 1926 1623 1972 signa.

1162 2248 1240 2284 Liv.
1266 2250 1318 2293 II,
1342 2254 1399 2294 34,
1418 2257 1450 2290 9.
1477 2256 1545 2291 sub
1570 2257 1732 2304 iugum
1757 2262 1843 2298 mis·

1113 2304 1189 2336 sus3
1215 2295 1288 2340 III,
1304 2299 1360 2341 67,
1376 2301 1408 2335 6.
1428 2302 1498 2344 IV,
1517 2306 1555 2346 9,
1573 2306 1607 2340 4.
1629 2308 1697 2342 sub
1713 2307 1839 2355 iugum

1111 2340 1227 2386 missi,
1265 2348 1324 2380 etc.
1362 2350 1567 2391 saepissime
1575 2363 1590 2391 ,·
1630 2354 1717 2390 Sall.
1755 2357 1837 2400 luy.

1109 2389 1167 2424 38.
1194 2391 1252 2433 49,
1277 2396 1336 2428 etc.

1155 2484 1233 2520 Liv.
1258 2485 1312 2528 II,
1338 2489 1395 2530 32,
1425 2490 1455 2524 1.
1489 2492 1660 2534 quoniam
1686 2495 1724 2530 in
1749 2508 1832 2533 con-

1106 2530 1226 2564 sulum
1244 2533 1356 2568 verba
1374 2534 1619 2585 iurassent3
1642 2542 1715 2587 III,
1727 2546 1786 2589 20,
1799 2548 1832 2582 3.

1105 2588 1231 2612 omnes
1248 2579 1285 2613 in
1303 2582 1416 2616 verba
1432 2583 1631 2622 iuraverint
1649 2617 1658 2625 .
1677 2615 1686 2624 .
1706 2618 1714 2626 .
1733 2592 1831 2635 (con-

1104 2624 1222 2669 sulis);
1258 2627 1318 2671 VI,
1334 2631 1367 2671 2,
1385 2631 1420 2666 8.
1445 2631 1483 2665 in
1508 2635 1620 2669 verba
1644 2647 1709 2671 sua
1733 2638 1831 2674 iura·

1102 2675 1169 2716 tos,
1194 2678 1254 2707 etc.
1281 2694 1327 2700 —
1351 2677 1481 2714 Horat.
1507 2681 1622 2724 Epod.
1650 2686 1705 2729 15,
1730 2689 1765 2722 4.
1790 2687 1828 2721 in

1100 2719 1212 2754 verba
1228 2720 1372 2756 iurabas
1390 2736 1481 2762 mea.
1508 2747 1550 2752 —
1576 2731 1692 2766 Amm.
1713 2733 1826 2770 Maro.

1099 2766 1247 2811 XXVI,
1265 2771 1297 2811 7,
1317 2772 1348 2805 9.
1371 2771 1410 2805 in
1426 2775 1538 2809 verba
1554 2776 1720 2814 iuravere
1734 2779 1827 2816 Pro-

1099 2814 1204 2857 copii.
1231 2835 1277 2840 -
1297 2817 1426 2855 lustin.
1445 2821 1554 2864 XIV,
1568 2825 1602 2865 4,
1618 2828 1650 2860 3.
1676 2826 1715 2860 in
1740 2839 1823 2863 mea

1097 2861 1208 2895 verba
1233 2862 1397 2901 iurando.
