2014 3184
615 285 779 323 INDEX
804 287 1156 327 LOOUTIONUM.

134 414 211 440 non
242 403 428 439 modicum
454 403 568 439 divim·
602 405 737 440 amoris
762 405 867 441 fomi-

133 453 212 487 tem
237 451 467 487 ministrabat
493 454 634 495 305,15.

182 498 296 535 Hunc
316 498 488 545 inquiunt
506 499 670 534 omnium
689 511 783 544 quae
809 511 867 536 ac-

133 546 301 583 ciderant
324 549 435 592 caput
455 546 739 592 fomitemque
756 547 867 584 fuisse

133 597 193 639 83,
207 605 253 631 so.
290 615 332 620 —
368 594 534 630 omnium
560 606 654 640 quae
679 606 782 630 secus
808 607 867 631 ac-

132 642 301 728 ἓίἑίὃοηιιῐ
315 642 483 678 fomitem
502 645 613 688 atque
638 643 866 679 incentivum

135 715 157 727 ..
208 716 219 735 ,
232 702 277 728 10.

181 738 212 773 si
236 749 330 783 quos
354 738 456 773 fors
481 738 674 774 obtulisset
700 741 780 783 115,
796 750 840 775 ιο.

182 785 283 832 quod
312 789 391 820 tam
425 785 659 822 desiderabili
692 786 864 822 thesauro

130 833 407 869 defraudandus
424 836 519 869 esset
533 836 618 879 250,
629 846 675 871 20.
695 855 736 860 —
753 845 864 879 quam

130 884 237 917 tanto
254 881 353 917 bono
375 881 703 917 fraudarentur
727 885 864 926 321,25.

181 927 395 965 fremere
425 940 553 965 omnes
578 932 616 965 et
641 941 679 965 se
703 929 864 965 vicissim

131 976 273 1012 hortari
297 979 357 1022 84,
374 987 420 1014 25.
454 997 497 1003 -—
530 976 592 1012 Illi
617 980 769 1013 econtra
792 977 862 1012 ira·

130 1023 201 1070 sci,
238 1024 413 1069 fremere,
451 1025 610 1060 insanire
646 1027 736 1071 264,
756 1037 783 1062 5.
816 1046 862 1052 —-

132 1071 308 1108 Fremere
343 1083 470 1108 omnes
503 1075 545 1108 et
571 1073 710 1108 saevire
743 1073 863 1108 verbis

103 1140 106 1141 ν
130 1131 176 1156 ac
201 1120 370 1156 manibus
395 1123 575 1166 ceperunt
598 1123 682 1166 298,
698 1133 742 1158 ιο.

180 1167 399 1213 frenaque
432 1168 568 1204 iniecta
599 1171 684 1204 sunt
714 1169 863 1216 vaganti

130 1227 248 1261 usque
265 1215 312 1251 ad
328 1215 367 1251 id
378 1218 526 1262 tempus
541 1216 712 1252 licentiae
727 1219 807 1260 135,
818 1228 860 1254 10.

133 1283 177 1289 -
204 1263 267 1308 qui
296 1263 438 1299 tamdiu
462 1264 639 1300 terminos
670 1275 755 1299 suos
779 1275 863 1300 eva·

130 1311 235 1358 ganti
250 1310 420 1347 licentiae
435 1311 540 1348 frena
555 1312 710 1347 iniceret
725 1314 808 1357 278,
816 1324 861 1349 20.

133 1379 177 1385 ——
203 1361 244 1394 ut
270 1358 322 1395 eis
346 1359 601 1395 fraudulenter
633 1371 720 1396 suae
746 1360 863 1395 domi-

130 1406 290 1442 nationis
315 1406 421 1443 frena
445 1407 599 1443 iniceret
624 1410 705 1452 323,
719 1419 765 1445 25.

178 1454 330 1490 tandem
345 1455 459 1490 versis
477 1455 632 1491 frenis
658 1467 784 1491 omnes
803 1485 811 1493 .
828 1485 835 1492 .
852 1483 861 1493 .

127 1502 356 1549 aufugerunt
383 1505 466 1547 220,
482 1515 526 1541 ιο.

179 1597 278 1643 apud
315 1609 426 1642 quem
462 1597 507 1633 fr
517 1610 536 1634 e
548 1610 571 1644 q
581 1611 606 1634 u
617 1610 637 1634 e
648 1610 672 1633 n
681 1610 698 1634 s
735 1599 862 1634 adesse

128 1645 274 1680 solebat
299 1648 380 1691 319,
396 1657 422 1682 1.

179 1739 321 1786 frequ
333 1743 470 1776 entes
502 1741 706 1787 armatique
737 1744 863 1777 assunt

127 1790 189 1834 83,
204 1800 248 1826 10.
285 1809 326 1814 -—
364 1800 448 1824 cum
481 1791 636 1834 caetera,
671 1801 764 1835 quae
789 1789 862 1825 fre·

130 1847 246 1881 quens
287 1836 415 1872 aderat
455 1837 692 1872 multitudine
732 1840 815 1883 295,
833 1849 860 1874 5.
912 1867 919 1876 .
947 1867 956 1876 .
984 1868 992 1876 .

130 1904 178 1910 —
202 1895 285 1919 cum
303 1883 474 1929 frequens
499 1885 643 1920 adesset
661 1885 860 1920 multitudo

130 1931 339 1977 principum
364 1934 446 1977 313,
459 1943 487 1969 5.

178 1991 263 2014 cum
289 1991 334 2014 ex
359 1979 460 2015 omni
489 1982 594 2025 parte
621 2009 629 2017 .
657 2009 664 2017 .
692 2009 700 2017 .

129 2026 286 2062 rendum
317 2027 391 2062 suis
421 2027 599 2062 auxilium
634 2027 860 2073 frequen-

127 2076 217 2113 tes,
238 2074 499 2110 confluxissent
524 2078 582 2120 78,
598 2087 640 2112 ιο.
680 2097 722 2101 --
755 2076 860 2111 undi-

129 2133 202 2166 que
229 2151 236 2158 .
257 2150 264 2158 .
285 2151 292 2158 .
320 2122 530 2167 frequentes
552 2123 755 2168 armatique
774 2135 859 2159 con-

129 2169 313 2205 fluxerant
338 2173 395 2215 94,
409 2181 438 2207 5.
471 2191 513 2196 ——
547 2182 631 2206 cum
657 2171 730 2206 iam
755 2171 860 2207 miles

129 2217 358 2262 frequentior
381 2217 428 2253 ad
452 2230 577 2265 regem
595 2218 780 2255 confluere
803 2231 859 2269 ce·

129 2265 244 2310 pisset
276 2267 356 2310 156,
370 2277 416 2303 20.
453 2287 495 2292 —
531 2266 744 2312 priusquam
778 2296 786 2304 .
814 2296 822 2304 .
850 2296 858 2304 .

130 2312 342 2358 frequentes
355 2312 540 2349 confluere
557 2317 706 2360 possent
725 2318 804 2359 170,
813 2327 858 2352 30.

132 2381 174 2386 —
202 2360 319 2396 donec
344 2361 448 2396 miles
477 2361 704 2406 frequentior
729 2374 859 2398 conve-

127 2407 226 2443 niret
251 2410 332 2453 176,
346 2420 391 2445 20.
420 2429 462 2435 —
490 2410 553 2454 qui
577 2412 666 2445 tunc
693 2439 700 2446 .
722 2439 730 2447 .
752 2440 760 2448 .
787 2410 858 2446 fre-

128 2458 284 2500 quentes
315 2485 324 2492 .
352 2484 360 2492 .
387 2485 396 2494 .
430 2461 679 2493 convenerant
711 2461 794 2502 210,
813 2469 858 2495 25.

132 2523 174 2528 -
201 2503 359 2549 populus
381 2503 429 2539 ad
445 2505 657 2552 eligendum
680 2505 749 2541 sibi
767 2506 858 2540 anti-

124 2550 266 2605 stitem.
278 2550 450 2596 frequens
467 2551 695 2588 confluxerat
719 2555 801 2596 251,
813 2565 857 2590 20.

131 2618 175 2623 —-
211 2609 423 2643 pnusquam
459 2629 467 2636 .
504 2629 512 2636 .
549 2629 557 2636 .

130 2656 246 2690 quens
280 2646 416 2682 auxilio
447 2651 683 2684 concurreret
716 2650 798 2690 252,
812 2659 857 2684 εἴ).

130 2713 176 2718 -
202 2705 285 2728 eum
313 2720 321 2728 .
348 2720 356 2728 .
384 2723 391 2731 .
423 2695 581 2740 populus
607 2695 653 2730 ad
678 2695 857 2740 synodum

736 1981 782 2015 ad
808 1981 859 2016 fe-

130 2739 302 2785 frequens
327 2741 562 2778 confluxisset
585 2745 708 2786 255,1.
734 2763 775 2767 -
796 2742 858 2785 qui
882 2739 884 2775 ἓ

129 2787 178 2822 ad
202 2788 335 2823 auxilia
370 2789 439 2825 sibi
474 2789 625 2825 ferenda
650 2790 859 2833 frequentes

123 2840 377 2871 *convenerant
400 2839 524 2881 283,1.
554 2858 594 2862 —
623 2840 664 2871 ut
689 2836 858 2880 frequen-

129 2882 202 2917 tior
220 2883 258 2918 in
281 2883 358 2919 dies
380 2883 428 2919 ad
450 2896 533 2919 eum
556 2883 754 2918 multitudo
773 2894 857 2917 con-

129 2929 261 2965 flueret
277 2933 360 2975 301,
373 2944 398 2967 ι.
422 2952 462 2956 -
483 2931 693 2975 frequentes
710 2941 754 2964 eo
772 2941 858 2965 con·

596 2601 753 2646 populus
788 2601 858 2635 fre·
882 2610 884 2618 ’

1575 295 1647 331 435

963 740 1056 776 Hor.
1081 741 1156 776 Sat.
1176 742 1210 785 I,
1230 743 1263 785 6,
1283 743 1340 778 54.
1367 742 1456 777 mihi
1482 745 1517 778 te
1544 743 1644 778 fors

915 787 1060 824 obtulit.
1089 809 1131 814 —
1158 789 1236 826 Liv.
1255 790 1376 832 XXV,
1399 793 1457 827 29.
1481 802 1643 836 quosque

914 834 990 870 fors
1015 836 1159 873 obtulit.

960 931 1039 968 Liv.
1066 933 1098 975 I,
1128 934 1183 975 17,
1202 935 1235 968 7.
1268 932 1476 969 fremere
1511 933 1642 970 deinde

911 979 1029 1024 plebs.

962 1170 1055 1206 Hor.
1075 1171 1196 1205 Carm.
1224 1172 1249 1205 I
1252 1172 1292 1215 V,
1315 1174 1370 1215 15,
1391 1174 1518 1209 9—11.
1546 1172 1640 1207 ordi-

911 1228 999 1253 nem
1016 1220 1160 1253 rectum
1178 1219 1348 1265 evaganti
1373 1219 1445 1254 fre
1456 1231 1480 1253 n
1492 1231 1511 1254 a
1531 1220 1640 1255 licen-

911 1265 984 1301 tiae
1008 1265 1144 1303 iniecit.
1594 1284 1602 1292 ·

960 1456 1099 1493 [aman.
1124 1458 1164 1501 V,
1185 1459 1266 1495 530.
1293 1457 1421 1493 Omnis
1439 1469 1549 1502 eques
1567 1469 1640 1493 ces-

911 1503 959 1539 sit
987 1504 1125 1550 campis
1161 1533 1169 1541 .
1198 1534 1205 1542 .
1233 1531 1241 1540 .
1276 1504 1323 1540 In
1357 1517 1422 1540 sua
1456 1506 1640 1541 conversis

910 1563 1086 1598 praeceps
1110 1553 1185 1587 ruit
1210 1553 1356 1598 agmina
1382 1552 1550 1589 frenis.

963 1601 1101 1637 Terent.
1111 1602 1230 1638 Andr.
1244 1602 1275 1645 I,
1287 1604 1318 1645 1,
1330 1604 1386 1638 79.
1400 1603 1458 1638 80.
1484 1601 1542 1636 Ibi
1561 1604 1638 1636 tuin

910 1647 1007 1682 filius
1030 1659 1114 1683 cum
1136 1649 1207 1683 illis
1234 1677 1241 1685 .
1265 1677 1272 1685 .

911 1695 1050 1733 aderat.

959 1744 1202 1789 Isiv.1‚52‚5.
1230 1746 1360 1780 ut...
1388 1744 1637 1778 armatifre-

911 1794 1118 1836 quentes
1145 1791 1331 1836 adessent3
1357 1793 1527 1834 XX133.
1555 1803 1637 1826 cum

1026 1839 1222 1874 concilium
1255 1869 1262 1876 .
1291 1868 1298 1876 .
1327 1868 1334 1876 .
1367 1843 1442 1874 tam
1468 1839 1638 1884 frequens

909 1886 1028 1932 plebis
1053 1887 1207 1924 adesset.

1294 1677 1301 1685 .
1329 1661 1402 1683 una
1428 1649 1638 1693 frequens

958 1983 1047 2019 Sall.
1067 1983 1142 2019 Cat.
1163 1985 1218 2020 18.
1245 1982 1329 2027 quia
1355 1981 1516 2017 nondum
1546 1981 1562 2015 f
1568 1993 1636 2016 re-

910 2032 1116 2074 quentes
1148 2030 1278 2065 armati
1303 2032 1558 2065 convenerant.
1592 2050 1636 2055 —

909 2077 1013 2123 Sulp.
1045 2079 1121 2115 Set).
1155 2079 1254 2114 Dial.
1281 2079 1311 2121 I,
1340 2081 1372 2114 5.
1409 2089 1491 2112 cum
1526 2077 1637 2121 aliqui

910 2153 918 2161 .
947 2154 954 2161 .
983 2154 990 2162 .
1017 2125 1064 2160 ad
1087 2137 1153 2161 nos
1176 2125 1344 2161 visendos
1371 2125 1555 2160 confluere
1581 2136 1636 2159 ce-

909 2173 1058 2218 pissent.

957 2789 1036 2823 Liv.
1054 2787 1240 2827 XXXIII,
1259 2789 1289 2822 1.
1316 2785 1514 2831 legationes
1541 2797 1633 2830 quae

882 2834 884 2844 ’
908 2834 1117 2878 frequentes
1131 2833 1291 2878 undique
1306 2837 1559 2877 convenerant,
1574 2839 1632 2869 etc.

1274 2999 1343 3036 28*
