2014 3184
283 370 386 406 1076.

215 418 305 449 (Sept,
315 417 388 449 Oct.)

295 2153 351 2180 Oct.
363 2152 405 2179 16.

398 249 470 284 276
766 241 1036 279 LAMPERTI
1060 238 1313 275 ANNALES.
1363 237 1410 273 A.
1439 238 1541 273 1076.

401 370 514 411 riter
566 368 882 410 subsisterent.
953 363 1111 405 Brutis
1159 360 1427 416 pecoribusa
1480 359 1705 400 humanas
1751 357 1900 399 inesse

402 430 578 471 animas
611 427 831 469 crederes.
895 423 984 465 Ubi
1018 415 1333 477 Mogontiamb
1365 420 1554 460 ventum
1588 419 1670 467 est,
1703 415 1902 471 receptis

403 488 530 543 equis
553 487 646 528 suis
662 486 688 535 ¹,
718 486 767 526 in
789 485 975 526 domum
999 481 1229 536 quandam
1250 479 1377 533 ripae
1400 477 1667 532 contiguam
1690 473 1902 518 clanculo

403 562 449 590 se
481 547 762 599 immergunt
804 542 1130 594 dominumque
1173 539 1334 580 domus
1376 551 1457 591 per
1488 536 1639 578 Deum
1672 535 1903 577 obtestan-

402 610 491 656 tur,
535 619 592 647 ne
635 618 710 646 eos
753 603 966 656 cuiquam
1009 600 1195 654 prodat;
1245 611 1291 639 se
1333 595 1677 650 archiepiscopo
1715 594 1934 649 Mogon-is

402 666 529 706 tinoC
569 659 764 718 genere(l
803 659 1201 703 coniunctissimos
1234 670 1343 705 esse,
1379 655 1453 696 cui
1485 654 1523 695 si
1554 653 1808 696 incolumes
1837 652 1903 693 in-

402 725 654 766 temeratae
694 722 783 763 fide
824 719 1054 767 restituat,
1097 719 1194 757 tam
1227 716 1283 756 ab
1325 715 1424 768 ipso
1466 727 1603 767 quam
1643 727 1671 754 a
1711 711 1904 754 caeteris

405 782 674 838 parentibus
716 780 821 829 suis,
865 778 944 832 qui
984 778 1106 818 inter
1145 774 1277 829 regni
1317 773 1546 828 principes
1588 773 1635 814 et
1675 785 1815 826 opum
1856 771 1905 812 et

407 841 648 897 dignitatis
690 838 878 893 speciali
919 835 1211 891 prerogativa
1258 833 1503 882 emineant,
1547 831 1688 886 digna
1727 828 1904 871 meritis

406 901 581 956 premia
621 898 851 940 relaturus
893 897 965 937 sit.
1030 894 1128 936 Nec
1170 892 1317 934 multo
1355 893 1460 946 post
1491 891 1652 932 aderat
1683 888 1905 930 Eberhar-
1919 900 1956 926 10

407 962 492 1002 dus
524 961 724 1000 fremens
752 959 798 999 et
825 952 1264 997 stridens'dentibus
1293 965 1372 1006 pre
1396 949 1566 992 doloris
1593 947 1904 1004 impacientia,

408 1020 732 1073 compertoque
774 1029 855 1070 per
895 1013 1119 1055 veridicos
1161 1011 1350 1059 indices,
1393 1023 1482 1063 quo
1530 1008 1661 1064 pueri
1701 1005 1906 1049 divertis-

409 1080 524 1128 sent,
568 1090 745 1118 summa
791 1075 848 1123 vi,
898 1086 1075 1114 summo
1123 1070 1361 1112 conamine
1409 1069 1596 1110 domum
1644 1078 1907 1121 expugnare

407 1138 620 1190 foresque
652 1134 905 1188 infringere
932 1131 1138 1186 parabat,
1173 1131 1219 1171 et
1252 1129 1340 1170 nisi
1372 1127 1553 1169 obsides
1583 1126 1705 1181 regis
1727 1126 1907 1166 mature

409 1197 723 1242 redderentur,
776 1193 931 1247 ignem
983 1190 1120 1232 tectis
1173 1184 1247 1230 sef
1298 1188 1578 1229 iniecturum
1629 1185 1906 1226 minabatur.
1921 1195 1959 1222 1⁶

411 1254 655 1297 Concurrit
689 1252 850 1294 civitas
891 1251 950 1291 ad
983 1248 1310 1304 spectaculum,
1356 1248 1402 1288 et
1438 1246 1565 1286 facta
1601 1246 1672 1286 est
1702 1257 1784 1298 pro
1817 1245 1907 1284 stu-

412 1315 498 1356 diis
531 1313 732 1368 partium
767 1310 959 1352 confusa
991 1312 1073 1349 acg
1110 1307 1291 1348 dissona
1330 1305 1458 1346 aliud
1490 1306 1628 1358 atque
1661 1303 1790 1344 aliud
1822 1301 1908 1343 cla-

410 1373 636 1414 mantium
678 1370 918 1411 turbarum
963 1366 1246 1408 vociferatio.
1309 1364 1495 1406 Perlato
1537 1363 1596 1404 ad
1643 1362 1909 1416 episcopum

410 1431 761 1485 Mogontinum⁰
800 1426 1131 1468 tumultuantis
1173 1423 1374 1466 civitatis
1414 1422 1596 1471 nuncio,
1640 1421 1766 1462 misit
1807 1433 1908 1462 con-

411 1491 569 1533 festim
622 1503 724 1530 cum
773 1486 960 1528 armatis
1009 1478 1304 1526 Cfinradumh
1351 1481 1566 1522 comitem
1613 1481 1669 1521 de
1718 1478 1908 1520 castello
1921 1491 1961 1517 πο

413 1550 534 1604 quod
577 1548 747 1589 dicitur
783 1538 1166 1597 Liuzelenburgi,
1209 1542 1288 1596 qui
1327 1536 1457 1581 tumk
1492 1540 1614 1581 forte
1655 1538 1779 1593 apud
1820 1537 1910 1592 epi-

413 1623 602 1663 scopum
634 1619 819 1661 presens
842 1606 954 1646 erat.
998 1602 1088 1654 Qui
1109 1601 1296 1643 veniens
1318 1599 1639 1641 Eberhardum
1669 1591 1901 1652 improbel

415 1667 693 1709 saevientem
741 1666 879 1717 atque
930 1663 979 1703 in
1027 1674 1184 1702 omnes
1231 1659 1310 1714 qui
1357 1659 1634 1700 obsisterent
1680 1669 1803 1698 nunc
1849 1655 1908 1706 vi,

413 1741 536 1767 nunc
561 1723 916 1766 comminatione
942 1722 1227 1776 grassantem
1250 1719 1307 1760 ab
1325 1717 1710 1772 obpugnationem
1727 1715 1912 1757 aedium

416 1800 519 1827 cum
561 1782 842 1826 contumelia
885 1780 1070 1834 repulit,
1114 1780 1439 1832 susceptosque
1486 1789 1651 1830 pueros
1698 1774 1912 1829 episcopo
1924 1787 1963 1814 εει

415 1843 712 1899 presentavit.
785 1841 874 1882 Ille
922 1839 1170 1880 admodum
1222 1836 1501 1891 gratulatus,
1551 1834 1674 1888 quod
1727 1846 1912 1875 causam

417 1903 688 1957 principum,
723 1900 802 1954 qui
827 1913 908 1953 pro
926 1897 1163 1940 'communi
1196 1895 1434 1937 commodo
1461 1907 1587 1934 arma
1619 1905 1796 1934 sumere
1824 1904 1912 1932 me-

418 1962 700 2008 ditabantur,
734 1960 821 1999 hac
845 1958 984 1999 etiam
1007 1958 1136 2011 parte
1168 1954 1631 2009 impedimentorumn
1658 1951 1910 2000 liberasset,

418 2021 510 2061 suis
552 2018 757 2072 singulos
798 2016 1067 2070 parentibus
1109 2029 1212 2055 cum
1254 2013 1379 2054 omni
1420 2010 1674 2066 diligentia,
1717 2023 1775 2052 ne
1812 2009 1914 2063 quis

419 2079 595 2119 scilicet
626 2076 923 2117 insidiaretur
955 2073 1245 2122 abeuntibus,
1278 2071 1500 2113 remisit0.
1928 2082 1966 2109 ³0

562 2136 750 2176 Statuta
782 2134 885 2174 die2
915 2133 1046 2172 iuxta
1078 2131 1343 2172 condictum
1381 2129 1610 2183 principes
1643 2126 1835 2169 Sueviae
1866 2127 1914 2168 et

420 2195 644 2236 Saxoniae
687 2191 975 2233 'I'riburiam3
1022 2191 1335 2230 convenerunt
1383 2187 1663 2241 amplissimo
1709 2198 1913 2235 numero,

421 2253 666 2296 obstinatis
708 2250 939 2292 mentibus
981 2249 1039 2289 ad
1081 2247 1460 2288 summovendum
1493 2260 1519 2286 a
1550 2244 1753 2299 negociis
1784 2243 1916 2298 regni

419 2327 574 2367 regem
605 2310 878 2352 Heinricum
917 2310 963 2350 et
1004 2307 1159 2356 alium,
1202 2306 1251 2345 in
1292 2318 1426 2358 quem
1464 2303 1717 2345 communis
1750 2301 1915 2343 electio

421 2371 736 2420 consensisset,
771 2367 1020 2410 creandum
1032 2365 1061 2405 4.
1109 2365 1317 2405 Aderant
1342 2377 1435 2403 una
1460 2362 1605 2416 legati
1636 2360 1916 2415 apostolicae
1929 2376 1966 2403 ³5

420 2475 449 2507 a)
468 2475 641 2507 peccoribus
660 2473 727 2504 1323
748 2470 916 2503 pectoribus
936 2470 997 2495 Β1.
1070 2466 1101 2499 b)
1120 2466 1304 2499 Moguntiam
1323 2466 1401 2492 ΒΗ.
1470 2466 1496 2496 c)
1515 2466 1647 2496 mogunt.
1666 2463 1744 2490 1³1⁸.
1813 2462 1842 2493 d)
1861 2469 1916 2489 om.

420 2512 497 2538 Bia.
571 2509 599 2541 e)
618 2510 865 2537 intemerataque,
887 2512 944 2536 que
964 2504 1016 2530 del.
1036 2504 1112 2529 131⁸.
1185 2502 1209 2532 f)
1228 2502 1327 2528 iniect.
1346 2508 1377 2525 se
1396 2501 1458 2527 Al.
1528 2499 1558 2532 g)
1578 2502 1608 2524 et
1626 2499 1687 2526 Β1.
1699 2499 1723 2526 2.
1788 2497 1820 2530 h)
1839 2497 1917 2523 Cun-

421 2547 526 2571 radum
544 2546 570 2570 A
581 2546 611 2576 13
633 2543 800 2569 Com-adum
820 2542 845 2566 B
856 2542 880 2568 1,
891 2541 916 2567 2.
964 2541 984 2570 i)
1003 2538 1222 2569 Luizelenburg
1238 2537 1335 2562 A1.B
1346 2535 1395 2567 1¹³3
1416 2535 1619 2566 liuzelenburg
1637 2534 1714 2561 131⁸.
1725 2534 1750 2560 2.
1798 2533 1831 2566 k)
1849 2539 1917 2558 cum

421 2581 498 2608 Blb,
570 2581 592 2611 l)
611 2587 664 2606 om.
684 2578 765 2605 Blb.
837 2578 876 2607 m)
896 2582 1028 2607 oppugn.
1047 2574 1074 2598 A
1087 2575 1111 2600 1.
1182 2574 1214 2603 n)
1233 2572 1440 2603 impeditorum
1459 2571 1520 2597 ΒΞ.
1600 2571 1628 2601 ο)
1649 2570 1695 2595 etc
1715 2569 1782 2596 add.
1800 2567 1881 2596 Blb.

424 2652 458 2695 1)
484 2652 554 2693 Qui
568 2649 737 2693 quomodo
755 2647 918 2680 Rhenum
941 2645 1090 2687 fluvium
1112 2643 1337 2684 transierint,
1364 2651 1437 2674 non
1463 2645 1623 2683 apparet.
1667 2639 1725 2681 Cf.
1742 2639 1846 2672 Floto
1863 2637 1916 2680 II,
1929 2647 1967 2673 4⁰

418 2711 455 2742 p.
477 2699 556 2740 109,
582 2708 619 2731 n.
634 2695 689 2730 **.
767 2696 802 2737 2)
822 2694 878 2734 Cf.
896 2702 1011 2735 supra
1022 2702 1062 2734 p.
1077 2691 1158 2730 274,
1177 2690 1199 2723 l.
1218 2691 1247 2723 1.
1274 2687 1377 2721 Circa
1394 2687 1542 2722 XVIII.
1556 2687 1641 2720 Kal.
1656 2685 1784 2720 Octob.
1803 2685 1919 2727 (falso

417 2756 490 2788 pro
507 2742 686 2788 Novemb.)
703 2743 766 2775 hoc
790 2742 926 2782 factum
942 2749 1012 2772 esse
1028 2738 1151 2771 scribit
1167 2735 1319 2776 Eklceh„
1345 2735 1410 2770 SS.
1431 2735 1490 2778 VI,
1512 2745 1551 2777 p.
1570 2736 1652 2769 201.
1733 2734 1770 2776 3)
1793 2732 1918 2764 Etiam

423 2793 520 2824 Ann.
538 2791 684 2832 Yburq„
704 2789 767 2823 SS.
782 2789 823 2820 X
828 2788 861 2831 V
859 2787 888 2829 I,
905 2798 942 2829 p.
961 2787 1042 2820 436.
1061 2785 1153 2817 hunc
1171 2784 1280 2816 locum
1298 2783 1470 2816 indicant.
1499 2779 1808 2823 Parthenopolim,
1826 2778 1918 2822 quod

424 2841 462 2871 in
486 2842 582 2871 textu
600 2836 787 2870 Bertholdi
806 2846 843 2878 p.
861 2835 943 2876 286,
972 2834 994 2867 l.
1015 2833 1070 2867 11.
1091 2832 1145 2865 12.
1165 2830 1307 2872 ἱερὴ-αν,
1332 2829 1523 2862 eiciendum
1548 2832 1606 2870 est,
1634 2831 1673 2859 ut
1696 2830 1785 2859 recte
1808 2828 1919 2859 censet

424 2884 784 2927 Pfluylc-Harttun9‚
805 2882 861 2915 (Ν.
876 2877 1144 2919 Archiv'XIII,
1160 2888 1198 2920 p.
1211 2877 1292 2911 334.
1366 2876 1403 2918 4)
1420 2876 1482 2908 Ex·
1502 2875 1688 2918 proposito
1709 2883 1772 2906 suo
1789 2872 1917 2916 Lamp.
1930 2880 1966 2906 45
