2014 3184
367 180 441 216 440

366 298 446 332 tum
480 303 630 344 possent
662 304 779 348 gradu
815 306 861 342 ad
890 320 1013 355 regem
1040 313 1093 349 ire

364 343 492 381 iubent
519 375 526 383 .
553 373 561 382 .
589 376 597 385 .
624 352 661 384 et
685 363 891 400 suggerere,
918 359 959 392 ut
980 371 1092 403 quan-

364 393 480 428 tocius
505 396 628 431 veniat
655 401 734 445 190,
748 412 793 437 25.

411 439 521 476 fidem
546 447 719 491 nostram,
746 449 869 485 multis
892 453 989 496 apud
1007 465 1090 490 eum

361 491 596 525 sacramentis
637 492 928 539 implicitam
966 503 1047 547 280,
1061 514 1089 540 5.

409 535 538 572 divinis
556 550 665 582 quam
689 544 911 581 secularibus
928 550 1089 595 negociis

359 581 612 628 implicari
653 590 840 626 maluisset
883 596 1014 639 135,5.
1044 618 1085 623 —

359 630 435 664 tam
469 631 784 678 inexplicabilibus
819 642 979 686 negociis
1007 673 1014 680 .
1042 674 1049 681 .
1078 674 1085 682 .

356 676 553 722 implicitos
578 683 660 728 222,
675 696 719 720 30.
749 706 791 711 —-
818 691 1088 732 quantumlibet

355 726 526 770 gravibus
562 754 570 762 .
604 755 611 764 .
646 758 652 766 .
689 734 850 778 negociis
887 736 1084 782 implicitus

355 774 543 809 teneretur
578 779 659 822 245,
674 791 719 814 20.
757 801 799 806 —
835 783 895 818 ille
931 784 1084 822 ducatus

428 849 434 856 .
471 823 629 868 negociis
664 826 860 872 implicitus
886 833 968 876 288,
982 845 1009 869 5.
1038 855 1080 860 —

354 868 477 902 multis
516 881 612 906 nunc
648 875 683 907 et
717 877 859 922 magnis
884 879 937 913 rei
962 882 1081 925 publi-

352 925 415 949 cae
441 918 599 962 negociis
625 920 842 966 implicitum
868 929 951 970 302,
966 940 1010 964 25.

399 974 620 1009 quamquam
645 969 810 1015 plerique
835 1001 843 1008 .
865 1002 872 1009 .
893 1002 900 1009 .
926 974 964 1009 id
981 977 1079 1021 quod

349 1020 414 1044 rex
431 1012 649 1049 moliebatur
665 1017 981 1058 vehementissime
999 1024 1077 1059 im—

347 1058 620 1100 probarent
646 1065 724 1109 142,
738 1076 767 1102 5.
787 1087 828 1092 —
848 1080 992 1105 causam
1012 1100 1019 1108 .
1039 1101 1075 1109 ..

348 1115 458 1148 quam
494 1108 812 1149 vehementissime
847 1127 972 1152 omnes
1009 1119 1074 1154 im-

345 1153 551 1196 probabant
582 1159 661 1202 175,
678 1171 720 1196 15.
749 1181 791 1186 —
818 1162 967 1200 iuvenes
994 1195 1000 1202 .
1029 1193 1037 1202 .
1065 1194 1072 1203 .

345 1199 582 1238 vehementer
622 1205 878 1251 improbabant
917 1223 1073 1250 conven-

347 1246 484 1282 tionem
502 1251 601 1294 pacis
620 1255 699 1297 181,
717 1267 761 1292 10.
780 1277 822 1281 —
848 1259 982 1295 milites
1007 1290 1015 1299 .
1035 1290 1042 1297 .
1062 1291 1070 1299 .

345 1296 521 1331 acerrime
530 1297 667 1334 factum
675 1301 932 1347 improbabant
941 1311 1069 1354 240‚10.

389 1341 625 1388 Inexpiabilis
650 1348 871 1393 ignominiae
888 1357 1068 1391 maculam

340 1390 494 1432 putabat
530 1392 724 1438 impune
757 1397 928 1435 iniuriam
967 1414 1067 1439 acce-

339 1435 435 1480 pisse
460 1441 541 1484 270,
556 1451 600 1476 25.

386 1495 459 1519 non
478 1485 535 1521 im
546 1499 570 1531 p
581 1499 604 1522 u
615 1500 639 1523 n
650 1501 669 1524 e
687 1491 824 1527 laturos
839 1505 915 1530 esse
929 1499 1010 1542 322,
1021 1510 1064 1534 10.

386 1534 490 1567 atrox
516 1535 680 1571 omnium
706 1540 888 1576 mentibus
913 1543 967 1579 ira
991 1545 1065 1580 in-

337 1580 540 1615 canduit
577 1585 656 1628 152,
670 1596 714 1621 25.
741 1607 787 1612 —
813 1590 914 1625 tante
942 1591 980 1626 in
1005 1605 1071 1634 me,

334 1624 525 1663 incanduit
564 1629 814 1676 indignatione
858 1639 936 1683 167,
950 1650 978 1675 5.
1019 1661 1061 1666 —

335 1672 423 1708 dum
447 1675 502 1710 ira
526 1676 771 1716 incanduisset
797 1686 876 1727 187,
890 1696 918 1722 5.

382 1722 444 1765 qui
470 1749 478 1757 .
503 1751 511 1759 .
537 1753 544 1760 .
571 1726 909 1767 vehementissimus
936 1737 1063 1770 auctor

331 1767 642 1817 incentorque
679 1775 799 1812 fuerat
837 1781 976 1824 116‚30.
1017 1802 1059 1808 —

332 1816 463 1859 quibus
488 1818 575 1864 ipse,
610 1824 651 1856 ut
675 1834 712 1858 se
739 1824 925 1872 dederent,
951 1829 1059 1864 vehe-

330 1865 574 1901 mentissimus
610 1872 737 1905 auctor
771 1871 882 1908 fuerit
916 1878 997 1921 261,
1013 1889 1057 1914 25.

331 1930 372 1934 —
401 1923 443 1946 eo
469 1914 568 1957 quod
591 1944 598 1951 .
618 1943 626 1952 .
646 1943 654 1951 .
678 1919 853 1964 omnium,
879 1934 971 1967 quae
993 1936 1058 1960 rex

326 1969 519 2003 perperam
546 1988 554 1995 .
580 1991 587 1998 .
609 1992 617 1999 .
643 1966 822 2011 gessisset,
847 1970 1056 2013 potissimus

325 2004 494 2041 incentor
511 2009 672 2045 extitisse
697 2016 888 2056 putaretur
913 2020 994 2063 240,
1010 2031 1055 2055 10.

328 2071 371 2076 —
390 2054 452 2096 qui
479 2082 486 2090 .
514 2083 522 2090 .
550 2084 557 2091 .
585 2058 748 2094 omnium
774 2073 866 2104 quae
893 2089 902 2098 .
930 2093 937 2100 .
965 2093 972 2101 .
1000 2078 1053 2101 se-

325 2109 388 2133 cus
414 2101 626 2138 accidissent
661 2109 788 2141 auctor
816 2109 1053 2156 incentorque

324 2147 501 2183 extitisset
536 2153 615 2196 300,
631 2163 675 2188 25.
704 2174 746 2178 —
774 2155 942 2192 dictitans
969 2171 1052 2195 eum

322 2194 504 2230 malorum
536 2198 665 2234 talium
690 2200 914 2239 incentorem
941 2205 1050 2242 fuisse

323 2243 404 2286 324,
418 2254 463 2278 25.
484 2265 525 2268 —
544 2247 621 2280 tam
646 2248 791 2284 audacis
817 2250 904 2286 facti
928 2253 1049 2289 incen-

321 2290 440 2324 torem
469 2293 606 2336 126,15.

368 2336 550 2374 incidit
584 2341 617 2375 ei
650 2342 688 2377 in
719 2345 879 2380 animum
905 2350 986 2392 311,
1001 2360 1046 2385 20.

320 2382 491 2420 fratribus
527 2414 535 2423 .
563 2413 570 2422 .
598 2414 607 2423 .
644 2389 774 2426 incidit
809 2393 847 2427 in
885 2395 1046 2430 animum

318 2432 399 2476 336,
413 2444 458 2468 20.

362 2574 518 2620 remiges
537 2604 544 2612 .
565 2605 573 2613 .
593 2605 601 2614 .
621 2579 730 2614 remis
755 2581 1043 2620 incumbunt

314 2621 361 2656 80
387 2631 430 2656 15.

361 2645 424 2702 {ibi
449 2671 672 2707 atrocissima
694 2675 748 2709 vis
773 2675 932 2712 hostium
959 2705 967 2713 .
995 2707 1004 2716 .
1032 2708 1039 2716 .

311 2713 628 2753 incumbebat
654 2723 710 2763 97,
725 2733 770 2758 20.
799 2744 841 2748 —
874 2725 1038 2761 ubicum-

311 2771 382 2804 que
409 2763 525 2798 acrior
549 2766 602 2800 vis
627 2767 786 2804 hostium
815 2771 1039 2809 incubuisset

310 2810 391 2853 220,
408 2821 432 2845 1.

855 187 1018 226 INDEX
1043 192 1392 237 LOOUTIONUM.

1142 326 1869 419 {2¹533³„253V222213555er303332<⁷421

1140 410 1281 456 ginium
1307 415 1425 453 acciri.
1477 418 1533 461 Cf.
1560 419 1702 459 citatus.

1194 460 1234 496 V.
1261 461 1373 499 Mart.
1399 465 1431 500 2.
1466 476 1603 502 sacram
1609 469 1700 504 entis
1734 470 1869 508 milita·

1139 506 1238 542 ribus
1263 508 1547 554 implicatus
1573 518 1637 552 est.

1186 557 1219 591 2.
1243 556 1335 592 Tim.
1353 560 1387 602 2,
1404 561 1438 595 4.
1464 559 1583 596 Nemo
1608 563 1766 600 militans
1783 565 1863 604 Deo

1136 600 1305 647 implic
1316 606 1362 639 at
1387 617 1424 641 se
1450 609 1605 654 negotiis
1629 613 1862 652 secularibus.

1175 982 1254 1018 Liv.
1271 983 1345 1028 III,
1365 987 1422 1029 35,
1444 988 1499 1023 10.
1522 989 1621 1032 quod
1637 989 1736 1027 haud
1752 1003 1855 1030 secus

1127 1026 1266 1064 factum
1291 1030 1547 1076 improbabant
1571 1036 1678 1082 boni3
1709 1039 1854 1085 XXIV,

1126 1078 1182 1112 39.
1209 1088 1276 1112 nec
1301 1077 1438 1115 factum
1463 1082 1692 1128 improbavit.

1166 1361 1252 1397 Sall.
1267 1363 1346 1406 Iny.
1359 1366 1414 1400 31.
1433 1365 1511 1400 viro
1525 1366 1846 1414 flagitiosissimum

1118 1407 1297 1460 existumo
1323 1411 1382 1445 im
1392 1423 1416 1456 p
1429 1424 1452 1446 u
1463 1425 1487 1447 n
1495 1425 1514 1448 e
1539 1414 1711 1452 iniuriam
1742 1430 1844 1456 accc—

1114 1465 1292 1540 Ριῗῖὲιεη.
1326 1505 1480 1552 XVIII,
1507 1511 1545 1554 5,
1573 1513 1605 1547 7.
1647 1523 1720 1548 non
1757 1513 1817 1549 im
1828 1535 1842 1541 -

1113 1560 1137 1593 p
1149 1561 1172 1583 u
1183 1562 1207 1584 n
1218 1562 1238 1585 e
1263 1551 1434 1590 laturum.

1157 1741 1192 1775 2.
1217 1741 1335 1778 Mach.
1361 1745 1395 1787 4,
1415 1746 1445 1780 1.
1471 1747 1659 1792 tamquam
1677 1775 1686 1784 .
1705 1777 1712 1787 .
1732 1778 1740 1787 .
1758 1750 1836 1797 ipse

1109 1785 1236 1869 ξιιιέεέῗθΐ,
1253 1788 1299 1823 in
1310 1801 1329 1824 c
1340 1802 1359 1825 e
1369 1803 1394 1825 n
1404 1794 1420 1826 t
1431 1803 1452 1827 o
1462 1804 1482 1827 r
1503 1795 1694 1833 malorum.
1714 1818 1757 1823 —
1776 1799 1835 1843 Of.

1148 2353 1282 2390 Terent.
1309 2356 1439 2393 Heaut.
1466 2360 1539 2403 III,
1561 2362 1593 2404 1,
1615 2364 1670 2399 75.
1705 2365 1820 2408 quod-

1095 2409 1239 2443 cunque
1292 2402 1528 2441 inciderit
1567 2407 1605 2442 in
1646 2413 1819 2457 mentem,

1094 2446 1211 2491 volet3
1246 2449 1390 2487 Phorm.
1422 2453 1475 2496 H,
1506 2456 1538 2497 1,
1563 2457 1595 2492 5.
1631 2467 1676 2492 ne
1702 2457 1819 2494 Phor-

1093 2493 1207 2528 mioni
1231 2495 1268 2529 id
1293 2498 1445 2534 suadere
1479 2500 1518 2535 in
1541 2506 1704 2539 mentem
1728 2505 1816 2542 inci-

1092 2540 1212 2578 disset.

1143 2589 1247 2633 Verq.
1265 2592 1352 2628 Aen.
1372 2594 1413 2635 V,
1432 2597 1486 2631 15.
1512 2597 1615 2632 iubet
1631 2598 1788 2636 incum
1801 2621 1815 2628 -

1090 2634 1203 2671 bere
1240 2639 1369 2683 remis,
1407 2642 1460 2686 X,
1497 2645 1578 2681 294.
1615 2645 1814 2684 incumbite

1088 2694 1208 2720 remia
