2046 3190
351 273 422 307 ‘228
721 262 990 300 LAMPERTI
1015 258 1268 296 ANNALES.
1318 258 1364 294 A.
1393 259 1495 294 1075.

237 393 339 427 1075-
354 393 442 434 Dei
475 390 746 447 genitricem
779 387 995 442 operatus
1027 385 1110 433 est,
1150 394 1333 438 egressa
1370 382 1439 422 est
1477 393 1504 420 a
1535 378 1635 419 Deo
1677 377 1855 418 senten·

175 440 272 469 (Fam
285 440 332 470 ¹⁹)
335 459 341 466 ”
355 453 433 502 tia,
467 453 521 492 ut
552 445 892 491 interficiatur'.
956 444 1029 485 Ad
1061 443 1181 484 hanc
1212 454 1369 482 vocem
1403 437 1728 493 corripientesa
1766 434 1856 490 epi-

357 524 546 566 scopum
578 506 925 550 decollaverunt
958 505 1004 545 et
1034 504 1251 543 truncum
1290 499 1339 540 in
1371 498 1499 553 ligno
1531 496 1690 546 crucis,
1733 493 1858 549 quod

356 572 404 612 in
437 570 598 612 eadem
630 565 849 609 aecclesia
887 564 936 604 in
970 561 1164 603 sublime
1198 559 1372 601 elatum
1404 557 1570 607 stabat,
1614 553 1857 610 suspende-

178 647 274 678 (Febr.
286 646 343 678 20).
357 632 480 671 runt.
545 627 751 680 Cumque
791 637 925 665 mane
966 622 1093 663 facto
1132 619 1325 661 clericus
1362 617 1504 658 nimio
1536 616 1724 656 horrore
1757 626 1889 655 con-⁵

359 702 516 731 cussus
558 687 771 742 episcopo
813 682 1039 724 somnium
1080 678 1328 725 retulisset,
1369 676 1494 718 visus
1536 676 1605 716 est
1646 673 1689 715 ei
1728 671 1859 727 quasi

360 748 664 790 deliramenta
709 742 854 797 loqui,
905 742 952 782 et
999 741 1187 794 propter
1233 736 1503 791 sospitatem
1547 731 1747 788 corporis
1788 730 1860 773 sui

360 808 622 863 optimeque
665 803 954 845 constantem
992 797 1204 840 omnibus
1243 794 1459 837 membris
1490 793 1695 847 vigorem
1726 804 1861 832 suum

360 866 541 908 nullum
571 867 669 906 tam
702 876 725 903 e
757 861 907 903 vicino
939 856 1223 899 imminentis
1265 854 1399 896 exicii
1439 865 1622 894 sensum
1660 849 1860 892 admisit.

181 926 422 975 (παν-,26111113
470 938 573 966 0000
622 921 816 977 septimo
866 912 1066 960 dehincb
1115 915 1201 964 die,
1252 928 1355 956 cum
1403 913 1462 954 ad
1506 908 1862 966 vespertinalem
1877 923 1913 948 ιο

363 984 581 1026 sinaxim⁰
622 996 726 1023 cum
757 978 981 1020 fratribus
1021 976 1071 1017 in
1113 975 1250 1016 choro
1290 974 1446 1022 staret,
1491 971 1633 1012 sensit
1672 969 1863 1024 repente

363 1043 603 1100 parvulam
645 1040 732 1082 sibi
772 1033 953 1079 instar<1
990 1034 1153 1090 puncti
1194 1032 1429 1088 pustulam
1469 1030 1518 1071 in
1559 1028 1678 1071 collo
1717 1040 1864 1070 excre-

365 1116 500 1151 scere,
536 1115 627 1155 qua
654 1098 881 1155 paulatim
903 1097 951 1136 in
973 1096 1232 1136 inmensum
1254 1091 1602 1139 intumescente,
1637 1089 1745 1129 ante
1777 1098 1865 1128 me-

367 1163 487 1204 diam
520 1162 704 1202 noctem
737 1157 985 1199 defunctus
1019 1153 1174 1196 este-1.

183 1239 353 1270 (luzam.)
509 1221 621 1261 Post
653 1218 903 1259 abductum
944 1215 999 1256 de
1034 1212 1231 1254 Saxonia
1261 1210 1382 1264 regis
1416 1208 1665 1250 exercitum
1696 1206 1867 1248 iterum
1880 1219 1916 1245 ιε

368 1281 568 1323 Saxones
610 1280 656 1320 et
693 1270 914 1329 Turingif
952 1273 1112 1314 crebra
1153 1267 1476 1312 conventicula
1514 1265 1769 1314 faciebant,
1818 1263 1867 1304 in

368 1340 534 1395 quibus
566 1337 696 1392 plebs
719 1336 880 1376 contra
900 1332 1142 1387 principes,
1174 1332 1220 1371 et
1251 1328 1481 1384 principes
1504 1327 1665 1367 contra
1686 1322 1868 1379 plebem

369 1397 636 1454 gravissima
667 1393 903 1436 simultate
934 1388 1356 1432 tumultuabantur.
1406 1383 1716 1427 Succensebat
1739 1381 1868 1437 plebs

369 1456 667 1513 principibus,
710 1452 833 1507 quod
875 1464 975 1492 eam
1013 1449 1071 1490 ad
1110 1447 1332 1489 sumenda
1364 1446 1524 1487 contra
1555 1456 1710 1497 regem
1742 1454 1870 1482 arma

369 1514 644 1571 importunis
693 1510 981 1553 suasionibus
1034 1506 1327 1562 impulissent
1374 1506 1421 1546 et
1466 1516 1608 1552 nunc,
1658 1514 1763 1543 cum
1810 1500 1870 1541 ad
1883 1515 1920 1540 20

372 1577 604 1618 certamen
650 1573 839 1614 ventum
884 1570 1022 1618 esset,
1070 1566 1159 1621 ipsi
1204 1566 1318 1619 fuga
1364 1563 1509 1618 elapsi
1549 1561 1732 1617 plebem
1772 1572 1870 1615 pro-

372 1633 686 1681 sternendam,
727 1628 1086 1672 conculcandam
1128 1627 1174 1667 et
1212 1625 1308 1665 ritu
1347 1622 1566 1664 inertium
1608 1619 1867 1675 pecudumg

372 1693 673 1748 iugulandam
719 1689 931 1730 hostibus
979 1684 1307 1740 exposuissent.
1378 1680 1706 1723 Irascebantur
1752 1677 1871 1733 prin-

374 1754 497 1808 cipes
547 1750 690 1806 plebi,
747 1748 886 1803 quod,
944 1745 1054 1800 ipsis
1104 1745 1153 1785 in
1203 1743 1346 1784 aciem
1394 1739 1644 1796 progressis
1693 1739 1740 1779 et
1789 1749 1872 1792 pro

373 1825 565 1854 numero
608 1823 688 1850 suo
731 1807 842 1849 satis
882 1805 1076 1860 impigre
1116 1816 1213 1844 rem
1255 1800 1534 1856 gerentibus,
1578 1797 1708 1853 plebs
1748 1796 1874 1837 intra
1886 1810 1924 1836 25

376 1874 526 1914 castra
556 1868 695 1910 inerti
727 1867 826 1908 ocio
859 1865 1110 1907 desedisset
1143 1864 1189 1903 et
1221 1858 1591 1916 periclitantibus
1624 1856 1875 1912 plurimum

375 1931 532 1971 irritae
575 1928 682 1983 spei,
725 1925 844 1967 nihil
886 1924 985 1979 opis
1022 1921 1300 1977 presidiique
1334 1919 1414 1960 diu
1445 1917 1688 1972 expectata
1719 1915 1875 1956 contu-

376 1990 518 2030 lisset.
581 1981 726 2027 Tum11
762 1998 868 2026 vero
909 1995 1066 2024 omnes
1107 1981 1156 2021 in
1198 1991 1437 2021 commune
1479 1976 1679 2018 Saxones
1718 1985 1876 2015 omnes

378 2041 631 2101 Turingosf
667 2043 966 2085 infestissime
1005 2039 1334 2082 aversabantur
1373 2038 1420 2078 et
1459 2050 1562 2077 cum
1601 2034 1673 2075 his
1709 2031 1877 2074 iustius

380 2120 515 2161 quam
539 2118 643 2146 cum
663 2116 770 2156 rege
794 2102 967 2143 bellum
989 2099 1077 2140 sibi
1098 2099 1197 2139 fore
1220 2097 1448 2146 dicebant,
1482 2094 1616 2148 quod,
1646 2093 1696 2134 in
1715 2092 1928 2146 fugamao

379 2179 509 2207 verso
557 2162 781 2204 Saxonico
829 2159 1049 2207 exercitu,
1092 2151 1312 2210 Turingif
1357 2168 1439 2209 per
1486 2166 1641 2194 omnes
1687 2151 1784 2192 vias
1831 2150 1879 2190 et

383 2218 603 2279 compitai
647 2219 845 2275 oppositi
882 2217 1114 2271 fugientes
1155 2215 1444 2262 invaderent,
1486 2212 1721 2265 raperent,
1763 2208 1878 2250 lace-

381 2285 538 2325 rarent
577 2283 624 2323 et
660 2277 965 2334 ignominiosa
1003 2275 1216 2315 nuditate
1257 2273 1440 2313 fedatos
1483 2271 1538 2311 de
1577 2269 1670 2310 suis
1710 2266 1878 2308 finibus

385 2341 657 2396 effugarent.
729 2338 830 2379 Iam
870 2337 918 2377 in
961 2348 1013 2376 eo
1055 2334 1171 2382 erat,
1214 2333 1268 2371 ut
1309 2331 1368 2371 ad
1407 2325 1529 2371 vimk
1571 2339 1879 2382 magnumque

386 2400 572 2454 aliquod
603 2398 776 2440 malum
798 2395 947 2449 iurgia
968 2394 1174 2448 spectare
1194 2390 1474 2432 viderentur.
1529 2386 1619 2428 Sed
1640 2385 1880 2440 episcopus
1894 2400 1931 2427 35

386 2451 815 2501 Halberstadensis¹
858 2456 905 2496 et
937 2452 1048 2495 Otto
1088 2451 1180 2491 dux
1217 2448 1448 2503 quondam
1480 2444 1732 2495 Baioariae,
1776 2456 1880 2498 quo-

388 2597 418 2631 a>
437 2597 618 2628 corripentes
638 2596 714 2622 Bia.
769 2593 800 2625 b)
821 2591 868 2618 die
884 2590 990 2617 dehinc
1009 2597 1083 2616 corr.
1103 2587 1210 2613 dehinc
1230 2585 1278 2611 die
1298 2585 1384 2618 B1b;
1405 2585 1453 2610 die
1472 2584 1539 2608 hinc
1559 2584 1614 2614 die,
1631 2583 1734 2614 priore
1753 2579 1802 2606 die
1815 2582 1883 2612 post

389 2634 442 2660 del.
462 2633 488 2657 B
501 2633 525 2659 2.
617 2630 643 2663 0)
664 2630 799 2663 synaxim
820 2629 881 2655 Al.
895 2628 920 2654 2,
939 2625 1054 2659 B12.2.
1149 2622 1179 2655 d)
1199 2622 1301 2654 puncti
1321 2622 1414 2646 instar
1433 2619 1512 2646 Bib.
1603 2618 1630 2651 e)
1650 2618 1697 2643 effi
1717 2617 1784 2644 add.
1802 2615 1882 2642 ΒΗ).

389 2669 412 2699 f)
431 2669 523 2694 Thur.
542 2667 602 2693 Bl.
616 2667 640 2692 2.
704 2664 734 2698 g)
753 2663 898 2696 pecodum
918 2663 994 2689 131².
1055 2660 1085 2692 h)
1105 2660 1189 2684 Tunc
1208 2657 1288 2684 Blb.
1343 2656 1364 2689 i)
1385 2658 1491 2687 eo'peta
1509 2655 1535 2679 B
1549 2655 1573 2681 2.
1629 2653 1660 2686 k)
1680 2656 1714 2679 ut
1732 2651 1801 2678 adffi
1819 2652 1846 2676 B
1858 2651 1884 2678 2.

389 2705 410 2735 1)
429 2705 470 2729 sie
489 2703 549 2730 Al.
569 2703 647 2727 Blss·
660 2701 684 2728 b.
699 2703 714 2725 2
735 2701 762 2728 h.
781 2700 816 2731 l.;
835 2696 1046 2724 Halberstatefi
1066 2696 1142 2722 Blc.
1896 2684 1933 2709 40

393 2820 429 2864 1)
460 2821 624 2863 Sequente
655 2819 727 2860 die,
761 2821 949 2861 postquam
982 2814 1189 2856 infirmatus
1222 2815 1288 2852 est,
1319 2812 1400 2852 post
1434 2807 1615 2842 meridiem
1649 2816 1726 2838 eum
1762 2804 1886 2837 obiisse

392 2867 590 2910 Barthold„
627 2867 683 2898 die
716 2865 818 2898 Febr.
851 2865 907 2898 24.
943 2862 1184 2904 infirmatum,
1220 2857 1324 2892 Febr.
1357 2858 1413 2891 26.
1448 2856 1651 2896 defunctum
1685 2851 1887 2886 Bernoldus

230 2946 252 2950 -
393 2915 553 2948 tradunt.
605 2913 661 2954 Cf.
689 2912 825 2946 Neorol.
853 2911 963 2954 Spin,
990 2908 1154 2948 Βόὴνηεν,
1179 2906 1310 2938 Fontes
1334 2904 1400 2946 IV,
1420 2914 1459 2946 p.
1486 2904 1568 2937 315.

2035 2627 2046 2684 '1
