1968 3164
251 386 354 421 1060.

259 1864 360 1898 1061.

367 262 412 295 78
731 255 998 291 LAMPERTI
1024 253 1276 290 ANNALES.
1326 253 1372 288 A.
1401 255 1503 289 1061.

370 381 514 422 filium
549 380 861 428 Salomonem,
901 378 975 419 cui
1007 378 1258 431 imperator
1290 375 1431 416 filiam
1464 388 1594 416 suam
1608 373 1635 423 1,
1680 371 1871 428 parvulo

370 440 653 495 parvulmnss,
699 438 1028 492 desponderat,
1073 451 1176 477 cum
1219 435 1378 475 multis
1420 434 1584 488 opibus
1626 433 1684 474 ad
1715 445 1871 487 regem

370 494 668 541 Heinricum¹'
707 497 974 546 transmisit,
1010 498 1184 550 petens,
1219 496 1272 535 ut
1305 497 1350 536 et
1383 493 1471 535 sibi
1498 493 1634 534 misso
1667 490 1871 534 exercitu

370 558 633 600 subveniret
667 559 713 599 et
746 570 863 605 suos,
901 552 1064 597 *donec
1087 555 1223 596 rebus
1245 552 1560 607 tranquillitas
1586 551 1869 601 redderetur,
1885 564 1932 598 *μ
1944 564 1968 592 ιι

369 620 570 660 servaret
585 619 612 657 ².
684 617 781 658 Rex
831 615 1195 656 Willihehmuffl
1257 612 1568 654 marchionem
1619 609 1902 665 Thuringo-ts

369 692 470 718 rum
503 679 549 718 et
583 677 816 731 Epponem
854 674 1131 716 Citicensem
1170 672 1433 726 episcopum
1476 685 1580 712 cum
1613 670 1728 711 duce
1761 669 1871 711 Boe-

370 733 626 778 11101·11111“ῑ·3
658 737 704 777 et
727 734 931 776 exercitu
954 732 1193 774 Baioarico
1225 731 1337 772 illuc
1366 730 1504 771 misit.
1555 729 1644 771 Sed
1667 727 1872 770 marchio

370 798 416 837 et
449 795 689 849 episcopus
722 794 894 848 priores
927 792 1179 846 Ungariam
1211 790 1427 844 ingressi,
1471 803 1564 830 non
1596 789 1864 843 expectato⁰

371 856 486 896 duce
536 850 855 899 Boemorumd,
906 866 1008 893 cum
1051 850 1162 892 Bele
1211 850 1342 903 signa
1389 848 1686 890 contulerunt
1733 848 1871 901 atque

369 914 600 954 infinitam
625 912 973 953 multitudinem
998 909 1306 963 Ungariorum
1330 908 1636 963 peremerunt.
1690 905 1872 948 Deinde
1887 920 1921 945 ιο

371 988 473 1014 cum
508 987 561 1014 ex
575 969 589 994 f
618 972 742 1013 omni
775 973 905 1025 parte
930 970 1122 1023 Ungarii
1156 969 1213 1009 ad
1246 968 1490 1010 ferendum
1523 966 1615 1007 suis
1648 965 1871 1007 auxilium

370 1034 635 1086 frequentes
690 1030 1038 1078 confluxissent,
1101 1028 1310 1070 videntes
1363 1026 1487 1067 missi
1540 1025 1660 1080 regis
1712 1026 1872 1067 tantae

371 1091 662 1132 multitudini
704 1104 750 1131 se
793 1103 982 1130 numero
1025 1090 1071 1130 et
1103 1087 1276 1128 viribus
1312 1087 1510 1140 impares
1542 1099 1660 1135 esse,
1704 1083 1872 1126 finibus

372 1151 573 1192 hostium
608 1150 825 1192 excedere
859 1148 1088 1189 volebant.
1152 1146 1323 1188 Verum
1356 1145 1427 1186 illi
1459 1145 1561 1186 loca
1591 1143 1758 1193 omnia,
1792 1155 1873 1198 per

372 1224 487 1264 quae
521 1210 670 1251 exitus
693 1222 789 1250 esse
813 1209 1040 1289 poteratss,
1075 1206 1376 1255 occluserant,
1411 1206 1523 1253 tum,
1558 1217 1615 1245 ne
1642 1202 1752 1257 quid
1781 1201 1920 1244 eibim

372 1272 453 1310 aut
487 1271 622 1323 potus
654 1268 703 1308 in
735 1268 834 1308 via¹
873 1266 1162 1320 reperiretur,
1198 1264 1506 1318 providerant.
1571 1262 1776 1316 Cumque
1807 1260 1871 1302 in-

373 1342 509 1382 super
561 1328 783 1369 abeuntes
837 1326 995 1367 crebra
1047 1324 1306 1365 incursione
1359 1323 1657 1370 infestarent,
1707 1322 1754 1363 et
1800 1319 1871 1361 illi

373 1401 551 1441 semper
583 1386 837 1440 periculum
870 1385 1042 1425 virtute
1075 1382 1396 1437 propulsantes
1438 1394 1627 1434 magnas
1668 1379 1872 1421 hostium

373 1449 548 1500 strages
581 1446 756 1495 darent,
800 1444 987 1485 tandem
1022 1443 1242 1483 diuturna
1274 1441 1383 1482 cede
1417 1439 1652 1481 exhaustis
1683 1438 1870 1489 viribus,

372 1505 581 1546 Andreas
623 1517 738 1558 equo
779 1504 900 1544 forte
943 1515 1157 1544 excussus
1205 1499 1513 1554 pugnantium
1560 1498 1754 1552 pedibus
1802 1499 1920 1540 estzo

374 1564 683 1614 conculcatus,
718 1563 958 1616 episcopus
981 1563 1155 1615 captus,
1190 1559 1394 1600 marchio
1421 1558 1543 1599 fame
1566 1557 1712 1611 magis
1734 1570 1871 1611 quam

372 1624 495 1665 ferro
538 1624 827 1677 expugnatus
870 1635 915 1662 se
958 1619 1149 1662 dedidit.
1215 1618 1357 1660 Cuius
1397 1617 1543 1658 virtus
1591 1618 1750 1658 tantae
1797 1615 1870 1657 ad-

374 1682 607 1723 mirationi
640 1681 762 1735 apud
805 1680 1021 1722 barbaros
1054 1679 1159 1729 fuit,
1202 1680 1255 1718 ut
1288 1677 1421 1718 Ioas4
1454 1676 1576 1717 filius
1608 1674 1746 1725 Belis,
1789 1687 1872 1729 pro

373 1742 498 1782 illius
545 1736 667 1782 tumi
725 1740 876 1794 gentis
923 1738 1126 1780 moribus
1178 1732 1338 1778 haudk
1390 1736 1658 1789 desperatae
1703 1733 1873 1775 indolis

375 1801 661 1848 adolescens,
705 1799 828 1840 ultro
871 1800 1049 1852 patrem
1091 1798 1320 1845 exoraret,
1364 1808 1457 1836 non
1497 1794 1633 1835 modo
1673 1795 1727 1834 ut
1767 1805 1921 1835 eum25

375 1860 472 1902 iure
506 1859 616 1901 belli
648 1859 875 1900 intactum
909 1857 1100 1906 sineret,
1145 1856 1223 1897 sed
1257 1855 1396 1897 etiam
1437 1856 1490 1894 ut
1522 1852 1754 1894 affinitate
1785 1851 1874 1893 sibi

375 1920 587 1973 iungeret
621 1912 918 1972 desponsata¹
963 1916 1004 1958 ei
1038 1915 1132 1956 filia
1164 1929 1246 1956 sua
1260 1914 1287 1965 5,
1322 1915 1513 1955 sororem
1546 1911 1705 1953 Ioiade
1718 1911 1747 1950 ⁶.

520 1977 795 2031 Imperatrix
828 1977 1047 2017 ducatum
1081 1973 1332 2023 Baioariae,
1376 1985 1510 2026 quem
1543 1972 1647 2026 post
1679 1971 1872 2012 mortem

377 2037 636 2078 Cuonradi¹¹
685 2035 768 2076 filii
810 2035 879 2076 sui
921 2048 1064 2088 usque
1106 2034 1164 2074 ad
1205 2033 1253 2074 id
1294 2034 1476 2085 tempus
1518 2044 1599 2084 per
1639 2043 1686 2071 se
1726 2029 1873 2083 ipsam

377 2151 406 2183 a)
426 2151 550 2183 paruula
570 2151 648 2178 312¹.
739 2150 769 2182 b)
799 2150 958 2175 Henricum
977 2150 1005 2176 h.
1018 2150 1036 2176 Ι.
1057 2150 1080 2175 Α
1094 2149 1118 2175 1.
1210 2147 1236 2179 c)
1257 2146 1477 2174 vuilehelmum
1497 2146 1522 2170 A
1534 2147 1566 2177 13
1592 2143 1786 2171 WVilhelmum
1804 2142 1874 2174 Bm
1887 2145 1923 2171 80

377 2187 597 2213 XVillehelmum
618 2185 697 2212 1331'.
718 2186 744 2212 S.
854 2184 884 2216 d)
910 2186 1106 2210 Bohemorum
1126 2184 1186 2211 132.
1296 2181 1324 2214 e)
1346 2184 1470 2213 expecto
1490 2180 1569 2208 Blb.
1678 2179 1702 2212 f)
1719 2186 1774 2207 om.
1793 2177 1875 2207 133⁶.

377 2224 406 2254 g)
426 2225 564 2254 poterant
582 2220 716 2248 B1b.:÷b.
825 2220 856 2253 h)
882 2221 910 2245 in
931 2221 980 2246 via
1001 2228 1055 2247 om.
1075 2218 1154 2246 Blb.
1263 2217 1284 2250 i)
1310 2225 1376 2242 cum
1396 2217 1464 2249 A13
1495 2216 1514 2243 i.
1533 2215 1681 2247 turgentis
1701 2221 1774 2242 mor.
1793 2211 1874 2240 31¹².

377 2258 408 2290 k)
429 2259 500 2283 haut
520 2256 599 2284 B3b.
672 2256 694 2288 1)
716 2254 860 2288 desponta
881 2255 956 2284 ΒΗ),
1030 2259 1069 2287 m)
1088 2263 1142 2282 om.
1162 2253 1242 2281 Bw.
1315 2253 1346 2285 ιι)
1366 2250 1498 2277 Cum-adi
1517 2252 1578 2278 Al.
1598 2250 1660 2278 ΒΞ.

380 2342 414 2381 1')
437 2340 577 2382 Iudith,
610 2339 654 2372 ab
686 2339 843 2381 Unqaris
868 2339 1039 2382 Sophiam
1064 2341 1238 2379 vocatam,
1275 2346 1383 2378 qaam
1407 2345 1477 2368 mm
1501 2333 1696 2367 Heinricus
1721 2332 1788 2366 III
1787 2357 1799 2376 ‚
1835 2335 1875 2365 ut

377 2389 483 2421 etiam
501 2387 624 2420 Simon
642 2387 682 2420 de
696 2386 794 2419 Keza
811 2387 951 2428 eiusque
967 2389 1200 2419 assentatm·es
1223 2383 1304 2426 (SS.
1319 2382 1463 2424 XXIX,
1480 2393 1517 2426 p.
1531 2382 1620 2424 542)
1643 2379 1873 2422 fabulantur,
1888 2385 1923 2413 ³5

378 2436 437 2469 sed
470 2435 687 2478 >imperatrix
721 2444 754 2468 a.
775 2434 877 2468 1058.
912 2433 1095 2467 Salomoni
1128 2431 1359 2475 desponsavit.
1410 2430 1467 2470 Cf.
1494 2427 1694 2470 Steindorff
1722 2427 1746 2462 l.
1770 2427 1793 2462 l.
1819 2425 1872 2471 II,

373 2494 411 2526 p.
432 2483 511 2524 154,
538 2492 575 2517 n.
592 2483 637 2521 4‚·
662 2480 783 2523 Meyer
799 2492 828 2515 v.
847 2480 1004 2513 Knonau
1030 2481 1053 2514 l.
1073 2480 1094 2514 l.
1122 2479 1152 2522 I,
1174 2490 1213 2521 p.
1232 2479 1290 2521 93,
1317 2488 1353 2512 n.
1372 2479 1428 2512 79.
1525 2475 1562 2519 2)
1589 2476 1718 2508 Verum
1742 2474 1875 2507 harum

378 2540 500 2563 rerum
534 2529 712 2570 ordinem,
746 2538 846 2570 quem
875 2527 1002 2570 Lamp.
1038 2527 1264 2570 aliquantum
1292 2524 1533 2568 perturbavit,
1569 2522 1731 2566 exposuit
1754 2520 1876 2564 Meyer

378 2589 407 2612 v.
435 2577 591 2610 Knonmc
618 2576 657 2618 I,
691 2586 728 2619 p.
749 2576 816 2610 189
833 2585 924 2617 sqq„
961 2575 1024 2617 qui
1047 2575 1176 2618 optimo
1200 2583 1285 2606 sane
1310 2573 1388 2605 iure
1412 2572 1467 2613 (n.
1483 2572 1548 2609 42)
1573 2570 1664 2603 hanc
1689 2568 1877 2611 Lamperts·

378 2625 581 2658 relatione-m
609 2634 649 2656 ea
675 2622 876 2655 annalistae
901 2621 1108 2655 Altahensis
1133 2621 1233 2663 Zonqe
1257 2620 1466 2660 inferiorem
1490 2621 1610 2652 censet.
1730 2615 1767 2660 3)
1793 2615 1924 2658 Spi-4o

378 2673 493 2714 timaeo
517 2671 568 2706 ΙΙ.
677 2669 714 2713 4)
748 2669 873 2711 Galsa,
909 2669 1010 2701 cuius
1043 2679 1166 2702 nonum
1190 2668 1318 2709 Lamp.
1353 2667 1392 2698 in
1426 2665 1487 2698 hoc
1522 2664 1738 2698 Hebraicum
1761 2662 1874 2698 vertit.

380 2720 415 2760 ὅ)
439 2718 584 2761 Sophia.
637 2717 693 2758 Cf.
720 2717 814 2751 Arm.
840 2715 964 2750 Altah.
1001 2726 1032 2749 a,
1054 2717 1157 2758 1061,
1188 2725 1227 2757 p.
1246 2714 1303 2749 58.
1426 2713 1461 2756 6)
1496 2711 1574 2745 Ηοο
1599 2711 1679 2753 loco,
1705 2713 1746 2743 ut
1769 2710 1875 2743 etiam

380 2766 433 2798 bis
448 2765 555 2806 infra
580 2775 615 2800 a.
635 2765 737 2799 1074.
757 2763 860 2804 1075,
888 2762 1015 2804 Lamp.
1033 2762 1157 2796 Geisae
1173 2771 1296 2795 nomen
1321 2761 1360 2793 in
1377 2760 1529 2793 alteram
1545 2758 1703 2800 formam
1720 2755 1876 2790 Hebrai-

378 2823 454 2845 cam
480 2813 592 2854 ‘rev-tit,
619 2822 704 2844 nam
729 2814 759 2844 et
776 2811 859 2844 Ioas
882 2813 912 2843 et
937 2809 1063 2842 [odada
1089 2813 1171 2842 sunt
1195 2809 1340 2842 nomina
1365 2806 1543 2840 Hebraica
1569 2806 1609 2838 in
1629 2805 1783 2846 Vulqata
1799 2812 1875 2836 aa&

373 2860 522 2902 pissime
555 2859 775 2892 occurrentia
785 2869 798 2898 ,·
831 2858 877 2899 cf.
912 2867 1025 2899 supra
1055 2867 1093 2899 p.
1117 2858 1151 2898 5,
1190 2856 1211 2890 l.
1241 2856 1296 2890 19.
1361 2855 1441 2887 Non
1473 2862 1597 2886 nomen
1631 2851 1728 2894 filiae.
1761 2850 1924 2892 fuissem

379 2906 524 2939 Ioiadae.
544 2907 689 2948 primus
712 2904 913 2947 Wedelcind,
942 2903 1078 2936 ‘Noten'
1104 2903 1134 2945 I,
1157 2913 1195 2944 p.
1218 2903 1285 2937 188
1302 2911 1374 2944 sqq.
1400 2901 1526 2935 docuit.
1803 2906 1810 2911 ·
