1968 3164
194 371 295 406 1074.

177 418 244 445 Ian.
254 419 297 446 27.

171 1104 188 1128 I
189 1112 234 1131 (m.
247 1105 288 1132 26,

120 1317 201 1346 (Ian.
212 1318 244 1343 27
253 1332 286 1335 —

139 1353 222 1377 Febr.
236 1354 274 1386 l).

314 259 381 294 176
676 261 946 298 LAMPERTI
970 264 1223 302 ANNALES.
1274 267 1320 302 A.
1349 270 1452 305 1074.

312 380 492 434 sig-num
542 383 763 425 mirabile.
838 384 1026 428 Oriente
1074 388 1168 430 sole
1217 390 1334 431 duae
1382 391 1518 432 simul
1566 392 1808 437 columnae

311 440 438 482 aurei
483 441 664 493 coloris,
709 443 1066 497 splendidissimi
1113 448 1326 502 fulgoris,
1371 450 1566 492 dextraa
1615 452 1807 508 levaque

310 499 588 551 oriebantur,
624 516 752 556 quae,
787 517 1022 558 usquequo
1055 506 1122 547 sol
1146 507 1394 562 aliquantis
1421 509 1554 552 lineis
1586 511 1635 552 in
1659 512 1806 554 altum

310 563 602 610 excresceret,
638 562 797 603 eodem
830 563 988 606 iubare
1021 565 1267 608 rutilantes
1300 570 1644 622 permanebant.
1703 571 1805 614 Pre-

309 618 492 659 cedenti
533 633 711 674 quoque
753 624 888 664 nocte
931 624 1174 666 caelestem
1216 641 1371 668 arcum
1414 628 1532 670 circa
1577 630 1836 683 gallorum5

308 679 494 718 cantum
528 680 814 722 serenissimo
842 682 968 723 caelo
1001 683 1206 738 plerique
1234 686 1461 727 viderunt.
1516 688 1679 744 Frigus
1705 692 1804 732 erat

306 736 651 789 validissimum,
687 742 733 780 et
766 740 960 782 hiberna
992 742 1200 786 siccitate
1224 745 1415 786 arebant
1438 748 1603 798 omnia,
1637 748 1686 789 in
1706 751 1804 791 tan-

306 797 406 836 tum
448 799 500 837 ut
542 798 732 839 flumina
779 814 871 840 non
919 802 1295 855 superficietenus
1343 805 1491 859 glacie
1539 808 1800 860 constricta,

306 855 384 895 sed
417 858 518 896 tota
550 859 704 910 preter
736 858 923 899 solitum
956 860 1003 900 in
1036 861 1231 914 glaciem
1255 876 1472 905 conversa
1493 865 1761 908 viderentur
1773 867 1802 909 ¹.

305 913 438 955 Unde
481 916 611 968 panis
653 916 808 971 inopia
846 919 1142 962 vehementer
1182 921 1424 964 laborabat
1466 925 1704 977 exercitus,
1749 940 1802 969 eo
1819 941 1852 967 ιο

304 974 426 1026 quod
468 977 656 1028 propter
696 976 894 1030 rigorem
935 978 1177 1020 fluminum
1218 981 1388 1036 ubique
1427 986 1634 1027 cessante
1665 985 1802 1028 mola-

303 1046 403 1072 rum
426 1047 510 1073 usu
545 1034 708 1088 ipsum,
743 1036 864 1089 quod
891 1037 1012 1079 forte
1044 1039 1339 1091 invenissent,
1373 1042 1659 1085 frumentum
1686 1058 1801 1087 com-

303 1091 508 1134 minuere
551 1108 643 1134 non
685 1097 913 1148 poterant.
982 1097 1091 1148 Rex,
1136 1099 1283 1152 pridie
1325 1114 1461 1154 quam
1502 1102 1801 1146 Herveldiam

301 1147 524 1201 veniretb,
569 1153 694 1194 misit
727 1154 941 1196 abbatem
975 1155 1334 1200 Herveldensem
1374 1161 1433 1202 ad
1466 1161 1678 1214 Saxones,
1721 1164 1801 1218 qui

301 1210 349 1249 in
381 1210 600 1253 ulteriore
632 1212 733 1266 ripa
765 1213 946 1256 Wirrae
978 1216 1211 1258 fluminis2
1251 1219 1309 1260 ad
1340 1219 1424 1260 XL
1457 1220 1586 1262 milia
1617 1235 1799 1277 congre-
1815 1236 1847 1262 15

301 1269 398 1321 gati
431 1270 629 1312 residere
661 1272 932 1314 ferebantur
946 1274 972 1324 3,
1015 1275 1292 1331 investigare
1334 1279 1391 1320 ab
1430 1279 1506 1330 eis,
1550 1294 1608 1321 an
1641 1282 1799 1323 nuncii

301 1328 370 1368 sui
404 1330 507 1369 tuto
540 1330 598 1370 ad
622 1344 697 1371 eos
730 1331 795 1373 ire
828 1346 879 1373 ac
911 1333 1061 1375 redire
1095 1338 1293 1388 possent.
1348 1337 1454 1391 Ipse
1486 1340 1797 1394 transgressus

300 1387 626 1428 Herveldiam⁴
658 1389 706 1429 in
732 1391 949 1444 proximis
975 1393 1148 1435 villulis
1181 1395 1381 1436 reditum
1414 1397 1594 1439 abbatis
1627 1401 1796 1453 presto-

298 1445 483 1486 labatur
524 1447 702 1489 duobus
742 1449 887 1491 ferme
920 1451 1132 1493 milibus⁰
1172 1468 1199 1494 a
1236 1455 1444 1508 predicto
1476 1454 1668 1511 fluviod3
1709 1473 1794 1501 nec

297 1505 491 1546 ulterius
534 1509 683 1548 castra
725 1523 904 1550 movere
946 1510 1106 1561 voluit,
1151 1513 1294 1555 donec
1337 1515 1468 1556 miles
1507 1516 1843 1571 frequentior20

297 1565 573 1615 conveniret,
609 1568 655 1607 et
687 1567 784 1620 ipse
808 1568 1077 1623 diligentius
1100 1572 1395 1626 perquireret,
1431 1588 1490 1615 an
1516 1575 1670 1630 aliqua
1691 1590 1792 1632 spes

295 1625 634 1677 recuperandae
688 1627 813 1679 pacis
859 1628 1037 1682 reliqua
1090 1633 1221 1672 esset.
1301 1632 1535 1687 Siquidem
1583 1636 1793 1678 audierat

296 1681 551 1724 Saxonibus
599 1684 843 1738 placuisse,
893 1690 946 1728 ut
994 1689 1036 1730 ei
1083 1689 1338 1744 ingressum
1380 1692 1652 1748 Turingiaee
1699 1709 1793 1737 non

294 1743 610 1793 concederent,
655 1745 734 1786 sed
777 1746 934 1787 statim
975 1747 1024 1787 in
1064 1749 1164 1802 ipsa
1204 1750 1304 1804 ripa
1347 1752 1548 1794 fluminis
1580 1754 1789 1807 predicti,

293 1802 414 1853 quod
453 1801 667 1843 Hassiam
700 1804 1083 1860 Turingiamquess
1124 1809 1381 1861 dirimebat,
1425 1811 1653 1854 instructa
1693 1813 1790 1856 acie
1803 1827 1838 1853 25

293 1860 556 1914 exciperent
587 1863 862 1905 venientem.
927 1865 1141 1907 Fluvium
1183 1868 1353 1922 glacies
1390 1871 1592 1924 pedestri
1624 1872 1789 1915 itinere

292 1920 638 1962 commeabilem
670 1922 858 1964 fecerat.
923 1924 990 1965 Ea
1031 1940 1102 1967 res
1135 1927 1352 1970 maiorem
1385 1930 1426 1970 ei
1459 1931 1634 1971 metum
1665 1932 1788 1973 incu-

290 1977 449 2028 tiebat,
485 1993 541 2020 ne
574 1980 707 2031 forte,
743 1982 852 2022 dum
885 1984 1036 2026 adhuc
1074 1985 1327 2040 imparatus
1359 1988 1596 2043 imparque
1628 1991 1788 2033 tantae

290 2037 582 2078 multitudini
615 2042 746 2090 esset,
781 2041 936 2083 hostes
970 2057 1107 2097 super
1139 2042 1271 2086 eumf
1297 2047 1428 2088 nulla
1458 2047 1637 2090 itineris
1670 2049 1788 2091 diffi-

290 2095 464 2137 cultate
496 2098 726 2150 prepediti
757 2103 947 2153 repente
979 2102 1221 2145 irruerent.
1278 2105 1481 2160 Ideoque
1514 2108 1786 2150 consiliariis
1800 2123 1869 2150 30⁷⁴

289 2154 382 2194 suis
414 2155 616 2208 graviter
648 2170 914 2201 succensere
948 2161 1200 2213 dicebatur,
1235 2165 1358 2217 quod
1390 2179 1494 2206 eum
1522 2166 1791 2210 Wormacia·

288 2214 444 2266 egredi
486 2215 531 2255 et
572 2214 622 2254 in
652 2217 836 2257 tantum
869 2218 1114 2261 discrimen
1146 2221 1269 2263 ultro
1303 2237 1349 2264 se
1382 2225 1656 2279 precipitare
1688 2240 1784 2281 per-

286 2272 530 2314 misissent.
595 2273 794 2316 Saxones
840 2276 960 2317 enim
1002 2278 1050 2318 in
1090 2281 1274 2320 tantum
1322 2282 1587 2325 abundareg
1631 2285 1783 2326 multi-

285 2331 448 2373 tudine
470 2332 741 2374 ferebantur
754 2334 780 2384 5,
815 2337 868 2375 ut
890 2331 990 2376 ΧΙ11
1016 2337 1145 2378 milia
1166 2338 1325 2392 plebis,
1361 2337 1599 2394 quoniami
1627 2343 1780 2385 subito

286 2387 518 2432 clamorek
572 2392 622 2432 in
674 2393 1012 2447 expeditionem
1064 2399 1253 2438 evocata
1305 2398 1430 2440 cibos
1482 2414 1636 2442 secum
1686 2415 1780 2444 non
1794 2416 1828 2442 35

284 2506 312 2535 a)
332 2503 457 2530 dextera
475 2504 554 2533 Blb.
626 2507 657 2538 b)
676 2508 794 2534 venir—et
811 2509 838 2533 B
850 2507 898 2542 11³5
919 2510 1002 2534 venit
1022 2510 1082 2538 ΒΞ,
1150 2512 1176 2542 c)
1196 2512 1358 2538 miliaribus
1378 2514 1459 2541 Ain.
1476 2515 1552 2542 1310.
1609 2514 1639 2547 d)
1658 2516 1779 2542 flumine

283 2540 309 2564 B
323 2541 347 2566 2.
439 2543 466 2572 e)
492 2542 582 2568 Thur.
602 2542 628 2566 B
640 2544 662 2570 1.
674 2543 700 2570 2.
789 2544 813 2574 f)
837 2552 892 2569 om.
916 2545 1012 2573 B1.2.
1103 2548 1134 2578 g)
1160 2546 1291 2575 habund.
1313 2549 1339 2572 B
1351 2549 1374 2576 1.
1386 2548 1410 2576 2.
1502 2550 1532 2581 h)
1558 2550 1698 2577 undecim
1717 2553 1743 2578 A
1755 2554 1778 2580 1.

284 2576 304 2606 i)
323 2577 468 2606 quomodo
489 2577 603 2604 Al.1³².
677 2579 707 2609 k)
727 2579 855 2605 clamore
874 2581 950 2607 ΒΝ.

283 2669 316 2712 1)
344 2670 569 2704 Consentiunt
596 2673 746 2707 Carmen
777 2674 828 2716 II,
850 2676 1060 2715 146—162‚·
1093 2676 1219 2710 Bruno
1252 2689 1279 2712 c,
1306 2679 1351 2713 32
1361 2691 1374 2718 ‚·
1408 2679 1503 2714 Arm.
1529 2680 1565 2713 Y
1564 2681 1664 2724 bury.
1701 2682 1723 2717 l.
1751 2682 1774 2716 l.

281 2718 316 2759 2)
343 2718 451 2761 Apud
475 2720 641 2762 oppidum
668 2721 810 2759 Vacha‚·
843 2722 971 2756 Bruno
1004 2733 1030 2757 c.
1058 2725 1115 2758 31.
1204 2724 1240 2767 3)
1263 2724 1438 2759 Exercitu
1463 2729 1559 2770 reglis
1588 2730 1609 2763 6
1634 2729 1824 2763 miliumszo

281 2764 440 2798 Saoeones
464 2767 573 2799 decies
602 2768 728 2810 plures
761 2770 879 2811 copias
903 2769 1068 2803 habuisse
1092 2771 1178 2803 dicit
1204 2771 1355 2806 Carmen
1380 2774 1431 2817 II,
1455 2776 1534 2811 190.
1630 2776 1667 2818 4)
1690 2776 1775 2820 Ipso

279 2811 346 2853 die,
383 2822 451 2854 quo
475 2823 512 2846 eo
536 2814 736 2858 advenerat,
772 2826 850 2848 cum
875 2817 1066 2851 habeamus
1099 2817 1298 2861 diplomata
1330 2821 1417 2854 data
1448 2822 1528 2857 Ian.
1556 2824 1612 2858 27.
1641 2825 1698 2859 28.
1733 2825 1774 2857 in

278 2858 366 2890 villa
391 2859 623 2894 Breitenbach
652 2863 701 2894 ad
725 2862 884 2896 Fuldam
917 2865 1064 2906 fluvium
1098 2866 1179 2908 sita,
1216 2866 1267 2901 St.
1291 2868 1396 2903 2771.
1419 2870 1525 2905 2772.
1622 2869 1658 2914 5)
1683 2870 1773 2904 Con-

277 2906 381 2938 sent'z't
406 2906 533 2940 Bruno
557 2919 582 2942 c.
602 2910 658 2943 31.
