1968 3164
180 378 282 412 1073.

155 764 230 793 Aua.
242 762 285 790 24.

297 270 365 305 162
663 267 932 304 LAMPERTI
956 268 1208 306 ANNALES.
1258 268 1306 305 A.
1334 272 1437 307 1073.

298 393 374 431 tus
407 390 547 432 etiam
581 391 748 432 damno
781 390 1075 432 castellorum
1109 405 1307 441 suorum,
1350 407 1543 447 quorum
1581 393 1674 435 alia
1701 393 1798 437 iam

256 432 447 504 'l'capta,
491 450 582 490 alia
623 463 800 491 summo
832 450 1067 492 molimine
1101 452 1359 505 oppugnari
1396 452 1626 503 audiebat,
1668 466 1797 508 roga.-

298 509 365 550 vit
387 509 738 563 Mogontinuma
767 510 814 550 et
836 508 1156 551 Coloniensem
1183 511 1562 566 archiepiscopos,
1586 514 1640 553 ut
1662 511 1796 555 Saxo

298 582 378 610 nes
412 568 709 610 convenirent
750 570 797 610 et
829 569 1028 609 turbatis
1059 569 1196 610 rebus
1228 570 1414 624 aliquod
1446 571 1700 613 remedium
1730 571 1797 613 in-

297 627 452 669 venire
495 629 783 669 conarentur.
848 626 938 678 Qui
979 627 1103 669 dicto
1145 628 1516 684 obtemperantes
1557 631 1827 673 mandavew

298 689 407 727 runt
449 686 733 740 principibus
775 686 1018 737 Saxoniae,
1066 689 1119 728 ut
1160 688 1248 729 sibi
1287 688 1337 729 in
1377 690 1655 732 monasterio
1692 689 1796 733 Cor*

299 741 505 787 beiensib
556 745 720 786 VIIII.
769 745 1004 787 Kalendas
1058 746 1340 801 Septembris
1396 750 1688 791 occurrerent
1738 749 1796 791 de

300 804 531 846 communi
576 805 814 846 commodo
854 805 1136 846 tractaturis.
1200 806 1453 861 Episcopus
1495 806 1794 860 Coloniensi&

300 878 408 905 casu
449 863 602 905 nescio
644 878 703 904 an
748 877 829 918 per
869 864 1145 905 industriam
1186 868 1459 916 remoratus,
1503 867 1577 909 die
1618 868 1797 911 statuto
1919 910 1922 911 γ

300 937 392 964 11011
414 923 563 973 venit;
597 923 790 964 nuncios
822 925 979 964 tamen
1001 923 1139 973 misit,
1173 924 1251 978 qui
1283 938 1365 979 pro
1397 939 1445 967 se
1468 939 1652 967 causam
1681 925 1846 969 dicam

299 984 415 1031 rent,
450 981 724 1036 promittens
747 982 972 1033 omnibus,
1007 996 1122 1036 quae
1154 983 1243 1037 ipsi
1266 984 1322 1025 de
1345 984 1438 1025 suis
1463 984 1619 1039 reique
1651 985 1797 1040 publi*
1925 984 1930 992 ’

301 1055 379 1082 cae
424 1041 709 1082 utilitatibus
750 1041 1095 1083 racionabiliter
1135 1043 1424 1094 statuissent,
1467 1057 1515 1086 se
1555 1044 1796 1099 promptis-

301 1100 438 1141 simee
464 1113 755 1141 assensurum
788 1101 835 1142 et
857 1114 939 1154 pro
962 1101 1194 1142 communi
1216 1101 1365 1144 salute
1386 1105 1612 1156 quantum
1642 1105 1798 1158 posset

300 1173 485 1213 operam
533 1159 763 1200 daturum.
835 1159 1135 1213 Mogontinus
1183 1161 1553 1216 archiepiscopus
1593 1162 1798 1205 residens

301 1232 405 1260 cum
429 1218 697 1268 Saxonibus
731 1218 810 1272 qui
831 1221 1138 1270 occurrerant,
1173 1220 1333 1261 sedulo
1365 1221 1603 1262 nitebatur
1633 1235 1845 1276 pacarem

301 1274 405 1319 eos‘1
442 1277 629 1331 regique
669 1277 979 1319 reconciliare.
1043 1277 1132 1319 Sed
1173 1278 1245 1319 illi
1285 1281 1473 1321 econtra
1509 1282 1664 1334 preter
1702 1279 1798 1323 vul·

301 1339 432 1390 gatas
478 1336 649 1390 ubique
695 1336 886 1377 iniurias
935 1350 1057 1386 suas,
1101 1337 1266 1390 quibus
1308 1338 1365 1379 ab
1407 1352 1460 1380 eo
1500 1339 1798 1382 vehementer

302 1395 453 1436 attriti
493 1396 692 1445 fuerant,
736 1409 896 1449 graves
938 1409 1097 1436 causas
1129 1397 1398 1447 afferebant,
1441 1397 1607 1451 quibus
1638 1398 1797 1453 proba-

301 1456 405 1496 rent
446 1468 550 1495 eum
583 1453 680 1495 sine
712 1468 880 1508 magna
912 1454 1189 1496 christianae
1226 1455 1462 1510 religionis
1493 1457 1673 1498 iactura
1703 1471 1798 1499 non

302 1527 432 1567 posse
455 1513 650 1554 ulterius
681 1526 886 1567 regnare,
921 1527 974 1555 ea
1006 1513 1183 1555 scilicet
1212 1514 1262 1554 in
1286 1515 1668 1558 familiarissimos
1688 1516 1796 1558 ami-
1810 1528 1845 1555 so

302 1586 390 1622 cos,
426 1586 479 1614 ea
509 1572 558 1612 in
589 1585 789 1621 uxorem,
833 1586 887 1614 ea
917 1572 967 1612 in
999 1586 1198 1615 sororem
1230 1574 1473 1628 propriam,
1516 1575 1797 1617 abbatissam

303 1632 385 1673 dee
415 1626 803 1682 Quidelenburcf·
822 1631 847 1681 ¹,
883 1645 937 1672 ea
967 1631 1016 1671 in
1038 1631 1151 1673 alias
1174 1646 1390 1686 personas
1421 1635 1616 1676 naturae
1646 1647 1796 1677 neces

303 1691 440 1732 sitate
482 1690 569 1731 sibi
617 1690 1014 1731 coniunctissimas
1061 1691 1268 1732 facinora
1307 1693 1552 1746 patrasse2,
1593 1707 1711 1748 quae
1756 1693 1798 1735 si

303 1750 554 1791 secundum
576 1749 909 1790 ecclesiasticas
940 1749 1065 1804 leges
1096 1750 1424 1802 iudicarentur,
1458 1754 1505 1794 et
1531 1752 1796 1808 coniugium
1908 1781 1931 1807 4

303 1811 349 1850 et
389 1808 587 1850 miliciae
628 1808 866 1862 cingulum
916 1811 962 1850 et
1004 1823 1185 1851 omnem
1226 1824 1410 1864 prorsus
1457 1811 1601 1855 seculi
1646 1825 1793 1863 usum,
1809 1826 1843 1853 25
1907 1819 1914 1856 ⁴:

302 1870 475 1921 quanto
508 1864 670 1921 *magis
702 1881 908 1921 regnum,
942 1868 1156 1910 abdicare
1189 1872 1463 1911 censeretur.
1511 1870 1683 1925 Longis
1712 1870 1796 1913 ita-
1808 1884 1855 1918 m.

302 1941 389 1980 que
423 1927 796 1968 contentionibus
828 1927 886 1967 ad
909 1927 1032 1968 hunc
1055 1928 1193 1969 finem
1217 1930 1478 1982 postremog
1501 1942 1573 1971 res
1595 1929 1796 1973 deducta

303 1987 389 2030 est
432 1988 485 2025 ut
518 1986 817 2026 decernerent
848 1986 947 2026 XII
960 1981 980 2008 ¹¹
1018 2000 1072 2028 ex
1104 2000 1186 2027 sua
1217 1989 1367 2041 gente,
1409 1987 1508 2029 XII
1521 1983 1542 2010 ¹¹
1579 2001 1634 2030 ex
1663 1989 1796 2043 parte

301 2045 422 2098 regis
454 2044 635 2085 obsides
668 2044 779 2094 dari,
823 2058 1015 2097 quorum
1049 2046 1138 2086 fide
1169 2046 1443 2100 interposita
1481 2047 1570 2101 ipsi
1599 2048 1704 2089 tuto
1735 2046 1797 2089 ad

303 2103 582 2156 colloquium
604 2103 759 2143 venire
781 2105 968 2156 possent
1001 2117 1104 2144 cum
1131 2105 1323 2146 caeteris
1345 2106 1630 2160 principibus
1649 2106 1845 2160 regni&

303 2163 355 2202 ut
388 2175 562 2210 causae,
598 2175 709 2214 quas
741 2162 958 2202 adversus
989 2176 1143 2216 regem
1171 2163 1401 2214 afferrent,
1436 2178 1593 2206 eorum
1622 2164 1796 2207 iudicio
1847 2216 1854 2219 s
1896 2167 1903 2206 ·?

303 2221 644 2262 discuterentur
685 2221 731 2261 et
770 2220 1142 2271 terminarentur,
1184 2222 1284 2275 ipso
1324 2235 1443 2276 rege,
1486 2223 1524 2264 si
1563 2223 1630 2264 ita
1667 2237 1796 2278 expe-

303 2280 400 2321 dire
421 2279 668 2329 videretur,
702 2280 914 2332 presente
937 2280 983 2320 et
1006 2279 1208 2329 crimina,
1243 2294 1358 2333 quae
1387 2278 1724 2332 obicerenturi,
1757 2281 1797 2323 s'i

302 2340 468 2392 posset,
502 2337 758 2379 refellente.
822 2337 999 2378 Dandis
1031 2338 1399 2392 accipiendisque
1431 2340 1666 2381 obsidibus
1699 2340 1796 2382 dies
1903 2371 1910 2375 --

303 2399 506 2438 statutus
548 2398 617 2438 est
658 2396 770 2436 Idus
804 2396 1085 2450 Septembris
1125 2397 1248 2438 infra
1279 2394 1575 2452 Turingiamk
1613 2399 1663 2439 in
1694 2398 1845 2441 1000ae

1879 442 1918 459 γη.

302 2511 331 2544 a)
350 2512 558 2544 Moguntinum
576 2511 655 2535 Bia.
712 2510 742 2540 b)
763 2510 915 2535 Corbiensi
929 2510 1010 2536 Blb.
1067 2509 1094 2543 c)
1113 2511 1303 2542 proptissime
1321 2511 1402 2537 Blb.
1462 2510 1493 2543 d)
1513 2519 1622 2544 eosque
1641 2513 1708 2546 regi
1726 2519 1796 2539 con-

303 2548 403 2572 ciliare
423 2546 504 2572 Bib.
579 2546 607 2579 e)
626 2547 701 2571 deest
718 2547 798 2578 1312,
818 2547 925 2570 sillaba
944 2546 1020 2579 (inP)
1039 2553 1135 2573 erasa.
1195 2546 1218 2579 f)
1237 2547 1453 2578 Quidelinburg
1471 2548 1533 2576 132.
1588 2550 1618 2580 g)
1637 2555 1684 2574 res
1702 2553 1796 2581 postr.

303 2582 381 2610 Blb.
395 2583 419 2609 2.
493 2583 523 2614 h)
544 2581 699 2607 duodecim
718 2582 780 2610 Β2,
853 2582 874 2614 i)
897 2582 1097 2613 obcereijntur
1116 2581 1177 2608 Al.
1250 2582 1282 2614 k)
1301 2583 1391 2610 Thur.
1411 2583 1472 2611 Bl.
1486 2584 1511 2612 2.

304 2678 338 2721 1)
364 2677 618 2712 Adalheidam.
692 2676 727 2719 2)
750 2677 966 2719 Lampertus
990 2677 1030 2709 in
1054 2680 1162 2709 mente
1187 2676 1311 2709 habuit
1336 2680 1458 2721 turpes
1473 2689 1634 2712 rumores
1658 2689 1682 2711 a
1698 2679 1796 2712 Bru-
1869 2672 1891 2691 ‘³³

301 2735 389 2757 none
410 2735 435 2759 c.
456 2725 583 2759 6—14.
607 2728 637 2757 et
654 2724 875 2766 Maneyoldo,
899 2724 1032 2757 Libelli
1047 2723 1077 2766 I,
1096 2734 1140 2765 μ·
1155 2725 1236 2758 363.
1253 2728 1424 2758 narr-atos
1440 2726 1503 2767 (cf.
1523 2736 1637 2768 supra
1653 2736 1694 2768 p,
1713 2726 1793 2768 140,
1806 2730 1847 2757 40
1876 2725 1891 2730 ’
1920 2739 1922 2742 >

304 2772 327 2806 l.
352 2773 397 2806 22
415 2782 464 2814 sq.
494 2783 531 2815 p.
558 2773 643 2814 154,
674 2772 695 2806 l.
715 2773 758 2806 31
774 2772 877 2814 sqq).
935 2771 1009 2813 (Cf.
1037 2770 1150 2803 Casus
1174 2771 1370 2806 Petrishus.
1395 2783 1424 2807 c.
1449 2774 1506 2808 26.
1533 2774 1590 2814 31,
1617 2773 1681 2807 SS.
1707 2773 1794 2816 XX,

298 2830 337 2862 p.
355 2820 425 2853 645
442 2821 510 2861 sq.)
560 2819 628 2851 Sed
656 2819 698 2851 hi
721 2822 844 2861 postea
868 2819 1006 2851 demum
1030 2818 1169 2860 vulyati
1191 2828 1261 2851 esse
1285 2819 1469 2860 videntum·
1503 2820 1550 2861 cf.
1578 2819 1660 2852 Vita
1684 2819 1796 2853 Hein-

302 2866 372 2898 rici
392 2866 457 2899 IV.
483 2876 509 2899 ε.
537 2867 579 2906 3,·
605 2866 785 2900 Berthold.
809 2866 922 2906 (Arm.
949 2865 984 2899 S.
1011 2865 1148 2907 Blasio
1174 2875 1207 2899 a.
1229 2867 1331 2909 1075,
1354 2878 1392 2909 p.
1410 2867 1500 2907 280,·
1527 2867 1696 2909 Greqorii
1714 2866 1795 2902 VII.

301 2913 413 2955 epist„
445 2912 556 2955 Jaffe',
585 2912 679 2947 Bibl.
704 2913 758 2956 H,
782 2924 821 2954 p.
845 2913 926 2948 538.
