2014 3184
357 216 428 250 470

356 333 436 377 189,
450 343 495 368 20.
533 353 574 358 —
611 333 689 368 Deo
715 334 1000 371 misericorditer
1025 348 1078 372 sa-

353 379 422 413 luti
446 379 542 425 regis
565 381 812 426 prospiciente
837 385 919 428 273,
933 395 960 420 ὁ.

399 426 552 471 pedibus
611 439 737 463 eorum
787 431 1078 474 provolutus

353 475 480 509 orabat
513 486 579 520 per
611 479 817 521 respectum
842 477 911 513 Dei
937 481 1017 523 157,
1033 490 1076 515 15.

354 541 396 546 ——
422 521 629 567 principum
656 551 664 559 .
690 551 698 560 .
728 553 734 560 .
761 524 915 568 pedibus
946 537 1077 570 provo-

351 568 420 602 luti
443 570 623 614 rogabant
646 582 715 615 per
738 571 858 606 Deum
885 574 965 617 165,
979 584 1007 610 5.
1032 594 1074 599 —

349 615 503 660 pedibus
537 628 664 652 eorum
699 619 913 663 provolutus
939 621 1076 665 suppli-

351 663 442 698 citer
478 664 606 699 orabat
644 668 769 710 170,1.
810 686 851 692 —-
890 668 1076 712 provoluti

349 710 503 754 pedibus
537 723 664 747 eorum
693 741 701 749 .
728 741 736 749 .
765 741 773 749 .
799 714 1077 750 obtestabantur

350 760 431 802 235,
445 769 490 794 25.

397 805 496 849 quod
522 834 528 841 .
557 834 564 842 .
593 835 600 842 .
627 808 865 842 contumelias
897 809 1012 844 sciens
1038 812 1076 844 et

348 852 563 896 prudens
627 854 814 890 innocenti
879 855 1075 902 irrogasset

348 901 430 944 258,
445 911 489 937 35.

396 996 437 1028 ut
460 994 617 1039 privatas
643 996 792 1031 iniurias
816 1000 892 1032 tam
915 998 1072 1043 pessimo

341 1041 492 1134 Ppug5181)
496 1053 548 1077 co
585 1043 846 1079 ulciscerentur
882 1047 939 1090 87,
954 1057 971 1082 5
1009 1046 1072 1091 (cf.

392 1326 452 1361 vel
487 1327 673 1362 modicum
710 1329 885 1373 temporis
921 1341 1070 1374 punc·

343 1375 440 1407 tum
467 1376 575 1418 95,20.
605 1395 646 1400 —
674 1376 776 1419 quasi
801 1377 860 1410 vel
885 1376 932 1410 ad
955 1389 1070 1421 pum-f

343 1422 423 1454 tum
471 1421 645 1466 temporis
703 1422 860 1457 inultum
909 1423 1069 1459 habeant

343 1469 425 1511 217,
441 1478 484 1503 15.

843 217 1006 253 INDEX
1029 218 1381 258 LOOUTIONUM.

1176 434 1290 470 Math.
1307 437 1431 479 17,14.
1449 435 1560 472 homo
1576 438 1730 484 genibus
1750 451 1855 485 pro-

1126 481 1320 519 volutus.
1339 502 1384 508 —
1402 484 1532 519 lustin.
1548 485 1620 528 XI,
1634 488 1669 529 9,
1682 488 1738 523 14.
1761 486 1855 523 Pro·

1125 528 1273 564 volutae
1299 557 1307 565 .
1334 555 1344 565 .
1370 558 1378 566 .
1404 531 1560 576 genibus
1586 531 1803 572 Alexandri.

1178 811 1316 847 Terent.
1343 812 1440 848 Eun.
1465 815 1497 858 I,
1527 816 1561 859 1,
1586 817 1647 852 23.
1675 818 1714 852 et
1736 828 1854 862 pru·

1125 856 1259 903 dens,
1294 859 1410 894 sciens
1436 889 1444 897 .
1474 889 1481 897 .
1509 890 1517 898 .
1542 873 1667 907 peren.
1694 884 1738 890 —
1762 865 1851 901 Hie·-

1123 916 1200 941 ron.
1233 909 1353 950 praef.
1388 909 1429 942 in
1462 909 1511 945 1⁸.
1549 908 1677 946 Sciens
1705 939 1718 948 .
1740 939 1750 948 .
1776 939 1785 949 .
1811 915 1850 948 et

1122 952 1282 997 prudens
1306 954 1346 988 in
1361 954 1547 991 flammam
1563 957 1670 994 mitto
1685 969 1851 999 manum.

1171 1001 1248 1054 lxiv.
1274 1001 1332 1045 II,
1362 1004 1400 1045 1,
1426 1005 1472 1058 3..
1495 1015 1615 1050 neque
1639 1006 1852 1091 ambigitur5

1122 1059 1424 1131 ssffurusiuerlite
1423 1061 1535 1143 ,8811111Ῐῖ>
1541 1063 1631 1142 4,Ρὸ1.1
1639 1053 1847 1147 111110ξὲ8αέ

1123 1170 1131 1177 .
1151 1169 1159 1178 .
1177 1170 1185 1178 .
1212 1143 1375 1178 tulerunt
1401 1173 1408 1181 .
1433 1173 1441 1181 .
1466 1173 1474 1182 .
1498 1146 1657 1191 pessimo
1684 1148 1850 1194 publico.

1124 1209 1166 1214 —-—
1194 1191 1291 1226 Caes.
1310 1192 1353 1227 Β,
1375 1192 1467 1228 Gall.
1493 1194 1525 1236 I,
1546 1196 1600 1231 12.
1625 1206 1700 1230 11011
1725 1196 1846 1232 solum

1120 1237 1295 1282 publicas,
1313 1238 1376 1273 sed
1394 1239 1502 1274 etiam
1520 1241 1680 1286 privatas
1694 1242 1850 1280 iniun’as

1121 1284 1218 1318 ultus
1244 1288 1309 1320 est.

1167 1332 1269 1376 Sulp.
1295 1334 1368 1368 Sev.
1394 1334 1495 1371 Dial.
1520 1336 1552 1378 I,
1578 1338 1612 1372 9.
1636 1337 1696 1372 vel
1719 1337 1844 1384 exigui

1119 1379 1294 1423 temporis
1318 1384 1569 1427 punctum;
1599 1383 1674 1428 III,
1703 1386 1759 1421 13.
1785 1385 1846 1420 vet

1117 1428 1254 1469 puncto
1271 1428 1457 1471 temporis.
1477 1449 1518 1453 —
1543 1430 1683 1467 Terent.
1695 1431 1845 1470 Phor-m.

1117 1473 1170 1515 II,
1197 1475 1231 1517 2,
1260 1475 1293 1510 7.
1335 1476 1510 1520 temporis
1539 1480 1719 1522 punctum
1751 1479 1844 1515 mihi

1117 1519 1164 1554 ad
1185 1520 1280 1555 hanc
1304 1533 1382 1556 rem
1408 1525 1472 1559 est.
1500 1543 1542 1548 —
1573 1525 1645 1561 Cic.
1670 1526 1746 1563 Cat.
1769 1527 1844 1572 JV,

1116 1569 1150 1612 4,
1169 1569 1201 1604 7.
1226 1571 1405 1612 punctum
1429 1571 1615 1615 temporis.

389 1750 544 1783 quorum
565 1741 758 1785 plerosque
784 1742 831 1776 ad
855 1742 1066 1778 societatem

339 1786 427 1820 belli
461 1788 537 1821 sola
566 1799 646 1832 spes
671 1789 953 1834 rapinarum
979 1791 1064 1826 alle-

339 1836 445 1868 xerat
480 1836 558 1879 116,
573 1846 599 1871 5.
629 1855 671 1860 —
703 1837 802 1880 plebi
835 1863 843 1871 .
870 1865 878 1873 .
905 1864 938 1882 .,
971 1849 1064 1882 quae

339 1881 416 1915 sola
450 1893 514 1926 spe
545 1882 756 1927 rapinarum
782 1884 984 1919 exercitum
1010 1897 1063 1920 se-

339 1929 519 1972 quebatur
551 1932 634 1974 223,
649 1942 692 1966 10.
731 1951 772 1956 —
809 1931 886 1966 sola
918 1932 1063 1977 rapina-

337 1987 420 2009 rum
455 1976 655 2020 cupiditate
687 1989 788 2012 arma
821 1981 947 2014 contra
978 1992 1062 2014 eum

338 2023 488 2066 capiunt
514 2026 593 2068 115,
604 2035 632 2060 5.

386 2080 468 2104 cum
485 2073 634 2114 urgeret
648 2072 813 2116 penuria,
838 2100 846 2109 .
866 2101 873 2109 .
893 2099 902 2108 .
920 2076 1060 2118 rapto

335 2116 405 2151 sibi
416 2117 554 2152 vietum
567 2129 720 2161 querere
734 2122 910 2163 ceperunt
923 2123 1005 2165 260,
1015 2132 1059 2157 15.

382 2269 450 2292 nec
482 2261 603 2293 tutum
637 2271 704 2294 nec
741 2261 828 2295 satis
864 2261 1059 2296 honestum

335 2305 412 2339 eius
428 2306 707 2341 rationibus
723 2307 841 2342 visum
855 2310 909 2343 est
923 2311 1056 2353 114,20.

337 2373 378 2377 —
413 2353 484 2388 11οο
517 2354 723 2388 abnuerunt
755 2383 764 2391 .
791 2381 800 2390 .
828 2383 836 2391 .
872 2358 1058 2400 tamquam

332 2399 546 2434 inusitatum
580 2401 762 2446 longeque
797 2413 818 2437 a
843 2403 916 2437 suis
941 2403 1057 2438 racio-

332 2447 440 2481 nibus
484 2448 643 2482 alienum
685 2451 771 2494 194,
793 2461 837 2486 10.
881 2470 923 2475 -
965 2450 1057 2485 nihil

331 2494 536 2529 racionibus
571 2495 643 2530 suis
678 2497 764 2530 satis
799 2499 932 2541 tutum,
970 2498 1056 2532 satis

331 2539 477 2575 firmum
493 2543 673 2586 putabant
689 2546 805 2588 234,5.
825 2565 870 2570 —
887 2555 954 2579 nec
971 2546 1056 2580 satis

330 2590 452 2622 tutum
489 2589 561 2623 suis
602 2591 803 2625 rationibus
845 2592 1054 2626 existimans

330 2637 465 2679 283‚15.
484 2657 530 2661 —
548 2647 616 2671 nec
641 2638 846 2673 racionibus
871 2639 943 2673 suis
970 2640 1055 2673 satis

330 2681 524 2717 honestum
549 2683 627 2718 fore
649 2685 892 2720 arbitrabatur
916 2689 998 2730 309,
1009 2697 1054 2722 25.

379 2728 543 2774 Cumque
570 2759 576 2766 .
597 2759 605 2767 .
625 2759 632 2767 .

330 2786 428 2809 seri
466 2803 474 2811 .
502 2803 510 2812 .
538 2803 546 2812 .

329 2823 433 2857 miles
468 2852 476 2859 .
504 2850 511 2858 .
539 2853 547 2860 .

660 2733 860 2767 exercitum
884 2745 904 2767 r
913 2745 933 2768 e
943 2745 963 2768 0
974 2744 994 2768 e
1004 2745 1029 2768 n
1039 2753 1054 2760 -

1162 1745 1253 1779 Sall.
1281 1747 1356 1783 Cat.
1383 1749 1440 1784 57.
1474 1748 1652 1794 plerique,
1677 1761 1767 1794 quos
1790 1750 1838 1786 ad

1114 1791 1250 1826 bellum
1281 1804 1363 1838 spes
1387 1795 1669 1840 rapinarum
1694 1825 1703 1834 .
1722 1825 1730 1834 .
1749 1826 1758 1834 .
1782 1797 1838 1833 in-

1113 1839 1271 1885 lexerat;
1296 1842 1354 1878 40.
1379 1841 1533 1886 inpellat
1556 1842 1603 1878 ad
1627 1844 1837 1880 societatem

1112 1886 1208 1923 belli.
1237 1907 1279 1912 —-
1305 1889 1436 1924 lustin.
1461 1890 1575 1933 XXI,
1600 1892 1641 1933 5,
1666 1894 1700 1928 6.
1729 1891 1840 1929 facile

1112 1933 1159 1967 ad
1184 1934 1395 1970 societatem
1420 1937 1507 1972 belli
1530 1937 1659 1982 perlici
1681 1950 1798 1984 posse.

1158 2077 1276 2112 Amm.
1301 2077 1416 2113 Maro.
1442 2078 1576 2123 XXII,
1603 2081 1644 2123 8,
1669 2081 1729 2117 25.
1761 2081 1836 2117 vio-

1110 2124 1189 2156 tum
1215 2124 1326 2158 etiam
1351 2124 1419 2159 sibi
1443 2152 1453 2161 .
1471 2153 1480 2162 .
1500 2154 1508 2161 .
1533 2129 1672 2171 rapto
1702 2138 1840 2172 parare

1109 2169 1308 2205 adsuefacti
1342 2174 1436 2208 sunt.
1469 2193 1512 2198 —
1547 2174 1626 2210 Liv.
1655 2175 1746 2219 VII,
1772 2177 1830 2212 25.

1109 2227 1199 2260 quos
1224 2220 1330 2262 rapto
1355 2219 1477 2254 vivere
1507 2221 1702 2257 necessitas
1724 2233 1836 2268 cog&

1107 2263 1181 2299 bat.
1218 2284 1260 2288 —
1300 2266 1434 2302 Terent.
1469 2267 1567 2303 Eun.
1601 2269 1660 2312 II,
1697 2271 1736 2314 2,
1769 2271 1829 2307 30.

1107 2310 1246 2344 victum
1272 2323 1456 2355 quaerere.

1154 2357 1245 2392 Sall.
1263 2359 1338 2394 Cat.
1357 2361 1414 2396 56.
1440 2359 1548 2394 simul
1573 2361 1733 2396 alienum
1756 2362 1836 2398 suis

1106 2404 1388 2440 rationibus
1420 2407 1653 2444 existumans.
1678 2429 1724 2434 —
1748 2410 1828 2446 Ia'v.

1105 2452 1229 2494 XLII,
1257 2454 1311 2488 13.
1349 2453 1419 2487 hoc
1444 2465 1552 2498 quam
1577 2455 1680 2490 vobis
1707 2458 1831 2492 tutum

1106 2501 1170 2532 aut
1193 2498 1387 2534 honestum
1412 2501 1468 2545 sit,
1493 2512 1559 2536 vos
1582 2502 1756 2540 videritis.

1148 2734 1226 2770 Liv.
1252 2735 1284 2777 I,
1304 2737 1359 2779 16,
1386 2738 1417 2772 1.
1443 2747 1527 2771 cum
1552 2737 1599 2771 ad
1624 2738 1828 2774 exercitum.

583 2778 778 2822 placuisset
816 2781 902 2825 178,
923 2792 968 2817 30.
1009 2801 1051 2806 —
1101 2782 1423 2817 recensendum
1448 2784 1656 2819 contionem
1672 2785 1711 2819 in
1727 2797 1823 2821 cam-

583 2825 630 2859 ad
659 2827 923 2861 recensendum
950 2838 1051 2862 exer·
1099 2839 1148 2872 po
1175 2856 1184 2864 .
1211 2856 1219 2864 .

1247 2857 1254 2864 .
1280 2829 1450 2876 haberet3
1487 2832 1547 2874 II,
1572 2834 1636 2875 24,
1661 2834 1695 2869 2.
1733 2833 1828 2868 alius

329 2869 441 2903 citum
467 2882 601 2906 nomen
626 2873 713 2907 dare
737 2874 854 2908 iussus
882 2877 960 2919 179,
975 2886 1019 2910 20.
1074 2873 1078 2920 Ι
1101 2875 1212 2909 alium
1246 2876 1473 2922 confirmare,
1507 2889 1554 2912 ne
1588 2879 1736 2914 nomina
1760 2880 1822 2914 da-
