<?xml version="1.0" encoding="UTF-8"?>
<!DOCTYPE html PUBLIC "-//W3C//DTD XHTML 1.0 Transitional//EN"
    "http://www.w3.org/TR/xhtml1/DTD/xhtml1-transitional.dtd">
<html xmlns="http://www.w3.org/1999/xhtml" xml:lang="en" lang="en">
 <head>
  <title>
</title>
<meta http-equiv="Content-Type" content="text/html;charset=utf-8" />
  <meta name='ocr-system' content='tesseract 3.04.00' />
  <meta name='ocr-capabilities' content='ocr_page ocr_carea ocr_par ocr_line ocrx_word'/>
</head>
<body>
  <div class='ocr_page' id='page_1' title='image "./lampertimonachih00lambuoft/lampertimonachih00lambuoft_0027.png"; bbox 0 0 1950 3302; ppageno 0'>
   <div class='ocr_carea' id='block_1_1' title="bbox 668 284 1641 324">
    <p class='ocr_par' dir='ltr' id='par_1_1' title="bbox 668 284 1641 324">
     <span class='ocr_line' id='line_1_1' title="bbox 668 284 1641 324; baseline 0.003 -3"><span class='ocrx_word' id='word_1_1' title='bbox 668 284 965 322; x_wconf 84' lang='lat' dir='ltr'><strong>PRAEFATIO</strong></span> <span class='ocrx_word' id='word_1_2' title='bbox 992 285 1031 323; x_wconf 86' lang='lat' dir='ltr'><em>C.</em></span> <span class='ocrx_word' id='word_1_3' title='bbox 1049 285 1101 323; x_wconf 89' lang='grc' dir='ltr'><em>Π.</em></span> <span class='ocrx_word' id='word_1_4' title='bbox 1502 287 1641 324; x_wconf 85' lang='grc' dir='ltr'>ΧΧΙΠ</span> 
     </span>
    </p>
   </div>
   <div class='ocr_carea' id='block_1_2' title="bbox 82 405 1670 2116">
    <p class='ocr_par' dir='ltr' id='par_1_2' title="bbox 85 405 1642 987">
     <span class='ocr_line' id='line_1_2' title="bbox 144 405 1642 462; baseline 0.003 -15"><span class='ocrx_word' id='word_1_5' title='bbox 144 405 286 448; x_wconf 86' lang='lat' dir='ltr'><em>Vitam</em></span> <span class='ocrx_word' id='word_1_6' title='bbox 316 405 428 450; x_wconf 78' lang='lat' dir='ltr'><em>hanc</em></span> <span class='ocrx_word' id='word_1_7' title='bbox 459 406 805 450; x_wconf 76' lang='lat' dir='ltr'><em>conscribendam</em></span> <span class='ocrx_word' id='word_1_8' title='bbox 841 409 1061 462; x_wconf 87' lang='lat' dir='ltr'><em>adductus,</em></span> <span class='ocrx_word' id='word_1_9' title='bbox 1103 407 1255 462; x_wconf 77' lang='lat' dir='ltr'><em>quibus</em></span> <span class='ocrx_word' id='word_1_10' title='bbox 1290 409 1480 461; x_wconf 85' lang='lat' dir='ltr'><em>fontibus</em></span> <span class='ocrx_word' id='word_1_11' title='bbox 1511 410 1560 454; x_wconf 89' lang='lat' dir='ltr'><em>in</em></span> <span class='ocrx_word' id='word_1_12' title='bbox 1591 425 1642 453; x_wconf 91' lang='lat' dir='ltr'><em>ea</em></span> 
     </span>
     <span class='ocr_line' id='line_1_3' title="bbox 133 466 1640 523; baseline 0.003 -16"><span class='ocrx_word' id='word_1_13' title='bbox 133 467 420 520; x_wconf 80' lang='lat' dir='ltr'><em>componenda</em></span> <span class='ocrx_word' id='word_1_14' title='bbox 449 480 553 509; x_wconf 88' lang='lat' dir='ltr'><em>usus</em></span> <span class='ocrx_word' id='word_1_15' title='bbox 583 466 651 508; x_wconf 87' lang='lat' dir='ltr'><em>sit.</em></span> <span class='ocrx_word' id='word_1_16' title='bbox 715 467 838 510; x_wconf 89' lang='lat' dir='ltr'><em>Haec</em></span> <span class='ocrx_word' id='word_1_17' title='bbox 870 467 1058 521; x_wconf 84' lang='lat' dir='ltr'><em>capitula</em></span> <span class='ocrx_word' id='word_1_18' title='bbox 1089 469 1142 511; x_wconf 93' lang='lat' dir='ltr'><em>ab</em></span> <span class='ocrx_word' id='word_1_19' title='bbox 1174 467 1266 522; x_wconf 91' lang='lat' dir='ltr'><em>ipso</em></span> <span class='ocrx_word' id='word_1_20' title='bbox 1287 469 1517 523; x_wconf 88' lang='lat' dir='ltr'><em>Lamperto</em></span> <span class='ocrx_word' id='word_1_21' title='bbox 1549 484 1640 513; x_wconf 93' lang='lat' dir='ltr'><em>con-</em></span> 
     </span>
     <span class='ocr_line' id='line_1_4' title="bbox 131 524 1642 583; baseline 0.003 -16"><span class='ocrx_word' id='word_1_22' title='bbox 131 524 292 579; x_wconf 75' lang='lat' dir='ltr'><em>scripta</em></span> <span class='ocrx_word' id='word_1_23' title='bbox 322 539 409 568; x_wconf 89' lang='lat' dir='ltr'><em>esse</em></span> <span class='ocrx_word' id='word_1_24' title='bbox 439 526 504 568; x_wconf 86' lang='lat' dir='ltr'><em>vel</em></span> <span class='ocrx_word' id='word_1_25' title='bbox 535 539 654 569; x_wconf 91' lang='lat' dir='ltr'><em>caeco</em></span> <span class='ocrx_word' id='word_1_26' title='bbox 677 526 843 580; x_wconf 85' lang='lat' dir='ltr'><em>patebit</em></span> <span class='ocrx_word' id='word_1_27' title='bbox 855 526 883 568; x_wconf 85' lang='lat'><em>¹.</em></span> <span class='ocrx_word' id='word_1_28' title='bbox 932 527 993 569; x_wconf 88' lang='lat' dir='ltr'><em>Et</em></span> <span class='ocrx_word' id='word_1_29' title='bbox 1011 526 1061 570; x_wconf 89' lang='lat' dir='ltr'><em>in</em></span> <span class='ocrx_word' id='word_1_30' title='bbox 1082 527 1150 570; x_wconf 77' lang='lat' dir='ltr'><em>his</em></span> <span class='ocrx_word' id='word_1_31' title='bbox 1176 529 1305 571; x_wconf 88' lang='lat' dir='ltr'><em>multo</em></span> <span class='ocrx_word' id='word_1_32' title='bbox 1337 528 1483 572; x_wconf 85' lang='lat' dir='ltr'><em>acrius</em></span> <span class='ocrx_word' id='word_1_33' title='bbox 1514 543 1642 583; x_wconf 79' lang='lat' dir='ltr'><em>quam</em></span> 
     </span>
     <span class='ocr_line' id='line_1_5' title="bbox 130 583 1640 641; baseline 0.003 -15"><span class='ocrx_word' id='word_1_34' title='bbox 130 583 180 627; x_wconf 88' lang='lat' dir='ltr'><em>in</em></span> <span class='ocrx_word' id='word_1_35' title='bbox 220 583 376 628; x_wconf 86' lang='lat' dir='ltr'><em>codicis</em></span> <span class='ocrx_word' id='word_1_36' title='bbox 414 585 671 639; x_wconf 75' lang='lat' dir='ltr'><em>autoyraphi</em></span> <span class='ocrx_word' id='word_1_37' title='bbox 711 585 908 629; x_wconf 74' lang='lat' dir='ltr'><em>extremis</em></span> <span class='ocrx_word' id='word_1_38' title='bbox 948 586 1158 641; x_wconf 70' lang='lat' dir='ltr'><em>capitibus</em></span> <span class='ocrx_word' id='word_1_39' title='bbox 1194 587 1242 630; x_wconf 91' lang='lat' dir='ltr'><em>in</em></span> <span class='ocrx_word' id='word_1_40' title='bbox 1278 589 1506 631; x_wconf 77' lang='lat' dir='ltr'><em>monachos</em></span> <span class='ocrx_word' id='word_1_41' title='bbox 1537 589 1640 631; x_wconf 90' lang='lat' dir='ltr'><em>Ful-</em></span> 
     </span>
     <span class='ocr_line' id='line_1_6' title="bbox 101 644 1640 700; baseline 0.001 -12"><span class='ocrx_word' id='word_1_42' title='bbox 101 663 119 688; x_wconf 83' lang='lat'><strong>5</strong></span> <span class='ocrx_word' id='word_1_43' title='bbox 132 645 291 698; x_wconf 87' lang='lat' dir='ltr'><em>denses,</em></span> <span class='ocrx_word' id='word_1_44' title='bbox 325 645 511 687; x_wconf 89' lang='lat' dir='ltr'><em>aemulos</em></span> <span class='ocrx_word' id='word_1_45' title='bbox 539 644 703 699; x_wconf 75' lang='lat' dir='ltr'><em>yloriae</em></span> <span class='ocrx_word' id='word_1_46' title='bbox 733 645 873 689; x_wconf 89' lang='lat' dir='ltr'><em>sancti</em></span> <span class='ocrx_word' id='word_1_47' title='bbox 894 646 1027 700; x_wconf 87' lang='lat' dir='ltr'><em>Lulli‚</em></span> <span class='ocrx_word' id='word_1_48' title='bbox 1060 646 1249 690; x_wconf 83' lang='lat' dir='ltr'><em>invectus</em></span> <span class='ocrx_word' id='word_1_49' title='bbox 1274 652 1346 690; x_wconf 85' lang='lat' dir='ltr'><em>est.</em></span> <span class='ocrx_word' id='word_1_50' title='bbox 1395 648 1521 690; x_wconf 87' lang='lat' dir='ltr'><em>Patet</em></span> <span class='ocrx_word' id='word_1_51' title='bbox 1551 647 1640 690; x_wconf 90' lang='lat' dir='ltr'><em>iam</em></span> 
     </span>
     <span class='ocr_line' id='line_1_7' title="bbox 130 703 1641 761; baseline 0.003 -15"><span class='ocrx_word' id='word_1_52' title='bbox 130 717 246 746; x_wconf 88' lang='lat' dir='ltr'><em>nunc</em></span> <span class='ocrx_word' id='word_1_53' title='bbox 277 707 378 758; x_wconf 85' lang='lat' dir='ltr'><em>post</em></span> <span class='ocrx_word' id='word_1_54' title='bbox 417 703 598 747; x_wconf 79' lang='lat' dir='ltr'><em>codicem</em></span> <span class='ocrx_word' id='word_1_55' title='bbox 637 705 948 759; x_wconf 73' lang='lat' dir='ltr'><em>autoyraphum</em></span> <span class='ocrx_word' id='word_1_56' title='bbox 985 711 1005 748; x_wconf 93' lang='grc'><strong>1</strong></span> <span class='ocrx_word' id='word_1_57' title='bbox 1039 707 1220 750; x_wconf 90' lang='lat' dir='ltr'><em>alterum</em></span> <span class='ocrx_word' id='word_1_58' title='bbox 1260 707 1573 761; x_wconf 73' lang='lat' dir='ltr'><em>autoyraphum</em></span> <span class='ocrx_word' id='word_1_59' title='bbox 1613 723 1641 750; x_wconf 93' lang='lat' dir='ltr'><em>a</em></span> 
     </span>
     <span class='ocr_line' id='line_1_8' title="bbox 131 762 1640 820; baseline 0.003 -15"><span class='ocrx_word' id='word_1_60' title='bbox 131 762 360 816; x_wconf 86' lang='lat' dir='ltr'><em>Lamperto</em></span> <span class='ocrx_word' id='word_1_61' title='bbox 382 777 495 818; x_wconf 81' lang='lat' dir='ltr'><em>pure</em></span> <span class='ocrx_word' id='word_1_62' title='bbox 521 763 775 818; x_wconf 89' lang='lat' dir='ltr'><em>descriptum</em></span> <span class='ocrx_word' id='word_1_63' title='bbox 806 779 904 819; x_wconf 89' lang='lat' dir='ltr'><em>esse,</em></span> <span class='ocrx_word' id='word_1_64' title='bbox 937 765 986 808; x_wconf 87' lang='lat' dir='ltr'><em>in</em></span> <span class='ocrx_word' id='word_1_65' title='bbox 1017 779 1098 820; x_wconf 78' lang='lat' dir='ltr'><em>quo</em></span> <span class='ocrx_word' id='word_1_66' title='bbox 1129 770 1168 808; x_wconf 92' lang='lat' dir='ltr'><em>et</em></span> <span class='ocrx_word' id='word_1_67' title='bbox 1198 771 1386 809; x_wconf 76' lang='lat' dir='ltr'><em>extrema</em></span> <span class='ocrx_word' id='word_1_68' title='bbox 1417 766 1559 820; x_wconf 88' lang='lat' dir='ltr'><em>capita</em></span> <span class='ocrx_word' id='word_1_69' title='bbox 1590 769 1640 810; x_wconf 90' lang='lat' dir='ltr'><em>de</em></span> 
     </span>
     <span class='ocr_line' id='line_1_9' title="bbox 129 821 1640 879; baseline 0.003 -15"><span class='ocrx_word' id='word_1_70' title='bbox 129 821 354 865; x_wconf 77' lang='lat' dir='ltr'><em>miraculis</em></span> <span class='ocrx_word' id='word_1_71' title='bbox 395 823 440 866; x_wconf 80' lang='lat' dir='ltr'><em>S.</em></span> <span class='ocrx_word' id='word_1_72' title='bbox 482 823 604 866; x_wconf 85' lang='lat' dir='ltr'><em>Lulli</em></span> <span class='ocrx_word' id='word_1_73' title='bbox 646 823 850 867; x_wconf 89' lang='lat' dir='ltr'><em>adiecerit</em></span> <span class='ocrx_word' id='word_1_74' title='bbox 888 829 927 868; x_wconf 88' lang='lat' dir='ltr'><em>et</em></span> <span class='ocrx_word' id='word_1_75' title='bbox 965 825 1119 868; x_wconf 89' lang='lat' dir='ltr'><em>iterum</em></span> <span class='ocrx_word' id='word_1_76' title='bbox 1159 827 1368 879; x_wconf 78' lang='lat' dir='ltr'><em>quaedam</em></span> <span class='ocrx_word' id='word_1_77' title='bbox 1406 841 1640 869; x_wconf 87' lang='lat' dir='ltr'><em>sermonem</em></span> 
     </span>
     <span class='ocr_line' id='line_1_10' title="bbox 130 880 1640 941; baseline 0.004 -18"><span class='ocrx_word' id='word_1_78' title='bbox 130 880 376 935; x_wconf 77' lang='lat' dir='ltr'><em>expoliendo</em></span> <span class='ocrx_word' id='word_1_79' title='bbox 417 882 664 937; x_wconf 74' lang='lat' dir='ltr'><em>correxerit,</em></span> <span class='ocrx_word' id='word_1_80' title='bbox 708 897 816 937; x_wconf 79' lang='lat' dir='ltr'><em>quae</em></span> <span class='ocrx_word' id='word_1_81' title='bbox 857 898 1062 927; x_wconf 86' lang='lat' dir='ltr'><em>consensu</em></span> <span class='ocrx_word' id='word_1_82' title='bbox 1103 885 1291 928; x_wconf 88' lang='lat' dir='ltr'><em>codicum</em></span> <span class='ocrx_word' id='word_1_83' title='bbox 1323 890 1398 928; x_wconf 84' lang='lat' dir='ltr'><em>2a.</em></span> <span class='ocrx_word' id='word_1_84' title='bbox 1418 887 1441 929; x_wconf 94' lang='lat' dir='ltr'><em>b</em></span> <span class='ocrx_word' id='word_1_85' title='bbox 1474 900 1640 941; x_wconf 72' lang='lat' dir='ltr'><em>coynos-</em></span> 
     </span>
     <span class='ocr_line' id='line_1_11' title="bbox 85 941 1221 987; baseline 0.001 -1"><span class='ocrx_word' id='word_1_86' title='bbox 85 961 118 986; x_wconf 78' lang='grc' dir='ltr'><em>ιο</em></span> <span class='ocrx_word' id='word_1_87' title='bbox 131 942 325 984; x_wconf 63' lang='lat' dir='ltr'><em>mantuo-2.</em></span> <span class='ocrx_word' id='word_1_88' title='bbox 395 941 568 985; x_wconf 83' lang='lat' dir='ltr'><em>Codices</em></span> <span class='ocrx_word' id='word_1_89' title='bbox 599 942 777 986; x_wconf 86' lang='lat' dir='ltr'><em>alterius</em></span> <span class='ocrx_word' id='word_1_90' title='bbox 806 943 1067 987; x_wconf 73' lang='lat' dir='ltr'><em>recensionis</em></span> <span class='ocrx_word' id='word_1_91' title='bbox 1097 949 1221 987; x_wconf 89' lang='lat' dir='ltr'><em>sunt:</em></span> 
     </span>
    </p>

    <p class='ocr_par' dir='ltr' id='par_1_3' title="bbox 130 1001 1641 1236">
     <span class='ocr_line' id='line_1_12' title="bbox 275 1001 1638 1059; baseline 0.003 -16"><span class='ocrx_word' id='word_1_92' title='bbox 275 1002 366 1056; x_wconf 76' lang='lat' dir='ltr'><em>2a)</em></span> <span class='ocrx_word' id='word_1_93' title='bbox 425 1001 787 1044; x_wconf 81' lang='lat' dir='ltr'><em>Treverensis</em></span> <span class='ocrx_word' id='word_1_94' title='bbox 839 1003 1109 1047; x_wconf 79' lang='lat' dir='ltr'><em>bibliothecae</em></span> <span class='ocrx_word' id='word_1_95' title='bbox 1161 1004 1344 1047; x_wconf 81' lang='lat' dir='ltr'><em>civitatis</em></span> <span class='ocrx_word' id='word_1_96' title='bbox 1395 1019 1463 1047; x_wconf 93' lang='lat' dir='ltr'><em>nr.</em></span> <span class='ocrx_word' id='word_1_97' title='bbox 1510 1009 1638 1059; x_wconf 86' lang='lat'>1151,</span> 
     </span>
     <span class='ocr_line' id='line_1_13' title="bbox 130 1058 1640 1118; baseline 0.004 -17"><span class='ocrx_word' id='word_1_98' title='bbox 130 1059 210 1102; x_wconf 70' lang='lat' dir='ltr'><em>rol.</em></span> <span class='ocrx_word' id='word_1_99' title='bbox 241 1069 303 1103; x_wconf 82' lang='lat' dir='ltr'><em>IV</em></span> <span class='ocrx_word' id='word_1_100' title='bbox 331 1058 416 1112; x_wconf 88' lang='lat'><em>(=</em></span> <span class='ocrx_word' id='word_1_101' title='bbox 450 1062 578 1115; x_wconf 85' lang='lat'><em>965),</em></span> <span class='ocrx_word' id='word_1_102' title='bbox 619 1061 790 1104; x_wconf 88' lang='lat' dir='ltr'><em>membr.</em></span> <span class='ocrx_word' id='word_1_103' title='bbox 823 1062 899 1115; x_wconf 83' lang='lat' dir='ltr'><em>fol.</em></span> <span class='ocrx_word' id='word_1_104' title='bbox 939 1077 1074 1117; x_wconf 59' lang='lat' dir='ltr'><em>maan,</em></span> <span class='ocrx_word' id='word_1_105' title='bbox 1117 1078 1225 1106; x_wconf 87' lang='lat' dir='ltr'><em>saec.</em></span> <span class='ocrx_word' id='word_1_106' title='bbox 1262 1064 1418 1118; x_wconf 83' lang='lat' dir='ltr'><strong><em>XIII,</em></strong></span> <span class='ocrx_word' id='word_1_107' title='bbox 1462 1069 1640 1118; x_wconf 78' lang='lat' dir='ltr'><em>quartus</em></span> 
     </span>
     <span class='ocr_line' id='line_1_14' title="bbox 130 1119 1641 1177; baseline 0.003 -16"><span class='ocrx_word' id='word_1_108' title='bbox 130 1122 266 1162; x_wconf 80' lang='lat' dir='ltr'><em>tomas</em></span> <span class='ocrx_word' id='word_1_109' title='bbox 310 1119 459 1174; x_wconf 79' lang='lat' dir='ltr'><em>mayni</em></span> <span class='ocrx_word' id='word_1_110' title='bbox 511 1120 747 1174; x_wconf 73' lang='lat' dir='ltr'><em>leyendarii</em></span> <span class='ocrx_word' id='word_1_111' title='bbox 795 1122 840 1164; x_wconf 77' lang='lat' dir='ltr'><em>S.</em></span> <span class='ocrx_word' id='word_1_112' title='bbox 874 1122 1118 1166; x_wconf 77' lang='lat' dir='ltr'><em>Maximini</em></span> <span class='ocrx_word' id='word_1_113' title='bbox 1170 1123 1458 1177; x_wconf 78' lang='lat' dir='ltr'><em>Treverensis,</em></span> <span class='ocrx_word' id='word_1_114' title='bbox 1518 1123 1641 1166; x_wconf 90' lang='lat' dir='ltr'><em>Vitas</em></span> 
     </span>
     <span class='ocr_line' id='line_1_15' title="bbox 130 1179 1632 1236; baseline 0.004 -16"><span class='ocrx_word' id='word_1_115' title='bbox 130 1181 375 1222; x_wconf 83' lang='lat' dir='ltr'><em>sanctorum</em></span> <span class='ocrx_word' id='word_1_116' title='bbox 394 1179 553 1222; x_wconf 85' lang='lat' dir='ltr'><em>scilicet</em></span> <span class='ocrx_word' id='word_1_117' title='bbox 572 1179 731 1223; x_wconf 83' lang='lat' dir='ltr'><em>mensis</em></span> <span class='ocrx_word' id='word_1_118' title='bbox 757 1180 947 1224; x_wconf 88' lang='lat' dir='ltr'><em>Octobris</em></span> <span class='ocrx_word' id='word_1_119' title='bbox 968 1182 1200 1236; x_wconf 86' lang='lat' dir='ltr'><em>continens,</em></span> <span class='ocrx_word' id='word_1_120' title='bbox 1233 1182 1346 1225; x_wconf 89' lang='lat' dir='ltr'><em>inter</em></span> <span class='ocrx_word' id='word_1_121' title='bbox 1366 1196 1474 1236; x_wconf 80' lang='lat' dir='ltr'><em>quas</em></span> <span class='ocrx_word' id='word_1_122' title='bbox 1494 1183 1525 1236; x_wconf 80' lang='lat' dir='ltr'><em>f.</em></span> <span class='ocrx_word' id='word_1_123' title='bbox 1549 1187 1632 1225; x_wconf 78' lang='lat'><em>660</em></span> 
     </span>
    </p>

    <p class='ocr_par' dir='ltr' id='par_1_4' title="bbox 83 1238 1670 1356">
     <span class='ocr_line' id='line_1_16' title="bbox 83 1238 1670 1294; baseline 0.004 -16"><span class='ocrx_word' id='word_1_124' title='bbox 83 1241 305 1280; x_wconf 72' lang='lat'><strong>15-750.</strong></span> <span class='ocrx_word' id='word_1_125' title='bbox 339 1238 482 1281; x_wconf 84' lang='lat' dir='ltr'><em>Vitam</em></span> <span class='ocrx_word' id='word_1_126' title='bbox 512 1239 634 1282; x_wconf 88' lang='lat' dir='ltr'><em>Lulli</em></span> <span class='ocrx_word' id='word_1_127' title='bbox 673 1239 905 1294; x_wconf 73' lang='lat' dir='ltr'><em>inteqram,</em></span> <span class='ocrx_word' id='word_1_128' title='bbox 943 1245 1027 1283; x_wconf 89' lang='lat'><em>164</em></span> <span class='ocrx_word' id='word_1_129' title='bbox 1058 1242 1263 1294; x_wconf 85' lang='lat' dir='ltr'><em>foliorum</em></span> <span class='ocrx_word' id='word_1_130' title='bbox 1294 1243 1459 1285; x_wconf 87' lang='lat' dir='ltr'><em>duabus</em></span> <span class='ocrx_word' id='word_1_131' title='bbox 1491 1243 1639 1286; x_wconf 89' lang='lat' dir='ltr'><em>colum-</em></span> <span class='ocrx_word' id='word_1_132' title='bbox 1665 1258 1670 1262; x_wconf 92' lang='lat'>·</span> 
     </span>
     <span class='ocr_line' id='line_1_17' title="bbox 129 1296 1637 1356; baseline 0.003 -17"><span class='ocrx_word' id='word_1_133' title='bbox 129 1296 200 1340; x_wconf 91' lang='lat' dir='ltr'><em>nis</em></span> <span class='ocrx_word' id='word_1_134' title='bbox 230 1302 518 1352; x_wconf 74' lang='lat' dir='ltr'><em>exaratorum,</em></span> <span class='ocrx_word' id='word_1_135' title='bbox 558 1298 711 1342; x_wconf 88' lang='lat' dir='ltr'><em>litteris</em></span> <span class='ocrx_word' id='word_1_136' title='bbox 741 1299 912 1354; x_wconf 72' lang='lat' dir='ltr'><em>maynis</em></span> <span class='ocrx_word' id='word_1_137' title='bbox 942 1300 1185 1344; x_wconf 82' lang='lat' dir='ltr'><em>initialibus</em></span> <span class='ocrx_word' id='word_1_138' title='bbox 1207 1301 1388 1356; x_wconf 74' lang='lat' dir='ltr'><em>pulchre</em></span> <span class='ocrx_word' id='word_1_139' title='bbox 1420 1302 1595 1356; x_wconf 75' lang='lat' dir='ltr'><em>depictis</em></span> <span class='ocrx_word' id='word_1_140' title='bbox 1609 1303 1637 1344; x_wconf 78' lang='lat'><em>3.</em></span> 
     </span>
    </p>

    <p class='ocr_par' dir='ltr' id='par_1_5' title="bbox 128 1358 1639 1531">
     <span class='ocr_line' id='line_1_18' title="bbox 273 1358 1635 1412; baseline 0.003 -13"><span class='ocrx_word' id='word_1_141' title='bbox 273 1358 354 1412; x_wconf 71' lang='lat'><em>212)</em></span> <span class='ocrx_word' id='word_1_142' title='bbox 393 1358 496 1400; x_wconf 90' lang='lat' dir='ltr'><em>Erl</em></span> <span class='ocrx_word' id='word_1_143' title='bbox 506 1372 574 1400; x_wconf 93' lang='lat' dir='ltr'><em>an</em></span> <span class='ocrx_word' id='word_1_144' title='bbox 582 1358 772 1412; x_wconf 73' lang='lat' dir='ltr'><em>yensis</em></span> <span class='ocrx_word' id='word_1_145' title='bbox 812 1359 1082 1403; x_wconf 75' lang='lat' dir='ltr'><em>bibliothecae</em></span> <span class='ocrx_word' id='word_1_146' title='bbox 1121 1360 1418 1404; x_wconf 85' lang='lat' dir='ltr'><em>universitatis</em></span> <span class='ocrx_word' id='word_1_147' title='bbox 1458 1375 1526 1404; x_wconf 90' lang='lat' dir='ltr'><em>nr.</em></span> <span class='ocrx_word' id='word_1_148' title='bbox 1552 1365 1635 1403; x_wconf 82' lang='lat'><em>321</em></span> 
     </span>
     <span class='ocr_line' id='line_1_19' title="bbox 131 1412 1639 1474; baseline 0.004 -16"><span class='ocrx_word' id='word_1_149' title='bbox 131 1412 279 1467; x_wconf 89' lang='lat' dir='ltr'><em>(antea</em></span> <span class='ocrx_word' id='word_1_150' title='bbox 301 1418 424 1472; x_wconf 81' lang='lat'><em>268),</em></span> <span class='ocrx_word' id='word_1_151' title='bbox 457 1418 628 1460; x_wconf 89' lang='lat' dir='ltr'><em>membr.</em></span> <span class='ocrx_word' id='word_1_152' title='bbox 651 1418 726 1471; x_wconf 80' lang='lat' dir='ltr'><em>fol.</em></span> <span class='ocrx_word' id='word_1_153' title='bbox 749 1418 868 1472; x_wconf 91' lang='lat' dir='ltr'><em>min.,</em></span> <span class='ocrx_word' id='word_1_154' title='bbox 901 1433 1010 1462; x_wconf 88' lang='lat' dir='ltr'><em>saec.</em></span> <span class='ocrx_word' id='word_1_155' title='bbox 1031 1420 1182 1474; x_wconf 85' lang='lat' dir='ltr'><strong><em>XIII,</em></strong></span> <span class='ocrx_word' id='word_1_156' title='bbox 1217 1420 1318 1463; x_wconf 91' lang='lat' dir='ltr'><em>olim</em></span> <span class='ocrx_word' id='word_1_157' title='bbox 1347 1419 1466 1463; x_wconf 82' lang='lat' dir='ltr'><em>‘liber</em></span> <span class='ocrx_word' id='word_1_158' title='bbox 1496 1425 1639 1464; x_wconf 89' lang='lat' dir='ltr'><em>sancte</em></span> 
     </span>
     <span class='ocr_line' id='line_1_20' title="bbox 128 1475 1638 1531; baseline 0.003 -13"><span class='ocrx_word' id='word_1_159' title='bbox 128 1475 216 1518; x_wconf 82' lang='lat' dir='ltr'><em>Dei</em></span> <span class='ocrx_word' id='word_1_160' title='bbox 243 1475 465 1530; x_wconf 74' lang='lat' dir='ltr'><em>yenitricis</em></span> <span class='ocrx_word' id='word_1_161' title='bbox 500 1476 685 1531; x_wconf 71' lang='lat' dir='ltr'><em>viryinis</em></span> <span class='ocrx_word' id='word_1_162' title='bbox 715 1478 866 1521; x_wconf 87' lang='lat' dir='ltr'><em>Marie</em></span> <span class='ocrx_word' id='word_1_163' title='bbox 904 1478 954 1521; x_wconf 89' lang='lat' dir='ltr'><em>in</em></span> <span class='ocrx_word' id='word_1_164' title='bbox 993 1480 1250 1523; x_wconf 88' lang='lat' dir='ltr'><em>monasterio</em></span> <span class='ocrx_word' id='word_1_165' title='bbox 1281 1479 1638 1524; x_wconf 82' lang='lat' dir='ltr'><em>Fontis-salutis’</em></span> 
     </span>
    </p>

    <p class='ocr_par' dir='ltr' id='par_1_6' title="bbox 82 1533 1639 1876">
     <span class='ocr_line' id='line_1_21' title="bbox 82 1533 1639 1592; baseline 0.004 -16"><span class='ocrx_word' id='word_1_166' title='bbox 82 1535 192 1576; x_wconf 72' lang='lat' dir='ltr'><em>zoi-el</em></span> <span class='ocrx_word' id='word_1_167' title='bbox 225 1533 598 1591; x_wconf 86' lang='lat' dir='ltr'><em>‘Halesbrunnen&#39;,</em></span> <span class='ocrx_word' id='word_1_168' title='bbox 641 1537 715 1591; x_wconf 80' lang='lat' dir='ltr'><em>qui</em></span> <span class='ocrx_word' id='word_1_169' title='bbox 746 1537 867 1580; x_wconf 87' lang='lat' dir='ltr'><em>Vitas</em></span> <span class='ocrx_word' id='word_1_170' title='bbox 900 1539 945 1581; x_wconf 78' lang='lat' dir='ltr'><em>S.</em></span> <span class='ocrx_word' id='word_1_171' title='bbox 967 1538 1192 1592; x_wconf 82' lang='lat' dir='ltr'><em>Bonifatii</em></span> <span class='ocrx_word' id='word_1_172' title='bbox 1232 1543 1341 1582; x_wconf 89' lang='lat' dir='ltr'><em>auct.</em></span> <span class='ocrx_word' id='word_1_173' title='bbox 1382 1539 1560 1582; x_wconf 80' lang='lat' dir='ltr'><em>Othlono</em></span> <span class='ocrx_word' id='word_1_174' title='bbox 1601 1545 1639 1582; x_wconf 86' lang='lat' dir='ltr'><em>et</em></span> 
     </span>
     <span class='ocr_line' id='line_1_22' title="bbox 130 1593 1637 1654; baseline 0.004 -18"><span class='ocrx_word' id='word_1_175' title='bbox 130 1593 435 1648; x_wconf 83' lang='lat' dir='ltr'><em>discipulorum</em></span> <span class='ocrx_word' id='word_1_176' title='bbox 455 1595 557 1650; x_wconf 88' lang='lat' dir='ltr'><em>eius,</em></span> <span class='ocrx_word' id='word_1_177' title='bbox 583 1596 759 1651; x_wconf 82' lang='lat' dir='ltr'><em>Sturmi,</em></span> <span class='ocrx_word' id='word_1_178' title='bbox 783 1597 1046 1653; x_wconf 79' lang='lat' dir='ltr'><em>Burchardi,</em></span> <span class='ocrx_word' id='word_1_179' title='bbox 1070 1599 1192 1642; x_wconf 86' lang='lat' dir='ltr'><em>Lulli</em></span> <span class='ocrx_word' id='word_1_180' title='bbox 1213 1599 1248 1652; x_wconf 82' lang='lat' dir='ltr'><em>f.</em></span> <span class='ocrx_word' id='word_1_181' title='bbox 1269 1603 1291 1641; x_wconf 92' lang='lat'><strong>7</strong></span> <span class='ocrx_word' id='word_1_182' title='bbox 1298 1598 1489 1653; x_wconf 83' lang='lat'><em>8‘-89‘,</em></span> <span class='ocrx_word' id='word_1_183' title='bbox 1522 1599 1637 1654; x_wconf 72' lang='lat' dir='ltr'><em>Wiy-</em></span> 
     </span>
     <span class='ocr_line' id='line_1_23' title="bbox 131 1652 1638 1710; baseline 0.004 -15"><span class='ocrx_word' id='word_1_184' title='bbox 131 1652 247 1708; x_wconf 87' lang='lat' dir='ltr'><em>berti,</em></span> <span class='ocrx_word' id='word_1_185' title='bbox 287 1653 500 1709; x_wconf 74' lang='lat' dir='ltr'><em>Greyorii,</em></span> <span class='ocrx_word' id='word_1_186' title='bbox 533 1656 711 1710; x_wconf 91' lang='lat' dir='ltr'><em>Leobae,</em></span> <span class='ocrx_word' id='word_1_187' title='bbox 745 1657 929 1700; x_wconf 85' lang='lat' dir='ltr'><em>continet</em></span> <span class='ocrx_word' id='word_1_188' title='bbox 940 1658 970 1699; x_wconf 75' lang='lat'><em>4.</em></span> <span class='ocrx_word' id='word_1_189' title='bbox 1035 1659 1121 1701; x_wconf 83' lang='lat' dir='ltr'><em>Sed</em></span> <span class='ocrx_word' id='word_1_190' title='bbox 1154 1658 1277 1701; x_wconf 90' lang='lat' dir='ltr'><em>Vitae</em></span> <span class='ocrx_word' id='word_1_191' title='bbox 1308 1658 1429 1702; x_wconf 87' lang='lat' dir='ltr'><em>Lulli</em></span> <span class='ocrx_word' id='word_1_192' title='bbox 1461 1658 1638 1701; x_wconf 88' lang='lat' dir='ltr'><em>alterius</em></span> 
     </span>
     <span class='ocr_line' id='line_1_24' title="bbox 129 1713 1638 1772; baseline 0.004 -17"><span class='ocrx_word' id='word_1_193' title='bbox 129 1713 388 1756; x_wconf 85' lang='lat' dir='ltr'><em>recensionis</em></span> <span class='ocrx_word' id='word_1_194' title='bbox 418 1718 582 1757; x_wconf 86' lang='lat' dir='ltr'><em>tantum</em></span> <span class='ocrx_word' id='word_1_195' title='bbox 614 1715 755 1770; x_wconf 89' lang='lat' dir='ltr'><em>capita</em></span> <span class='ocrx_word' id='word_1_196' title='bbox 790 1720 949 1759; x_wconf 87' lang='lat'>1—18.</span> <span class='ocrx_word' id='word_1_197' title='bbox 973 1719 1151 1772; x_wconf 75' lang='lat' dir='ltr'><em>praebet</em></span> <span class='ocrx_word' id='word_1_198' title='bbox 1163 1719 1191 1772; x_wconf 74' lang='lat'><em>5,</em></span> <span class='ocrx_word' id='word_1_199' title='bbox 1230 1717 1398 1760; x_wconf 86' lang='lat' dir='ltr'><em>omissis</em></span> <span class='ocrx_word' id='word_1_200' title='bbox 1430 1718 1638 1772; x_wconf 83' lang='lat' dir='ltr'><em>capitibus</em></span> 
     </span>
     <span class='ocr_line' id='line_1_25' title="bbox 133 1773 1636 1827; baseline 0.004 -13"><span class='ocrx_word' id='word_1_201' title='bbox 133 1775 320 1826; x_wconf 84' lang='lat'><em>19-27,</em></span> <span class='ocrx_word' id='word_1_202' title='bbox 361 1773 411 1816; x_wconf 91' lang='lat' dir='ltr'><em>in</em></span> <span class='ocrx_word' id='word_1_203' title='bbox 448 1774 599 1827; x_wconf 77' lang='lat' dir='ltr'><em>quibus</em></span> <span class='ocrx_word' id='word_1_204' title='bbox 629 1776 764 1818; x_wconf 90' lang='lat' dir='ltr'><em>multa</em></span> <span class='ocrx_word' id='word_1_205' title='bbox 793 1775 842 1819; x_wconf 93' lang='lat' dir='ltr'><em>in</em></span> <span class='ocrx_word' id='word_1_206' title='bbox 873 1776 1084 1819; x_wconf 86' lang='lat' dir='ltr'><em>invidiam</em></span> <span class='ocrx_word' id='word_1_207' title='bbox 1115 1778 1418 1820; x_wconf 80' lang='lat' dir='ltr'><em>monachorum</em></span> <span class='ocrx_word' id='word_1_208' title='bbox 1450 1778 1636 1820; x_wconf 87' lang='lat' dir='ltr'><em>Fulden-</em></span> 
     </span>
     <span class='ocr_line' id='line_1_26' title="bbox 82 1830 514 1876; baseline 0.007 -4"><span class='ocrx_word' id='word_1_209' title='bbox 82 1845 117 1872; x_wconf 74' lang='lat'><em>25</em></span> <span class='ocrx_word' id='word_1_210' title='bbox 128 1830 240 1874; x_wconf 85' lang='lat' dir='ltr'><em>sium</em></span> <span class='ocrx_word' id='word_1_211' title='bbox 271 1832 386 1875; x_wconf 89' lang='lat' dir='ltr'><em>dicta</em></span> <span class='ocrx_word' id='word_1_212' title='bbox 416 1833 514 1876; x_wconf 87' lang='lat' dir='ltr'><em>sint.</em></span> 
     </span>
    </p>

    <p class='ocr_par' dir='ltr' id='par_1_7' title="bbox 129 1891 1636 2116">
     <span class='ocr_line' id='line_1_27' title="bbox 272 1891 1633 1950; baseline 0.004 -17"><span class='ocrx_word' id='word_1_213' title='bbox 272 1891 469 1934; x_wconf 79' lang='lat' dir='ltr'><em>Alteram</em></span> <span class='ocrx_word' id='word_1_214' title='bbox 500 1893 612 1936; x_wconf 80' lang='lat' dir='ltr'><em>hanc</em></span> <span class='ocrx_word' id='word_1_215' title='bbox 642 1894 927 1937; x_wconf 84' lang='lat' dir='ltr'><em>recensionem</em></span> <span class='ocrx_word' id='word_1_216' title='bbox 964 1896 1221 1950; x_wconf 86' lang='lat' dir='ltr'><em>Lampertus</em></span> <span class='ocrx_word' id='word_1_217' title='bbox 1257 1895 1347 1938; x_wconf 91' lang='lat' dir='ltr'><em>iam</em></span> <span class='ocrx_word' id='word_1_218' title='bbox 1379 1896 1633 1949; x_wconf 84' lang='lat' dir='ltr'><em>perfecerat,</em></span> 
     </span>
     <span class='ocr_line' id='line_1_28' title="bbox 129 1951 1636 1998; baseline 0.005 -7"><span class='ocrx_word' id='word_1_219' title='bbox 129 1963 223 1992; x_wconf 80' lang='lat' dir='ltr'><em>cum</em></span> <span class='ocrx_word' id='word_1_220' title='bbox 254 1964 295 1992; x_wconf 92' lang='lat' dir='ltr'><em>a.</em></span> <span class='ocrx_word' id='word_1_221' title='bbox 323 1954 451 1993; x_wconf 85' lang='lat'>1074.</span> <span class='ocrx_word' id='word_1_222' title='bbox 485 1951 671 1994; x_wconf 83' lang='lat' dir='ltr'><em>libellum</em></span> <span class='ocrx_word' id='word_1_223' title='bbox 711 1955 761 1996; x_wconf 83' lang='lat' dir='ltr'><em>de</em></span> <span class='ocrx_word' id='word_1_224' title='bbox 799 1953 1065 1997; x_wconf 88' lang='lat' dir='ltr'><em>institutione</em></span> <span class='ocrx_word' id='word_1_225' title='bbox 1096 1955 1401 1998; x_wconf 72' lang='lat' dir='ltr'><em>Heri-eldensis</em></span> <span class='ocrx_word' id='word_1_226' title='bbox 1441 1955 1636 1998; x_wconf 87' lang='lat' dir='ltr'><em>ecclesiae</em></span> 
     </span>
     <span class='ocr_line' id='line_1_29' title="bbox 129 2009 1635 2068; baseline 0.004 -17"><span class='ocrx_word' id='word_1_227' title='bbox 129 2009 417 2064; x_wconf 85' lang='lat' dir='ltr'><em>conscriberet,</em></span> <span class='ocrx_word' id='word_1_228' title='bbox 451 2025 544 2053; x_wconf 88' lang='lat' dir='ltr'><em>cum</em></span> <span class='ocrx_word' id='word_1_229' title='bbox 575 2011 664 2054; x_wconf 89' lang='lat' dir='ltr'><em>iam</em></span> <span class='ocrx_word' id='word_1_230' title='bbox 694 2012 743 2055; x_wconf 89' lang='lat' dir='ltr'><em>in</em></span> <span class='ocrx_word' id='word_1_231' title='bbox 774 2027 825 2055; x_wconf 91' lang='lat' dir='ltr'><em>ea</em></span> <span class='ocrx_word' id='word_1_232' title='bbox 855 2013 1107 2068; x_wconf 78' lang='lat' dir='ltr'><em>repetiverit,</em></span> <span class='ocrx_word' id='word_1_233' title='bbox 1141 2028 1248 2068; x_wconf 78' lang='lat' dir='ltr'><em>quae</em></span> <span class='ocrx_word' id='word_1_234' title='bbox 1277 2015 1327 2058; x_wconf 86' lang='lat' dir='ltr'><em>in</em></span> <span class='ocrx_word' id='word_1_235' title='bbox 1348 2014 1635 2057; x_wconf 87' lang='lat' dir='ltr'><em>additamento</em></span> 
     </span>
     <span class='ocr_line' id='line_1_30' title="bbox 130 2068 1008 2116; baseline 0.007 -6"><span class='ocrx_word' id='word_1_236' title='bbox 130 2068 388 2112; x_wconf 81' lang='lat' dir='ltr'><em>recensionis</em></span> <span class='ocrx_word' id='word_1_237' title='bbox 419 2073 460 2112; x_wconf 78' lang='lat'><em>2.</em></span> <span class='ocrx_word' id='word_1_238' title='bbox 493 2070 615 2114; x_wconf 88' lang='lat' dir='ltr'><em>Vitae</em></span> <span class='ocrx_word' id='word_1_239' title='bbox 645 2071 767 2114; x_wconf 87' lang='lat' dir='ltr'><em>Lulli-</em></span> <span class='ocrx_word' id='word_1_240' title='bbox 798 2072 967 2116; x_wconf 76' lang='lat' dir='ltr'><em>dixerat</em></span> <span class='ocrx_word' id='word_1_241' title='bbox 980 2074 1008 2115; x_wconf 73' lang='lat'><em>⁶.</em></span> 
     </span>
    </p>
   </div>
   <div class='ocr_carea' id='block_1_3' title="bbox 78 2197 1638 2810">
    <p class='ocr_par' dir='ltr' id='par_1_8' title="bbox 81 2197 1638 2437">
     <span class='ocr_line' id='line_1_31' title="bbox 81 2197 1635 2247; baseline 0.003 -16"><span class='ocrx_word' id='word_1_242' title='bbox 81 2197 164 2240; x_wconf 80' lang='lat'>301)</span> <span class='ocrx_word' id='word_1_243' title='bbox 197 2197 282 2232; x_wconf 83' lang='lat' dir='ltr'><em>Vide</em></span> <span class='ocrx_word' id='word_1_244' title='bbox 306 2209 396 2242; x_wconf 77' lang='lat' dir='ltr'><em>quae</em></span> <span class='ocrx_word' id='word_1_245' title='bbox 420 2201 571 2242; x_wconf 57' lang='lat' dir='ltr'><em>exposui</em></span> <span class='ocrx_word' id='word_1_246' title='bbox 595 2201 652 2235; x_wconf 65' lang='grc' dir='ltr'><em>(Ν.</em></span> <span class='ocrx_word' id='word_1_247' title='bbox 671 2201 821 2234; x_wconf 81' lang='lat' dir='ltr'><em>Archiv&#39;</em></span> <span class='ocrx_word' id='word_1_248' title='bbox 846 2201 955 2244; x_wconf 84' lang='lat' dir='ltr'><em>XIX,</em></span> <span class='ocrx_word' id='word_1_249' title='bbox 981 2202 1071 2244; x_wconf 80' lang='lat' dir='ltr'><em>fasc.</em></span> <span class='ocrx_word' id='word_1_250' title='bbox 1090 2205 1123 2238; x_wconf 94' lang='lat'><em>3.</em></span> <span class='ocrx_word' id='word_1_251' title='bbox 1194 2205 1231 2247; x_wconf 82' lang='lat'><em>2)</em></span> <span class='ocrx_word' id='word_1_252' title='bbox 1257 2203 1454 2237; x_wconf 83' lang='lat' dir='ltr'><em>Lectionem</em></span> <span class='ocrx_word' id='word_1_253' title='bbox 1479 2205 1635 2238; x_wconf 84' lang='lat' dir='ltr'><em>codicum</em></span> 
     </span>
     <span class='ocr_line' id='line_1_32' title="bbox 127 2245 1638 2294; baseline 0.003 -14"><span class='ocrx_word' id='word_1_254' title='bbox 127 2246 191 2280; x_wconf 66' lang='grc' dir='ltr'><em>2η.</em></span> <span class='ocrx_word' id='word_1_255' title='bbox 206 2245 227 2278; x_wconf 87' lang='lat' dir='ltr'><em>b</em></span> <span class='ocrx_word' id='word_1_256' title='bbox 250 2246 296 2279; x_wconf 85' lang='lat' dir='ltr'><em>ab</em></span> <span class='ocrx_word' id='word_1_257' title='bbox 322 2247 341 2282; x_wconf 89' lang='lat'>1</span> <span class='ocrx_word' id='word_1_258' title='bbox 367 2247 588 2290; x_wconf 79' lang='lat' dir='ltr'><em>differentem</em></span> <span class='ocrx_word' id='word_1_259' title='bbox 613 2252 677 2281; x_wconf 79' lang='lat' dir='ltr'><em>aut</em></span> <span class='ocrx_word' id='word_1_260' title='bbox 703 2250 742 2282; x_wconf 83' lang='lat' dir='ltr'><em>in</em></span> <span class='ocrx_word' id='word_1_261' title='bbox 768 2253 903 2283; x_wconf 73' lang='lat' dir='ltr'><em>textum</em></span> <span class='ocrx_word' id='word_1_262' title='bbox 934 2251 1059 2294; x_wconf 79' lang='lat' dir='ltr'><em>recepi,</em></span> <span class='ocrx_word' id='word_1_263' title='bbox 1096 2261 1175 2284; x_wconf 83' lang='lat' dir='ltr'><em>cum</em></span> <span class='ocrx_word' id='word_1_264' title='bbox 1206 2252 1311 2284; x_wconf 83' lang='lat' dir='ltr'><em>nulla</em></span> <span class='ocrx_word' id='word_1_265' title='bbox 1337 2252 1514 2285; x_wconf 71' lang='lat' dir='ltr'><em>dubitatio</em></span> <span class='ocrx_word' id='word_1_266' title='bbox 1545 2252 1638 2284; x_wconf 80' lang='lat' dir='ltr'><em>mihi</em></span> 
     </span>
     <span class='ocr_line' id='line_1_33' title="bbox 126 2294 1636 2340; baseline 0.004 -14"><span class='ocrx_word' id='word_1_267' title='bbox 126 2297 288 2336; x_wconf 76' lang='lat' dir='ltr'><em>restaret,</em></span> <span class='ocrx_word' id='word_1_268' title='bbox 325 2295 414 2338; x_wconf 72' lang='lat' dir='ltr'><em>quin</em></span> <span class='ocrx_word' id='word_1_269' title='bbox 438 2294 656 2338; x_wconf 80' lang='lat' dir='ltr'><em>Lampertus</em></span> <span class='ocrx_word' id='word_1_270' title='bbox 688 2297 764 2340; x_wconf 79' lang='lat' dir='ltr'><em>ipse</em></span> <span class='ocrx_word' id='word_1_271' title='bbox 793 2307 871 2331; x_wconf 88' lang='lat' dir='ltr'><em>eam</em></span> <span class='ocrx_word' id='word_1_272' title='bbox 903 2298 942 2330; x_wconf 87' lang='lat' dir='ltr'><em>in</em></span> <span class='ocrx_word' id='word_1_273' title='bbox 967 2299 990 2333; x_wconf 79' lang='grc'>2</span> <span class='ocrx_word' id='word_1_274' title='bbox 1015 2299 1224 2340; x_wconf 77' lang='lat' dir='ltr'><em>correoeerit,</em></span> <span class='ocrx_word' id='word_1_275' title='bbox 1259 2303 1324 2332; x_wconf 87' lang='lat' dir='ltr'><em>aut</em></span> <span class='ocrx_word' id='word_1_276' title='bbox 1358 2299 1487 2332; x_wconf 81' lang='lat' dir='ltr'><em>litteris</em></span> <span class='ocrx_word' id='word_1_277' title='bbox 1523 2300 1636 2333; x_wconf 80' lang='lat' dir='ltr'><em>latius</em></span> 
     </span>
     <span class='ocr_line' id='line_1_34' title="bbox 124 2341 1636 2391; baseline 0.007 -18"><span class='ocrx_word' id='word_1_278' title='bbox 124 2341 253 2383; x_wconf 72' lang='lat' dir='ltr'><em>positis</em></span> <span class='ocrx_word' id='word_1_279' title='bbox 287 2342 499 2385; x_wconf 74' lang='lat' dir='ltr'><em>insiynitam</em></span> <span class='ocrx_word' id='word_1_280' title='bbox 535 2343 714 2379; x_wconf 81' lang='lat' dir='ltr'><em>adnotavi.</em></span> <span class='ocrx_word' id='word_1_281' title='bbox 813 2345 849 2387; x_wconf 87' lang='lat'><em>3)</em></span> <span class='ocrx_word' id='word_1_282' title='bbox 874 2344 933 2386; x_wconf 82' lang='lat' dir='ltr'><em>Cf.</em></span> <span class='ocrx_word' id='word_1_283' title='bbox 963 2345 1130 2378; x_wconf 79' lang='lat' dir='ltr'><em>‘Archiv’</em></span> <span class='ocrx_word' id='word_1_284' title='bbox 1163 2346 1274 2390; x_wconf 85' lang='lat' dir='ltr'><em>VIII,</em></span> <span class='ocrx_word' id='word_1_285' title='bbox 1304 2359 1340 2391; x_wconf 82' lang='lat' dir='ltr'><em>p.</em></span> <span class='ocrx_word' id='word_1_286' title='bbox 1360 2348 1441 2383; x_wconf 83' lang='lat'>600.</span> <span class='ocrx_word' id='word_1_287' title='bbox 1494 2346 1547 2380; x_wconf 79' lang='lat' dir='ltr'><em>De</em></span> <span class='ocrx_word' id='word_1_288' title='bbox 1572 2347 1636 2380; x_wconf 77' lang='lat' dir='ltr'><em>hoc</em></span> 
     </span>
     <span class='ocr_line' id='line_1_35' title="bbox 127 2386 1635 2437; baseline 0.005 -17"><span class='ocrx_word' id='word_1_289' title='bbox 127 2386 329 2431; x_wconf 74' lang='lat' dir='ltr'><em>leyendario</em></span> <span class='ocrx_word' id='word_1_290' title='bbox 363 2389 440 2422; x_wconf 84' lang='lat' dir='ltr'><em>vide</em></span> <span class='ocrx_word' id='word_1_291' title='bbox 475 2389 534 2425; x_wconf 61' lang='grc' dir='ltr'><em>(Ν.</em></span> <span class='ocrx_word' id='word_1_292' title='bbox 561 2390 709 2424; x_wconf 82' lang='lat' dir='ltr'><em>Archiv&#39;</em></span> <span class='ocrx_word' id='word_1_293' title='bbox 735 2390 896 2435; x_wconf 86' lang='lat' dir='ltr'><em>XVIII,</em></span> <span class='ocrx_word' id='word_1_294' title='bbox 930 2404 966 2436; x_wconf 81' lang='lat' dir='ltr'><em>p.</em></span> <span class='ocrx_word' id='word_1_295' title='bbox 996 2394 1067 2429; x_wconf 81' lang='lat'><em>618</em></span> <span class='ocrx_word' id='word_1_296' title='bbox 1092 2404 1164 2437; x_wconf 81' lang='lat' dir='ltr'><em>sqq.</em></span> <span class='ocrx_word' id='word_1_297' title='bbox 1217 2394 1261 2427; x_wconf 80' lang='lat' dir='ltr'><em>In</em></span> <span class='ocrx_word' id='word_1_298' title='bbox 1296 2394 1359 2428; x_wconf 86' lang='lat' dir='ltr'><em>hoc</em></span> <span class='ocrx_word' id='word_1_299' title='bbox 1392 2394 1503 2428; x_wconf 72' lang='lat' dir='ltr'><em>codice</em></span> <span class='ocrx_word' id='word_1_300' title='bbox 1536 2395 1635 2427; x_wconf 86' lang='lat' dir='ltr'><em>Vitae</em></span> 
     </span>
    </p>

    <p class='ocr_par' dir='ltr' id='par_1_9' title="bbox 80 2433 1636 2676">
     <span class='ocr_line' id='line_1_36' title="bbox 80 2433 1636 2485; baseline 0.005 -18"><span class='ocrx_word' id='word_1_301' title='bbox 80 2433 230 2468; x_wconf 46' lang='lat' dir='ltr'><em>salluui</em></span> <span class='ocrx_word' id='word_1_302' title='bbox 258 2437 378 2478; x_wconf 83' lang='lat' dir='ltr'><em>capita</em></span> <span class='ocrx_word' id='word_1_303' title='bbox 411 2447 482 2470; x_wconf 80' lang='lat' dir='ltr'><em>non</em></span> <span class='ocrx_word' id='word_1_304' title='bbox 513 2438 630 2471; x_wconf 74' lang='lat' dir='ltr'><em>divisa</em></span> <span class='ocrx_word' id='word_1_305' title='bbox 664 2443 765 2479; x_wconf 82' lang='lat' dir='ltr'><em>sunt,</em></span> <span class='ocrx_word' id='word_1_306' title='bbox 799 2439 928 2483; x_wconf 79' lang='lat' dir='ltr'><em>ubique</em></span> <span class='ocrx_word' id='word_1_307' title='bbox 961 2441 1036 2473; x_wconf 84' lang='lat' dir='ltr'><em>iam</em></span> <span class='ocrx_word' id='word_1_308' title='bbox 1062 2451 1081 2474; x_wconf 83' lang='lat' dir='ltr'><em>e</em></span> <span class='ocrx_word' id='word_1_309' title='bbox 1113 2442 1267 2485; x_wconf 68' lang='lat' dir='ltr'><em>simplem</em></span> <span class='ocrx_word' id='word_1_310' title='bbox 1295 2452 1368 2485; x_wconf 79' lang='lat' dir='ltr'><em>pro</em></span> <span class='ocrx_word' id='word_1_311' title='bbox 1394 2452 1435 2475; x_wconf 83' lang='lat' dir='ltr'><em>ae</em></span> <span class='ocrx_word' id='word_1_312' title='bbox 1460 2443 1636 2485; x_wconf 82' lang='lat' dir='ltr'><em>scriptum</em></span> 
     </span>
     <span class='ocr_line' id='line_1_37' title="bbox 125 2482 1636 2533; baseline 0.005 -17"><span class='ocrx_word' id='word_1_313' title='bbox 125 2485 185 2517; x_wconf 73' lang='lat' dir='ltr'><em>est.</em></span> <span class='ocrx_word' id='word_1_314' title='bbox 235 2482 356 2517; x_wconf 77' lang='lat' dir='ltr'><em>Multa</em></span> <span class='ocrx_word' id='word_1_315' title='bbox 390 2484 524 2518; x_wconf 81' lang='lat' dir='ltr'><em>leviora</em></span> <span class='ocrx_word' id='word_1_316' title='bbox 556 2486 684 2519; x_wconf 82' lang='lat' dir='ltr'><em>menda</em></span> <span class='ocrx_word' id='word_1_317' title='bbox 716 2487 854 2520; x_wconf 78' lang='lat' dir='ltr'><em>scribae</em></span> <span class='ocrx_word' id='word_1_318' title='bbox 887 2487 999 2522; x_wconf 81' lang='lat' dir='ltr'><em>huius</em></span> <span class='ocrx_word' id='word_1_319' title='bbox 1032 2489 1154 2522; x_wconf 78' lang='lat' dir='ltr'><em>minus</em></span> <span class='ocrx_word' id='word_1_320' title='bbox 1186 2489 1340 2531; x_wconf 82' lang='lat' dir='ltr'><em>eruditi,</em></span> <span class='ocrx_word' id='word_1_321' title='bbox 1374 2499 1464 2533; x_wconf 82' lang='lat' dir='ltr'><em>quae</em></span> <span class='ocrx_word' id='word_1_322' title='bbox 1497 2490 1636 2523; x_wconf 78' lang='lat' dir='ltr'><em>nullius</em></span> 
     </span>
     <span class='ocr_line' id='line_1_38' title="bbox 126 2531 1632 2580; baseline 0.007 -18"><span class='ocrx_word' id='word_1_323' title='bbox 126 2531 294 2564; x_wconf 79' lang='lat' dir='ltr'><em>momenti</em></span> <span class='ocrx_word' id='word_1_324' title='bbox 332 2535 432 2574; x_wconf 74' lang='lat' dir='ltr'><em>sunt,</em></span> <span class='ocrx_word' id='word_1_325' title='bbox 476 2533 515 2565; x_wconf 85' lang='lat' dir='ltr'><em>in</em></span> <span class='ocrx_word' id='word_1_326' title='bbox 553 2543 593 2565; x_wconf 89' lang='lat' dir='ltr'><em>ea</em></span> <span class='ocrx_word' id='word_1_327' title='bbox 631 2538 755 2576; x_wconf 78' lang='lat' dir='ltr'><em>parte,</em></span> <span class='ocrx_word' id='word_1_328' title='bbox 795 2545 903 2578; x_wconf 80' lang='lat' dir='ltr'><em>quam</em></span> <span class='ocrx_word' id='word_1_329' title='bbox 940 2535 1046 2568; x_wconf 74' lang='lat' dir='ltr'><em>codex</em></span> <span class='ocrx_word' id='word_1_330' title='bbox 1086 2538 1104 2571; x_wconf 87' lang='lat'>1</span> <span class='ocrx_word' id='word_1_331' title='bbox 1139 2536 1302 2580; x_wconf 79' lang='lat' dir='ltr'><em>praebet,</em></span> <span class='ocrx_word' id='word_1_332' title='bbox 1344 2547 1413 2570; x_wconf 85' lang='lat' dir='ltr'><em>non</em></span> <span class='ocrx_word' id='word_1_333' title='bbox 1451 2538 1632 2573; x_wconf 77' lang='lat' dir='ltr'><em>adnotavi.</em></span> 
     </span>
     <span class='ocr_line' id='line_1_39' title="bbox 126 2577 1633 2627; baseline 0.005 -15"><span class='ocrx_word' id='word_1_334' title='bbox 126 2577 163 2620; x_wconf 77' lang='lat'><em>4)</em></span> <span class='ocrx_word' id='word_1_335' title='bbox 187 2577 247 2619; x_wconf 79' lang='lat' dir='ltr'><em>Cf.</em></span> <span class='ocrx_word' id='word_1_336' title='bbox 273 2577 336 2613; x_wconf 85' lang='lat' dir='ltr'><em>SS.</em></span> <span class='ocrx_word' id='word_1_337' title='bbox 355 2578 410 2618; x_wconf 88' lang='lat' dir='ltr'><em>II,</em></span> <span class='ocrx_word' id='word_1_338' title='bbox 430 2590 469 2622; x_wconf 78' lang='lat' dir='ltr'><em>p.</em></span> <span class='ocrx_word' id='word_1_339' title='bbox 488 2581 579 2615; x_wconf 86' lang='lat'>365:</span> <span class='ocrx_word' id='word_1_340' title='bbox 597 2579 684 2624; x_wconf 85' lang='lat' dir='ltr'><em>XV,</em></span> <span class='ocrx_word' id='word_1_341' title='bbox 706 2583 738 2623; x_wconf 88' lang='lat'><em>1,</em></span> <span class='ocrx_word' id='word_1_342' title='bbox 762 2593 799 2625; x_wconf 83' lang='lat' dir='ltr'><em>p.</em></span> <span class='ocrx_word' id='word_1_343' title='bbox 818 2583 876 2617; x_wconf 85' lang='lat'><em>37.</em></span> <span class='ocrx_word' id='word_1_344' title='bbox 895 2583 952 2616; x_wconf 84' lang='lat'><em>44.</em></span> <span class='ocrx_word' id='word_1_345' title='bbox 972 2584 1028 2618; x_wconf 82' lang='lat'><em>65.</em></span> <span class='ocrx_word' id='word_1_346' title='bbox 1050 2585 1128 2619; x_wconf 83' lang='lat'>120.</span> <span class='ocrx_word' id='word_1_347' title='bbox 1204 2584 1240 2625; x_wconf 84' lang='lat'><em>5)</em></span> <span class='ocrx_word' id='word_1_348' title='bbox 1266 2583 1396 2627; x_wconf 79' lang='lat' dir='ltr'><em>Capita</em></span> <span class='ocrx_word' id='word_1_349' title='bbox 1421 2595 1491 2618; x_wconf 82' lang='lat' dir='ltr'><em>non</em></span> <span class='ocrx_word' id='word_1_350' title='bbox 1516 2585 1633 2619; x_wconf 74' lang='lat' dir='ltr'><em>divisa</em></span> 
     </span>
     <span class='ocr_line' id='line_1_40' title="bbox 126 2625 1634 2676; baseline 0.006 -19"><span class='ocrx_word' id='word_1_351' title='bbox 126 2628 209 2657; x_wconf 76' lang='lat' dir='ltr'><em>sunt</em></span> <span class='ocrx_word' id='word_1_352' title='bbox 235 2626 274 2658; x_wconf 81' lang='lat' dir='ltr'><em>in</em></span> <span class='ocrx_word' id='word_1_353' title='bbox 290 2625 354 2659; x_wconf 79' lang='lat' dir='ltr'><em>hoc</em></span> <span class='ocrx_word' id='word_1_354' title='bbox 370 2627 492 2662; x_wconf 79' lang='lat' dir='ltr'><em>codice.</em></span> <span class='ocrx_word' id='word_1_355' title='bbox 538 2627 680 2671; x_wconf 78' lang='lat' dir='ltr'><em>Ubique,</em></span> <span class='ocrx_word' id='word_1_356' title='bbox 709 2630 860 2672; x_wconf 74' lang='lat' dir='ltr'><em>exceptis</em></span> <span class='ocrx_word' id='word_1_357' title='bbox 876 2630 1014 2664; x_wconf 81' lang='lat' dir='ltr'><em>duobus</em></span> <span class='ocrx_word' id='word_1_358' title='bbox 1031 2630 1128 2673; x_wconf 80' lang='lat' dir='ltr'><em>locis,</em></span> <span class='ocrx_word' id='word_1_359' title='bbox 1154 2632 1228 2664; x_wconf 84' lang='lat' dir='ltr'><em>iam</em></span> <span class='ocrx_word' id='word_1_360' title='bbox 1255 2642 1274 2665; x_wconf 85' lang='lat' dir='ltr'><em>e</em></span> <span class='ocrx_word' id='word_1_361' title='bbox 1295 2642 1366 2674; x_wconf 74' lang='lat' dir='ltr'><em>pro</em></span> <span class='ocrx_word' id='word_1_362' title='bbox 1392 2643 1434 2666; x_wconf 82' lang='lat' dir='ltr'><em>ae</em></span> <span class='ocrx_word' id='word_1_363' title='bbox 1459 2634 1634 2676; x_wconf 82' lang='lat' dir='ltr'><em>scriptum</em></span> 
     </span>
    </p>

    <p class='ocr_par' dir='ltr' id='par_1_10' title="bbox 78 2674 1633 2810">
     <span class='ocr_line' id='line_1_41' title="bbox 78 2674 1632 2723; baseline 0.007 -20"><span class='ocrx_word' id='word_1_364' title='bbox 78 2678 115 2703; x_wconf 73' lang='lat'><em>40</em></span> <span class='ocrx_word' id='word_1_365' title='bbox 126 2674 187 2711; x_wconf 75' lang='lat' dir='ltr'><em>est,</em></span> <span class='ocrx_word' id='word_1_366' title='bbox 217 2682 475 2717; x_wconf 76' lang='lat' dir='ltr'><em>nonnunquam</em></span> <span class='ocrx_word' id='word_1_367' title='bbox 501 2684 517 2708; x_wconf 82' lang='lat' dir='ltr'><em>s</em></span> <span class='ocrx_word' id='word_1_368' title='bbox 541 2684 611 2719; x_wconf 82' lang='lat' dir='ltr'><em>pro</em></span> <span class='ocrx_word' id='word_1_369' title='bbox 635 2685 670 2708; x_wconf 79' lang='lat' dir='ltr'><em>ss</em></span> <span class='ocrx_word' id='word_1_370' title='bbox 696 2680 727 2709; x_wconf 84' lang='lat' dir='ltr'><em>et</em></span> <span class='ocrx_word' id='word_1_371' title='bbox 751 2677 821 2709; x_wconf 78' lang='lat' dir='ltr'><em>vice</em></span> <span class='ocrx_word' id='word_1_372' title='bbox 845 2687 947 2710; x_wconf 74' lang='lat' dir='ltr'><em>versa</em></span> <span class='ocrx_word' id='word_1_373' title='bbox 973 2687 1006 2711; x_wconf 85' lang='lat' dir='ltr'><em>ss</em></span> <span class='ocrx_word' id='word_1_374' title='bbox 1027 2688 1100 2721; x_wconf 84' lang='lat' dir='ltr'><em>pro</em></span> <span class='ocrx_word' id='word_1_375' title='bbox 1126 2689 1153 2720; x_wconf 86' lang='lat' dir='ltr'><em>s,</em></span> <span class='ocrx_word' id='word_1_376' title='bbox 1180 2683 1218 2712; x_wconf 87' lang='lat' dir='ltr'><em>ut</em></span> <span class='ocrx_word' id='word_1_377' title='bbox 1243 2677 1433 2723; x_wconf 82' lang='lat' dir='ltr'><em>iusionem,</em></span> <span class='ocrx_word' id='word_1_378' title='bbox 1466 2690 1632 2723; x_wconf 76' lang='lat' dir='ltr'><em>proeesu,</em></span> 
     </span>
     <span class='ocr_line' id='line_1_42' title="bbox 128 2717 1633 2773; baseline 0.006 -21"><span class='ocrx_word' id='word_1_379' title='bbox 128 2717 351 2763; x_wconf 64' lang='lat' dir='ltr'><em>subposuitis,</em></span> <span class='ocrx_word' id='word_1_380' title='bbox 377 2732 468 2765; x_wconf 79' lang='lat' dir='ltr'><em>quae</em></span> <span class='ocrx_word' id='word_1_381' title='bbox 493 2723 598 2755; x_wconf 83' lang='lat' dir='ltr'><em>etiam</em></span> <span class='ocrx_word' id='word_1_382' title='bbox 624 2723 664 2756; x_wconf 82' lang='lat' dir='ltr'><em>in</em></span> <span class='ocrx_word' id='word_1_383' title='bbox 690 2724 778 2757; x_wconf 80' lang='lat' dir='ltr'><em>aliis</em></span> <span class='ocrx_word' id='word_1_384' title='bbox 802 2723 912 2757; x_wconf 78' lang='lat' dir='ltr'><em>huius</em></span> <span class='ocrx_word' id='word_1_385' title='bbox 936 2725 1066 2759; x_wconf 83' lang='lat' dir='ltr'><em>codicis</em></span> <span class='ocrx_word' id='word_1_386' title='bbox 1092 2726 1182 2759; x_wconf 76' lang='lat' dir='ltr'><em>Vitis</em></span> <span class='ocrx_word' id='word_1_387' title='bbox 1206 2731 1408 2764; x_wconf 81' lang='lat' dir='ltr'><em>occurrunt.</em></span> <span class='ocrx_word' id='word_1_388' title='bbox 1507 2729 1543 2773; x_wconf 81' lang='lat'><em>6)</em></span> <span class='ocrx_word' id='word_1_389' title='bbox 1570 2727 1633 2761; x_wconf 79' lang='lat' dir='ltr'><em>In-</em></span> 
     </span>
     <span class='ocr_line' id='line_1_43' title="bbox 127 2765 572 2810; baseline 0.013 -11"><span class='ocrx_word' id='word_1_390' title='bbox 127 2765 191 2806; x_wconf 80' lang='lat' dir='ltr'><em>fra</em></span> <span class='ocrx_word' id='word_1_391' title='bbox 212 2777 251 2810; x_wconf 84' lang='lat' dir='ltr'><em>p.</em></span> <span class='ocrx_word' id='word_1_392' title='bbox 268 2769 351 2809; x_wconf 82' lang='lat'><em>347,</em></span> <span class='ocrx_word' id='word_1_393' title='bbox 378 2769 400 2804; x_wconf 87' lang='lat' dir='ltr'><em>l.</em></span> <span class='ocrx_word' id='word_1_394' title='bbox 421 2769 572 2805; x_wconf 84' lang='lat'>19—21.</span> 
     </span>
    </p>
   </div>
  </div>
 </body>
</html>
