<?xml version="1.0" encoding="UTF-8"?>
<!DOCTYPE html PUBLIC "-//W3C//DTD XHTML 1.0 Transitional//EN"
    "http://www.w3.org/TR/xhtml1/DTD/xhtml1-transitional.dtd">
<html xmlns="http://www.w3.org/1999/xhtml" xml:lang="en" lang="en">
 <head>
  <title>
</title>
<meta http-equiv="Content-Type" content="text/html;charset=utf-8" />
  <meta name='ocr-system' content='tesseract 3.04.00' />
  <meta name='ocr-capabilities' content='ocr_page ocr_carea ocr_par ocr_line ocrx_word'/>
</head>
<body>
  <div class='ocr_page' id='page_1' title='image "./lampertimonachih00lambuoft/lampertimonachih00lambuoft_0371.png"; bbox 0 0 2014 3184; ppageno 0'>
   <div class='ocr_carea' id='block_1_1' title="bbox 514 193 1669 238">
    <p class='ocr_par' dir='ltr' id='par_1_1' title="bbox 514 193 1669 238">
     <span class='ocr_line' id='line_1_1' title="bbox 514 193 1669 238; baseline 0.009 -10"><span class='ocrx_word' id='word_1_1' title='bbox 514 193 785 234; x_wconf 64' lang='lat' dir='ltr'>LAMPERTI</span> <span class='ocrx_word' id='word_1_2' title='bbox 809 195 1065 233; x_wconf 83' lang='lat' dir='ltr'>ANNALES.</span> <span class='ocrx_word' id='word_1_3' title='bbox 1114 197 1163 234; x_wconf 86' lang='lat' dir='ltr'>A.</span> <span class='ocrx_word' id='word_1_4' title='bbox 1191 200 1294 236; x_wconf 83' lang='lat'>1077.</span> <span class='ocrx_word' id='word_1_5' title='bbox 1597 202 1669 238; x_wconf 84' lang='lat'>295</span> 
     </span>
    </p>
   </div>
   <div class='ocr_carea' id='block_1_2' title="bbox 23 315 1852 2099">
    <p class='ocr_par' dir='ltr' id='par_1_2' title="bbox 158 315 1852 494">
     <span class='ocr_line' id='line_1_2' title="bbox 158 315 1829 386; baseline 0.004 -27"><span class='ocrx_word' id='word_1_6' title='bbox 158 315 478 359; x_wconf 85' lang='lat' dir='ltr'>conventionis</span> <span class='ocrx_word' id='word_1_7' title='bbox 511 316 609 359; x_wconf 87' lang='lat' dir='ltr'>eius</span> <span class='ocrx_word' id='word_1_8' title='bbox 647 318 896 373; x_wconf 81' lang='lat' dir='ltr'>principes,</span> <span class='ocrx_word' id='word_1_9' title='bbox 941 319 1098 361; x_wconf 86' lang='lat' dir='ltr'>allatis</span> <span class='ocrx_word' id='word_1_10' title='bbox 1140 323 1404 363; x_wconf 88' lang='lat' dir='ltr'>sanctorum</span> <span class='ocrx_word' id='word_1_11' title='bbox 1446 322 1666 377; x_wconf 86' lang='lat' dir='ltr'>reliquiis,</span> <span class='ocrx_word' id='word_1_12' title='bbox 1685 323 1788 357; x_wconf 80' lang='lat'><strong>1077·</strong></span> <span class='ocrx_word' id='word_1_13' title='bbox 1815 369 1829 386; x_wconf 55' lang='lat'><em>2</em></span> 
     </span>
     <span class='ocr_line' id='line_1_3' title="bbox 159 370 1852 436; baseline 0.005 -19"><span class='ocrx_word' id='word_1_14' title='bbox 159 375 244 418; x_wconf 83' lang='lat' dir='ltr'>sub</span> <span class='ocrx_word' id='word_1_15' title='bbox 276 375 574 418; x_wconf 90' lang='lat' dir='ltr'>iureiurando</span> <span class='ocrx_word' id='word_1_16' title='bbox 602 377 992 420; x_wconf 85' lang='lat' dir='ltr'>confirmaverunt</span> <span class='ocrx_word' id='word_1_17' title='bbox 1013 379 1250 421; x_wconf 87' lang='lat' dir='ltr'>facturum</span> <span class='ocrx_word' id='word_1_18' title='bbox 1283 395 1388 423; x_wconf 89' lang='lat' dir='ltr'>eum</span> <span class='ocrx_word' id='word_1_19' title='bbox 1421 395 1518 424; x_wconf 90' lang='lat' dir='ltr'>esse</span> <span class='ocrx_word' id='word_1_20' title='bbox 1551 396 1668 436; x_wconf 88' lang='lat' dir='ltr'>quae</span> <span class='ocrx_word' id='word_1_21' title='bbox 1682 370 1852 401; x_wconf 68' lang='lat' dir='ltr'>(I“&#39;¹&#39;²⁸&#39;)&#39;</span> 
     </span>
     <span class='ocr_line' id='line_1_4' title="bbox 159 434 1668 494; baseline 0.003 -16"><span class='ocrx_word' id='word_1_22' title='bbox 159 434 470 491; x_wconf 72' lang='lat' dir='ltr'><strong>pollicebatur</strong></span> <span class='ocrx_word' id='word_1_23' title='bbox 520 449 606 478; x_wconf 90' lang='lat' dir='ltr'>nec</span> <span class='ocrx_word' id='word_1_24' title='bbox 654 437 811 491; x_wconf 85' lang='lat' dir='ltr'>aliqua</span> <span class='ocrx_word' id='word_1_25' title='bbox 856 451 1010 479; x_wconf 89' lang='lat' dir='ltr'>rerum</span> <span class='ocrx_word' id='word_1_26' title='bbox 1058 439 1310 494; x_wconf 73' lang='lat' dir='ltr'>asperitate</span> <span class='ocrx_word' id='word_1_27' title='bbox 1356 441 1430 483; x_wconf 88' lang='lat' dir='ltr'>vel</span> <span class='ocrx_word' id='word_1_28' title='bbox 1479 455 1668 483; x_wconf 84' lang='lat' dir='ltr'>casuum</span> 
     </span>
    </p>

    <p class='ocr_par' dir='ltr' id='par_1_3' title="bbox 126 494 1670 598">
     <span class='ocr_line' id='line_1_5' title="bbox 158 494 1670 543; baseline 0.005 -7"><span class='ocrx_word' id='word_1_29' title='bbox 158 494 284 537; x_wconf 83' lang='lat' dir='ltr'>varie</span> <span class='ocrx_word' id='word_1_30' title='bbox 336 495 685 538; x_wconf 72' lang='lat' dir='ltr'>succedentium</span> <span class='ocrx_word' id='word_1_31' title='bbox 738 497 1056 540; x_wconf 70' lang='lat' dir='ltr'>mutabilitate</span> <span class='ocrx_word' id='word_1_32' title='bbox 1109 499 1166 540; x_wconf 91' lang='lat' dir='ltr'>ab</span> <span class='ocrx_word' id='word_1_33' title='bbox 1219 500 1479 542; x_wconf 69' lang='lat' dir='ltr'>sententiaa</span> <span class='ocrx_word' id='word_1_34' title='bbox 1533 501 1670 543; x_wconf 91' lang='lat' dir='ltr'>dedu-</span> 
     </span>
     <span class='ocr_line' id='line_1_6' title="bbox 126 553 401 598; baseline -0.011 0"><span class='ocrx_word' id='word_1_35' title='bbox 126 554 358 598; x_wconf 60' lang='lat' dir='ltr'>scendum</span> <span class='ocrx_word' id='word_1_36' title='bbox 373 553 401 595; x_wconf 83' lang='lat'>1.</span> 
     </span>
    </p>

    <p class='ocr_par' dir='ltr' id='par_1_4' title="bbox 159 613 1670 852">
     <span class='ocr_line' id='line_1_7' title="bbox 302 613 1670 673; baseline 0.004 -18"><span class='ocrx_word' id='word_1_37' title='bbox 302 613 381 655; x_wconf 86' lang='lat' dir='ltr'>Ita</span> <span class='ocrx_word' id='word_1_38' title='bbox 412 613 627 656; x_wconf 88' lang='lat' dir='ltr'>absoluto</span> <span class='ocrx_word' id='word_1_39' title='bbox 660 629 714 657; x_wconf 94' lang='lat' dir='ltr'>eo</span> <span class='ocrx_word' id='word_1_40' title='bbox 747 616 1237 668; x_wconf 80' lang='lat' dir='ltr'>excommunicatione,</span> <span class='ocrx_word' id='word_1_41' title='bbox 1275 632 1396 673; x_wconf 87' lang='lat' dir='ltr'>papa</span> <span class='ocrx_word' id='word_1_42' title='bbox 1428 619 1670 660; x_wconf 88' lang='lat' dir='ltr'>missarum</span> 
     </span>
     <span class='ocr_line' id='line_1_8' title="bbox 159 672 1670 733; baseline 0.005 -19"><span class='ocrx_word' id='word_1_43' title='bbox 159 672 383 715; x_wconf 87' lang='lat' dir='ltr'>solemnia</span> <span class='ocrx_word' id='word_1_44' title='bbox 415 673 680 723; x_wconf 83' lang='lat' dir='ltr'>celebravit,</span> <span class='ocrx_word' id='word_1_45' title='bbox 725 675 1030 730; x_wconf 88' lang='lat' dir='ltr'>confectaque</span> <span class='ocrx_word' id='word_1_46' title='bbox 1063 690 1193 718; x_wconf 89' lang='lat' dir='ltr'>sacra</span> <span class='ocrx_word' id='word_1_47' title='bbox 1225 677 1474 729; x_wconf 86' lang='lat' dir='ltr'>oblatione,</span> <span class='ocrx_word' id='word_1_48' title='bbox 1514 693 1670 733; x_wconf 84' lang='lat' dir='ltr'>regem</span> 
     </span>
     <span class='ocr_line' id='line_1_9' title="bbox 160 734 1670 788; baseline 0.005 -15"><span class='ocrx_word' id='word_1_49' title='bbox 160 745 265 774; x_wconf 89' lang='lat' dir='ltr'>cum</span> <span class='ocrx_word' id='word_1_50' title='bbox 287 734 484 783; x_wconf 88' lang='lat' dir='ltr'>caetera,</span> <span class='ocrx_word' id='word_1_51' title='bbox 518 747 636 788; x_wconf 88' lang='lat' dir='ltr'>quae</span> <span class='ocrx_word' id='word_1_52' title='bbox 657 734 876 788; x_wconf 77' lang='lat' dir='ltr'>frequens</span> <span class='ocrx_word' id='word_1_53' title='bbox 899 736 1073 786; x_wconf 87' lang='lat' dir='ltr'>aderat,</span> <span class='ocrx_word' id='word_1_54' title='bbox 1107 736 1412 779; x_wconf 87' lang='lat' dir='ltr'>multitudine</span> <span class='ocrx_word' id='word_1_55' title='bbox 1442 738 1500 779; x_wconf 88' lang='lat' dir='ltr'>ad</span> <span class='ocrx_word' id='word_1_56' title='bbox 1523 738 1670 781; x_wconf 86' lang='lat' dir='ltr'>altare</span> 
     </span>
     <span class='ocr_line' id='line_1_10' title="bbox 160 792 1668 852; baseline 0.003 -18"><span class='ocrx_word' id='word_1_57' title='bbox 160 792 381 842; x_wconf 86' lang='lat' dir='ltr'>evocavit,</span> <span class='ocrx_word' id='word_1_58' title='bbox 415 793 743 848; x_wconf 86' lang='lat' dir='ltr'>preferensque</span> <span class='ocrx_word' id='word_1_59' title='bbox 775 809 917 835; x_wconf 89' lang='lat' dir='ltr'>manu</span> <span class='ocrx_word' id='word_1_60' title='bbox 950 808 1114 850; x_wconf 88' lang='lat' dir='ltr'>corpus</span> <span class='ocrx_word' id='word_1_61' title='bbox 1148 796 1482 838; x_wconf 77' lang='lat' dir='ltr'>dominicum2:</span> <span class='ocrx_word' id='word_1_62' title='bbox 1529 797 1668 852; x_wconf 83' lang='lat' dir='ltr'>‘Eg0’,</span> 
     </span>
    </p>

    <p class='ocr_par' dir='ltr' id='par_1_5' title="bbox 112 847 1672 1146">
     <span class='ocr_line' id='line_1_11' title="bbox 112 847 1670 908; baseline 0.005 -18"><span class='ocrx_word' id='word_1_63' title='bbox 112 864 147 890; x_wconf 89' lang='lat'>10</span> <span class='ocrx_word' id='word_1_64' title='bbox 159 851 325 905; x_wconf 87' lang='lat' dir='ltr'>inquit,</span> <span class='ocrx_word' id='word_1_65' title='bbox 362 847 494 892; x_wconf 75' lang='lat' dir='ltr'>‘iamb</span> <span class='ocrx_word' id='word_1_66' title='bbox 522 853 700 907; x_wconf 87' lang='lat' dir='ltr'>pridem</span> <span class='ocrx_word' id='word_1_67' title='bbox 735 867 762 894; x_wconf 86' lang='lat' dir='ltr'>a</span> <span class='ocrx_word' id='word_1_68' title='bbox 793 855 840 895; x_wconf 90' lang='lat' dir='ltr'>te</span> <span class='ocrx_word' id='word_1_69' title='bbox 872 854 1057 908; x_wconf 89' lang='lat' dir='ltr'>tuisque</span> <span class='ocrx_word' id='word_1_70' title='bbox 1090 855 1354 897; x_wconf 84' lang='lat' dir='ltr'>fautoribus</span> <span class='ocrx_word' id='word_1_71' title='bbox 1386 856 1569 898; x_wconf 85' lang='lat' dir='ltr'>litteras</span> <span class='ocrx_word' id='word_1_72' title='bbox 1602 872 1670 899; x_wconf 90' lang='lat' dir='ltr'>ac-</span> 
     </span>
     <span class='ocr_line' id='line_1_12' title="bbox 161 910 1672 971; baseline 0.005 -20"><span class='ocrx_word' id='word_1_73' title='bbox 161 910 280 964; x_wconf 88' lang='lat' dir='ltr'>cepi,</span> <span class='ocrx_word' id='word_1_74' title='bbox 330 911 498 965; x_wconf 89' lang='lat' dir='ltr'>quibus</span> <span class='ocrx_word' id='word_1_75' title='bbox 550 925 623 954; x_wconf 93' lang='lat' dir='ltr'>me</span> <span class='ocrx_word' id='word_1_76' title='bbox 675 913 977 954; x_wconf 79' lang='lat' dir='ltr'>insimulabas</span> <span class='ocrx_word' id='word_1_77' title='bbox 1030 915 1185 956; x_wconf 88' lang='lat' dir='ltr'>sedem</span> <span class='ocrx_word' id='word_1_78' title='bbox 1239 915 1542 970; x_wconf 85' lang='lat' dir='ltr'>apostolicam</span> <span class='ocrx_word' id='word_1_79' title='bbox 1590 931 1672 971; x_wconf 91' lang='lat' dir='ltr'>per</span> 
     </span>
     <span class='ocr_line' id='line_1_13' title="bbox 160 969 1670 1028; baseline 0.005 -18"><span class='ocrx_word' id='word_1_80' title='bbox 160 969 485 1011; x_wconf 78' lang='lat' dir='ltr'>simoniacamc</span> <span class='ocrx_word' id='word_1_81' title='bbox 524 971 723 1013; x_wconf 88' lang='lat' dir='ltr'>heresim</span> <span class='ocrx_word' id='word_1_82' title='bbox 755 986 1004 1027; x_wconf 88' lang='lat' dir='ltr'>occupasse</span> <span class='ocrx_word' id='word_1_83' title='bbox 1042 975 1090 1015; x_wconf 92' lang='lat' dir='ltr'>et</span> <span class='ocrx_word' id='word_1_84' title='bbox 1128 974 1231 1015; x_wconf 88' lang='lat' dir='ltr'>aliis</span> <span class='ocrx_word' id='word_1_85' title='bbox 1265 975 1542 1028; x_wconf 87' lang='lat' dir='ltr'>quibusdam</span> <span class='ocrx_word' id='word_1_86' title='bbox 1573 978 1670 1017; x_wconf 89' lang='lat' dir='ltr'>tam</span> 
     </span>
     <span class='ocr_line' id='line_1_14' title="bbox 160 1029 1671 1089; baseline 0.004 -19"><span class='ocrx_word' id='word_1_87' title='bbox 160 1030 270 1071; x_wconf 90' lang='lat' dir='ltr'>ante</span> <span class='ocrx_word' id='word_1_88' title='bbox 303 1029 622 1084; x_wconf 90' lang='lat' dir='ltr'>episcopatum</span> <span class='ocrx_word' id='word_1_89' title='bbox 654 1045 792 1085; x_wconf 90' lang='lat' dir='ltr'>quam</span> <span class='ocrx_word' id='word_1_90' title='bbox 824 1034 930 1086; x_wconf 90' lang='lat' dir='ltr'>post</span> <span class='ocrx_word' id='word_1_91' title='bbox 962 1035 1206 1087; x_wconf 88' lang='lat' dir='ltr'>acceptum</span> <span class='ocrx_word' id='word_1_92' title='bbox 1239 1034 1557 1089; x_wconf 90' lang='lat' dir='ltr'>episcopatum</span> <span class='ocrx_word' id='word_1_93' title='bbox 1591 1036 1671 1077; x_wconf 89' lang='lat' dir='ltr'>cri-</span> 
     </span>
     <span class='ocr_line' id='line_1_15' title="bbox 159 1088 1671 1146; baseline 0.005 -17"><span class='ocrx_word' id='word_1_94' title='bbox 159 1088 363 1130; x_wconf 88' lang='lat' dir='ltr'>minibus</span> <span class='ocrx_word' id='word_1_95' title='bbox 410 1089 556 1131; x_wconf 83' lang='lat' dir='ltr'>vitam</span> <span class='ocrx_word' id='word_1_96' title='bbox 602 1091 877 1142; x_wconf 88' lang='lat' dir='ltr'>maculasse,</span> <span class='ocrx_word' id='word_1_97' title='bbox 925 1105 1042 1146; x_wconf 90' lang='lat' dir='ltr'>quae</span> <span class='ocrx_word' id='word_1_98' title='bbox 1089 1093 1205 1137; x_wconf 90' lang='lat' dir='ltr'>mihi</span> <span class='ocrx_word' id='word_1_99' title='bbox 1252 1095 1506 1135; x_wconf 89' lang='lat' dir='ltr'>secundum</span> <span class='ocrx_word' id='word_1_100' title='bbox 1555 1095 1671 1136; x_wconf 84' lang='lat' dir='ltr'>scita</span> 
     </span>
    </p>

    <p class='ocr_par' dir='ltr' id='par_1_6' title="bbox 111 1150 1673 1446">
     <span class='ocr_line' id='line_1_16' title="bbox 111 1150 1670 1196; baseline 0.006 -9"><span class='ocrx_word' id='word_1_101' title='bbox 111 1160 147 1186; x_wconf 84' lang='lat'>15</span> <span class='ocrx_word' id='word_1_102' title='bbox 160 1160 391 1189; x_wconf 89' lang='lat' dir='ltr'>canonum</span> <span class='ocrx_word' id='word_1_103' title='bbox 423 1162 606 1191; x_wconf 88' lang='lat' dir='ltr'>omnem</span> <span class='ocrx_word' id='word_1_104' title='bbox 648 1150 708 1191; x_wconf 90' lang='lat' dir='ltr'>ad</span> <span class='ocrx_word' id='word_1_105' title='bbox 740 1163 891 1192; x_wconf 91' lang='lat' dir='ltr'>sacros</span> <span class='ocrx_word' id='word_1_106' title='bbox 934 1151 1119 1193; x_wconf 86' lang='lat' dir='ltr'>ordines</span> <span class='ocrx_word' id='word_1_107' title='bbox 1160 1165 1394 1194; x_wconf 86' lang='lat' dir='ltr'>accessum</span> <span class='ocrx_word' id='word_1_108' title='bbox 1437 1154 1670 1196; x_wconf 87' lang='lat' dir='ltr'>obstruxe-</span> 
     </span>
     <span class='ocr_line' id='line_1_17' title="bbox 157 1206 1671 1254; baseline 0.005 -7"><span class='ocrx_word' id='word_1_109' title='bbox 157 1206 254 1248; x_wconf 86' lang='lat' dir='ltr'>rint</span> <span class='ocrx_word' id='word_1_110' title='bbox 268 1207 296 1247; x_wconf 81' lang='lat'>3.</span> <span class='ocrx_word' id='word_1_111' title='bbox 359 1207 421 1248; x_wconf 85' lang='lat' dir='ltr'>Et</span> <span class='ocrx_word' id='word_1_112' title='bbox 452 1207 565 1250; x_wconf 90' lang='lat' dir='ltr'>licet</span> <span class='ocrx_word' id='word_1_113' title='bbox 596 1209 851 1251; x_wconf 87' lang='lat' dir='ltr'>multorum</span> <span class='ocrx_word' id='word_1_114' title='bbox 882 1210 1154 1252; x_wconf 89' lang='lat' dir='ltr'>idoneorum</span> <span class='ocrx_word' id='word_1_115' title='bbox 1187 1214 1311 1254; x_wconf 91' lang='lat' dir='ltr'>certe</span> <span class='ocrx_word' id='word_1_116' title='bbox 1343 1213 1535 1254; x_wconf 91' lang='lat' dir='ltr'>testium</span> <span class='ocrx_word' id='word_1_117' title='bbox 1567 1214 1671 1254; x_wconf 88' lang='lat' dir='ltr'>asti-</span> 
     </span>
     <span class='ocr_line' id='line_1_18' title="bbox 159 1266 1672 1327; baseline 0.005 -21"><span class='ocrx_word' id='word_1_118' title='bbox 159 1266 400 1321; x_wconf 88' lang='lat' dir='ltr'>pulatione</span> <span class='ocrx_word' id='word_1_119' title='bbox 442 1267 617 1310; x_wconf 86' lang='lat' dir='ltr'>crimen</span> <span class='ocrx_word' id='word_1_120' title='bbox 660 1268 874 1311; x_wconf 82' lang='lat' dir='ltr'>refellere</span> <span class='ocrx_word' id='word_1_121' title='bbox 917 1283 1100 1323; x_wconf 87' lang='lat' dir='ltr'>queam,</span> <span class='ocrx_word' id='word_1_122' title='bbox 1145 1284 1303 1312; x_wconf 91' lang='lat' dir='ltr'>eorum</span> <span class='ocrx_word' id='word_1_123' title='bbox 1345 1272 1542 1323; x_wconf 88' lang='lat' dir='ltr'>scilicet,</span> <span class='ocrx_word' id='word_1_124' title='bbox 1592 1273 1672 1327; x_wconf 89' lang='lat' dir='ltr'>qui</span> 
     </span>
     <span class='ocr_line' id='line_1_19' title="bbox 159 1326 1672 1374; baseline 0.004 -7"><span class='ocrx_word' id='word_1_125' title='bbox 159 1338 342 1368; x_wconf 91' lang='lat' dir='ltr'>omnem</span> <span class='ocrx_word' id='word_1_126' title='bbox 389 1326 513 1368; x_wconf 86' lang='lat' dir='ltr'>vitae</span> <span class='ocrx_word' id='word_1_127' title='bbox 570 1341 699 1370; x_wconf 88' lang='lat' dir='ltr'>meae</span> <span class='ocrx_word' id='word_1_128' title='bbox 757 1328 814 1370; x_wconf 85' lang='lat' dir='ltr'>ab</span> <span class='ocrx_word' id='word_1_129' title='bbox 862 1328 1054 1371; x_wconf 87' lang='lat' dir='ltr'>ineunte</span> <span class='ocrx_word' id='word_1_130' title='bbox 1112 1332 1267 1372; x_wconf 88' lang='lat' dir='ltr'>aetate</span> <span class='ocrx_word' id='word_1_131' title='bbox 1320 1331 1672 1374; x_wconf 84' lang='lat' dir='ltr'>institucionem</span> 
     </span>
     <span class='ocr_line' id='line_1_20' title="bbox 158 1384 1673 1446; baseline 0.005 -20"><span class='ocrx_word' id='word_1_132' title='bbox 158 1384 457 1440; x_wconf 88' lang='lat' dir='ltr'>integerrime</span> <span class='ocrx_word' id='word_1_133' title='bbox 497 1389 748 1438; x_wconf 89' lang='lat' dir='ltr'>noverunt,</span> <span class='ocrx_word' id='word_1_134' title='bbox 789 1389 837 1429; x_wconf 91' lang='lat' dir='ltr'>et</span> <span class='ocrx_word' id='word_1_135' title='bbox 869 1401 1028 1430; x_wconf 92' lang='lat' dir='ltr'>eorum</span> <span class='ocrx_word' id='word_1_136' title='bbox 1061 1389 1140 1443; x_wconf 90' lang='lat' dir='ltr'>qui</span> <span class='ocrx_word' id='word_1_137' title='bbox 1179 1403 1307 1432; x_wconf 87' lang='lat' dir='ltr'>meae</span> <span class='ocrx_word' id='word_1_138' title='bbox 1350 1391 1409 1431; x_wconf 87' lang='lat' dir='ltr'>ad</span> <span class='ocrx_word' id='word_1_139' title='bbox 1442 1391 1673 1446; x_wconf 89' lang='lat' dir='ltr'>episcopa-</span> 
     </span>
    </p>

    <p class='ocr_par' dir='ltr' id='par_1_7' title="bbox 23 1445 1672 2099">
     <span class='ocr_line' id='line_1_21' title="bbox 110 1445 1671 1503; baseline 0.005 -19"><span class='ocrx_word' id='word_1_140' title='bbox 110 1445 260 1485; x_wconf 67' lang='lat' dir='ltr'>sotum</span> <span class='ocrx_word' id='word_1_141' title='bbox 279 1458 283 1462; x_wconf 79' lang='grc'><strong>’</strong></span> <span class='ocrx_word' id='word_1_142' title='bbox 302 1446 607 1500; x_wconf 76' lang='lat' dir='ltr'>promotionis</span> <span class='ocrx_word' id='word_1_143' title='bbox 649 1448 861 1489; x_wconf 86' lang='lat' dir='ltr'>auctores</span> <span class='ocrx_word' id='word_1_144' title='bbox 902 1447 1108 1497; x_wconf 85' lang='lat' dir='ltr'>fuerunt,</span> <span class='ocrx_word' id='word_1_145' title='bbox 1153 1462 1238 1503; x_wconf 85' lang='lat' dir='ltr'>ego</span> <span class='ocrx_word' id='word_1_146' title='bbox 1271 1451 1447 1501; x_wconf 90' lang='lat' dir='ltr'>tamen,</span> <span class='ocrx_word' id='word_1_147' title='bbox 1490 1464 1550 1492; x_wconf 92' lang='lat' dir='ltr'>ne</span> <span class='ocrx_word' id='word_1_148' title='bbox 1591 1452 1671 1492; x_wconf 88' lang='lat' dir='ltr'>hu-</span> 
     </span>
     <span class='ocr_line' id='line_1_22' title="bbox 159 1505 1672 1561; baseline 0.005 -17"><span class='ocrx_word' id='word_1_149' title='bbox 159 1517 296 1546; x_wconf 89' lang='lat' dir='ltr'>mano</span> <span class='ocrx_word' id='word_1_150' title='bbox 343 1505 503 1559; x_wconf 89' lang='lat' dir='ltr'>pocius</span> <span class='ocrx_word' id='word_1_151' title='bbox 551 1519 689 1560; x_wconf 91' lang='lat' dir='ltr'>quam</span> <span class='ocrx_word' id='word_1_152' title='bbox 738 1506 893 1548; x_wconf 85' lang='lat' dir='ltr'>divino</span> <span class='ocrx_word' id='word_1_153' title='bbox 938 1507 1029 1548; x_wconf 89' lang='lat' dir='ltr'>niti</span> <span class='ocrx_word' id='word_1_154' title='bbox 1074 1507 1235 1549; x_wconf 82' lang='lat' dir='ltr'>videar</span> <span class='ocrx_word' id='word_1_155' title='bbox 1280 1509 1567 1561; x_wconf 83' lang='lat' dir='ltr'>testimonio,</span> <span class='ocrx_word' id='word_1_156' title='bbox 1617 1513 1672 1551; x_wconf 88' lang='lat' dir='ltr'>ut</span> 
     </span>
     <span class='ocr_line' id='line_1_23' title="bbox 159 1562 1672 1620; baseline 0.004 -16"><span class='ocrx_word' id='word_1_157' title='bbox 159 1562 493 1617; x_wconf 85' lang='lat' dir='ltr'>satisfactionis</span> <span class='ocrx_word' id='word_1_158' title='bbox 526 1565 799 1620; x_wconf 88' lang='lat' dir='ltr'>compendio</span> <span class='ocrx_word' id='word_1_159' title='bbox 841 1580 1025 1608; x_wconf 90' lang='lat' dir='ltr'>omnem</span> <span class='ocrx_word' id='word_1_160' title='bbox 1064 1567 1278 1609; x_wconf 90' lang='lat' dir='ltr'>omnibus</span> <span class='ocrx_word' id='word_1_161' title='bbox 1312 1569 1519 1610; x_wconf 89' lang='lat' dir='ltr'>scandali</span> <span class='ocrx_word' id='word_1_162' title='bbox 1552 1583 1672 1610; x_wconf 91' lang='lat' dir='ltr'>scru-</span> 
     </span>
     <span class='ocr_line' id='line_1_24' title="bbox 159 1621 1671 1682; baseline 0.005 -19"><span class='ocrx_word' id='word_1_163' title='bbox 159 1621 323 1676; x_wconf 89' lang='lat' dir='ltr'>pulum</span> <span class='ocrx_word' id='word_1_164' title='bbox 345 1623 402 1665; x_wconf 90' lang='lat' dir='ltr'>de</span> <span class='ocrx_word' id='word_1_165' title='bbox 428 1624 580 1666; x_wconf 90' lang='lat' dir='ltr'>medio</span> <span class='ocrx_word' id='word_1_166' title='bbox 603 1621 859 1667; x_wconf 73' lang='lat' dir='ltr'>auferamd:</span> <span class='ocrx_word' id='word_1_167' title='bbox 894 1639 999 1667; x_wconf 90' lang='lat' dir='ltr'>ecce</span> <span class='ocrx_word' id='word_1_168' title='bbox 1027 1639 1192 1680; x_wconf 89' lang='lat' dir='ltr'>corpus</span> <span class='ocrx_word' id='word_1_169' title='bbox 1216 1627 1513 1678; x_wconf 78' lang='lat' dir='ltr'>dominicum,</span> <span class='ocrx_word' id='word_1_170' title='bbox 1548 1629 1671 1682; x_wconf 88' lang='lat' dir='ltr'>quod</span> 
     </span>
     <span class='ocr_line' id='line_1_25' title="bbox 160 1683 1671 1739; baseline 0.005 -17"><span class='ocrx_word' id='word_1_171' title='bbox 160 1683 430 1736; x_wconf 86' lang='lat' dir='ltr'>sumpturus</span> <span class='ocrx_word' id='word_1_172' title='bbox 463 1697 553 1734; x_wconf 89' lang='lat' dir='ltr'>ero,</span> <span class='ocrx_word' id='word_1_173' title='bbox 596 1684 647 1724; x_wconf 90' lang='lat' dir='ltr'>in</span> <span class='ocrx_word' id='word_1_174' title='bbox 685 1684 1053 1739; x_wconf 84' lang='lat' dir='ltr'>experimentum</span> <span class='ocrx_word' id='word_1_175' title='bbox 1095 1686 1210 1726; x_wconf 90' lang='lat' dir='ltr'>mihi</span> <span class='ocrx_word' id='word_1_176' title='bbox 1249 1687 1388 1728; x_wconf 90' lang='lat' dir='ltr'>hodie</span> <span class='ocrx_word' id='word_1_177' title='bbox 1421 1687 1503 1728; x_wconf 90' lang='lat' dir='ltr'>fiat</span> <span class='ocrx_word' id='word_1_178' title='bbox 1544 1687 1671 1729; x_wconf 89' lang='lat' dir='ltr'>inno-</span> 
     </span>
     <span class='ocr_line' id='line_1_26' title="bbox 110 1740 1670 1798; baseline 0.004 -16"><span class='ocrx_word' id='word_1_179' title='bbox 110 1751 146 1777; x_wconf 75' lang='lat'>25</span> <span class='ocrx_word' id='word_1_180' title='bbox 160 1741 341 1784; x_wconf 86' lang='lat' dir='ltr'>centiae</span> <span class='ocrx_word' id='word_1_181' title='bbox 372 1756 515 1793; x_wconf 86' lang='lat' dir='ltr'>meae,</span> <span class='ocrx_word' id='word_1_182' title='bbox 549 1745 604 1784; x_wconf 88' lang='lat' dir='ltr'>ut</span> <span class='ocrx_word' id='word_1_183' title='bbox 625 1743 918 1798; x_wconf 90' lang='lat' dir='ltr'>omnipotens</span> <span class='ocrx_word' id='word_1_184' title='bbox 941 1743 1069 1786; x_wconf 89' lang='lat' dir='ltr'>Deus</span> <span class='ocrx_word' id='word_1_185' title='bbox 1098 1758 1180 1785; x_wconf 91' lang='lat' dir='ltr'>suo</span> <span class='ocrx_word' id='word_1_186' title='bbox 1214 1740 1304 1787; x_wconf 82' lang='lat' dir='ltr'>*me</span> <span class='ocrx_word' id='word_1_187' title='bbox 1326 1746 1465 1787; x_wconf 91' lang='lat' dir='ltr'>hodie</span> <span class='ocrx_word' id='word_1_188' title='bbox 1497 1746 1670 1789; x_wconf 88' lang='lat' dir='ltr'>iudicio</span> 
     </span>
     <span class='ocr_line' id='line_1_27' title="bbox 23 1787 1669 1858; baseline 0.004 -17"><span class='ocrx_word' id='word_1_189' title='bbox 23 1787 232 1842; x_wconf 54' lang='lat' dir='ltr'>&#39;²&#39;²⁶⁰&#39;’vel</span> <span class='ocrx_word' id='word_1_190' title='bbox 265 1801 476 1843; x_wconf 87' lang='lat' dir='ltr'>absolvat</span> <span class='ocrx_word' id='word_1_191' title='bbox 498 1802 671 1844; x_wconf 89' lang='lat' dir='ltr'>obiecti</span> <span class='ocrx_word' id='word_1_192' title='bbox 693 1802 898 1843; x_wconf 89' lang='lat' dir='ltr'>criminis</span> <span class='ocrx_word' id='word_1_193' title='bbox 931 1803 1204 1858; x_wconf 89' lang='lat' dir='ltr'>suspicione,</span> <span class='ocrx_word' id='word_1_194' title='bbox 1240 1804 1278 1845; x_wconf 91' lang='lat' dir='ltr'>si</span> <span class='ocrx_word' id='word_1_195' title='bbox 1309 1804 1531 1847; x_wconf 89' lang='lat' dir='ltr'>innocens</span> <span class='ocrx_word' id='word_1_196' title='bbox 1554 1819 1669 1857; x_wconf 82' lang='lat' dir='ltr'>sum,</span> 
     </span>
     <span class='ocr_line' id='line_1_28' title="bbox 158 1858 1668 1916; baseline 0.005 -16"><span class='ocrx_word' id='word_1_197' title='bbox 158 1858 233 1901; x_wconf 85' lang='lat' dir='ltr'>vel</span> <span class='ocrx_word' id='word_1_198' title='bbox 266 1860 512 1902; x_wconf 85' lang='lat' dir='ltr'>subitanea</span> <span class='ocrx_word' id='word_1_199' title='bbox 541 1861 807 1903; x_wconf 77' lang='lat' dir='ltr'>interimate</span> <span class='ocrx_word' id='word_1_200' title='bbox 847 1864 1008 1913; x_wconf 84' lang='lat' dir='ltr'>morte,</span> <span class='ocrx_word' id='word_1_201' title='bbox 1051 1863 1090 1903; x_wconf 91' lang='lat' dir='ltr'>si</span> <span class='ocrx_word' id='word_1_202' title='bbox 1122 1862 1255 1904; x_wconf 84' lang='lat' dir='ltr'>reus’.</span> <span class='ocrx_word' id='word_1_203' title='bbox 1321 1863 1451 1906; x_wconf 87' lang='lat' dir='ltr'>Haec</span> <span class='ocrx_word' id='word_1_204' title='bbox 1484 1867 1531 1906; x_wconf 92' lang='lat' dir='ltr'>et</span> <span class='ocrx_word' id='word_1_205' title='bbox 1564 1865 1668 1916; x_wconf 83' lang='lat' dir='ltr'>alia,</span> 
     </span>
     <span class='ocr_line' id='line_1_29' title="bbox 159 1919 1671 1977; baseline 0.005 -18"><span class='ocrx_word' id='word_1_206' title='bbox 159 1920 214 1959; x_wconf 90' lang='lat' dir='ltr'>ut</span> <span class='ocrx_word' id='word_1_207' title='bbox 245 1919 449 1961; x_wconf 88' lang='lat' dir='ltr'>solemne</span> <span class='ocrx_word' id='word_1_208' title='bbox 482 1922 553 1962; x_wconf 89' lang='lat' dir='ltr'>est</span> <span class='ocrx_word' id='word_1_209' title='bbox 566 1920 594 1970; x_wconf 78' lang='lat'>4,</span> <span class='ocrx_word' id='word_1_210' title='bbox 629 1921 839 1974; x_wconf 88' lang='lat' dir='ltr'>prefatus</span> <span class='ocrx_word' id='word_1_211' title='bbox 871 1921 1013 1963; x_wconf 86' lang='lat' dir='ltr'>verba</span> <span class='ocrx_word' id='word_1_212' title='bbox 1044 1922 1286 1973; x_wconf 88' lang='lat' dir='ltr'>terribilia,</span> <span class='ocrx_word' id='word_1_213' title='bbox 1321 1923 1488 1977; x_wconf 90' lang='lat' dir='ltr'>quibus</span> <span class='ocrx_word' id='word_1_214' title='bbox 1519 1924 1671 1966; x_wconf 90' lang='lat' dir='ltr'>Deum</span> 
     </span>
     <span class='ocr_line' id='line_1_30' title="bbox 161 1979 1670 2033; baseline 0.005 -15"><span class='ocrx_word' id='word_1_215' title='bbox 161 1991 325 2019; x_wconf 85' lang='lat' dir='ltr'>causae</span> <span class='ocrx_word' id='word_1_216' title='bbox 357 1991 466 2020; x_wconf 89' lang='lat' dir='ltr'>suae</span> <span class='ocrx_word' id='word_1_217' title='bbox 500 1979 798 2033; x_wconf 88' lang='lat' dir='ltr'>equissimum</span> <span class='ocrx_word' id='word_1_218' title='bbox 835 1980 1035 2022; x_wconf 89' lang='lat' dir='ltr'>iudicem</span> <span class='ocrx_word' id='word_1_219' title='bbox 1069 1983 1116 2023; x_wconf 93' lang='lat' dir='ltr'>et</span> <span class='ocrx_word' id='word_1_220' title='bbox 1147 1981 1443 2025; x_wconf 89' lang='lat' dir='ltr'>innocentiae</span> <span class='ocrx_word' id='word_1_221' title='bbox 1481 1986 1670 2026; x_wconf 90' lang='lat' dir='ltr'>asserto-</span> 
     </span>
     <span class='ocr_line' id='line_1_31' title="bbox 113 2037 1671 2099; baseline 0.003 -19"><span class='ocrx_word' id='word_1_222' title='bbox 113 2054 148 2080; x_wconf 78' lang='lat' dir='ltr'>ao</span> <span class='ocrx_word' id='word_1_223' title='bbox 160 2050 258 2078; x_wconf 89' lang='lat' dir='ltr'>rem</span> <span class='ocrx_word' id='word_1_224' title='bbox 290 2037 449 2080; x_wconf 89' lang='lat' dir='ltr'>adesse</span> <span class='ocrx_word' id='word_1_225' title='bbox 481 2038 772 2092; x_wconf 86' lang='lat' dir='ltr'>precabatur,</span> <span class='ocrx_word' id='word_1_226' title='bbox 807 2042 988 2094; x_wconf 89' lang='lat' dir='ltr'>partem</span> <span class='ocrx_word' id='word_1_227' title='bbox 1012 2040 1232 2082; x_wconf 91' lang='lat' dir='ltr'>dominici</span> <span class='ocrx_word' id='word_1_228' title='bbox 1255 2042 1457 2096; x_wconf 89' lang='lat' dir='ltr'>corporis</span> <span class='ocrx_word' id='word_1_229' title='bbox 1491 2043 1671 2099; x_wconf 89' lang='lat' dir='ltr'>accepit</span> 
     </span>
    </p>
   </div>
   <div class='ocr_carea' id='block_1_3' title="bbox 160 2126 1671 2200">
    <p class='ocr_par' dir='ltr' id='par_1_8' title="bbox 160 2126 1671 2200">
     <span class='ocr_line' id='line_1_32' title="bbox 161 2126 1671 2166; baseline 0.005 -13"><span class='ocrx_word' id='word_1_230' title='bbox 161 2126 191 2160; x_wconf 77' lang='lat' dir='ltr'>a)</span> <span class='ocrx_word' id='word_1_231' title='bbox 210 2132 281 2156; x_wconf 77' lang='lat' dir='ltr'>mut.</span> <span class='ocrx_word' id='word_1_232' title='bbox 300 2129 456 2155; x_wconf 71' lang='lat' dir='ltr'>absentifia</span> <span class='ocrx_word' id='word_1_233' title='bbox 474 2130 536 2157; x_wconf 72' lang='grc' dir='ltr'>ΒΞ.</span> <span class='ocrx_word' id='word_1_234' title='bbox 592 2129 622 2164; x_wconf 94' lang='lat' dir='ltr'>b)</span> <span class='ocrx_word' id='word_1_235' title='bbox 642 2131 741 2156; x_wconf 78' lang='lat' dir='ltr'>eadem</span> <span class='ocrx_word' id='word_1_236' title='bbox 761 2139 850 2156; x_wconf 80' lang='lat' dir='ltr'>manu</span> <span class='ocrx_word' id='word_1_237' title='bbox 868 2139 1011 2163; x_wconf 67' lang='lat' dir='ltr'>super-scr.</span> <span class='ocrx_word' id='word_1_238' title='bbox 1024 2132 1104 2160; x_wconf 70' lang='lat'>1311».</span> <span class='ocrx_word' id='word_1_239' title='bbox 1161 2134 1187 2164; x_wconf 82' lang='lat' dir='ltr'>e)</span> <span class='ocrx_word' id='word_1_240' title='bbox 1206 2141 1320 2166; x_wconf 76' lang='lat' dir='ltr'>symon.</span> <span class='ocrx_word' id='word_1_241' title='bbox 1340 2134 1367 2158; x_wconf 73' lang='lat' dir='ltr'><strong><em>A</em></strong></span> <span class='ocrx_word' id='word_1_242' title='bbox 1379 2135 1403 2162; x_wconf 81' lang='lat'>1.</span> <span class='ocrx_word' id='word_1_243' title='bbox 1423 2134 1500 2162; x_wconf 68' lang='lat'>131⁵.</span> <span class='ocrx_word' id='word_1_244' title='bbox 1557 2135 1586 2161; x_wconf 64' lang='lat' dir='ltr'>d)</span> <span class='ocrx_word' id='word_1_245' title='bbox 1606 2136 1671 2161; x_wconf 78' lang='lat' dir='ltr'>auf-</span> 
     </span>
     <span class='ocr_line' id='line_1_33' title="bbox 160 2163 1018 2200; baseline 0.007 -12"><span class='ocrx_word' id='word_1_246' title='bbox 160 2163 253 2189; x_wconf 75' lang='lat' dir='ltr'>feram</span> <span class='ocrx_word' id='word_1_247' title='bbox 274 2164 335 2192; x_wconf 69' lang='grc' dir='ltr'>ΒΞ.</span> <span class='ocrx_word' id='word_1_248' title='bbox 408 2165 436 2194; x_wconf 88' lang='grc'>0)</span> <span class='ocrx_word' id='word_1_249' title='bbox 454 2166 628 2192; x_wconf 77' lang='lat' dir='ltr'>interminat</span> <span class='ocrx_word' id='word_1_250' title='bbox 646 2167 671 2191; x_wconf 75' lang='lat' dir='ltr'><strong><em>A</em></strong></span> <span class='ocrx_word' id='word_1_251' title='bbox 683 2167 714 2200; x_wconf 75' lang='lat'>15</span> <span class='ocrx_word' id='word_1_252' title='bbox 736 2167 918 2193; x_wconf 75' lang='lat' dir='ltr'>interveniat</span> <span class='ocrx_word' id='word_1_253' title='bbox 937 2168 964 2193; x_wconf 88' lang='lat' dir='ltr'><em>B</em></span> <span class='ocrx_word' id='word_1_254' title='bbox 975 2167 1018 2195; x_wconf 78' lang='lat' dir='ltr'>lb.</span> 
     </span>
    </p>
   </div>
   <div class='ocr_carea' id='block_1_4' title="bbox 113 2235 1672 2900">
    <p class='ocr_par' dir='ltr' id='par_1_9' title="bbox 159 2235 1671 2331">
     <span class='ocr_line' id='line_1_34' title="bbox 161 2235 1671 2283; baseline 0.005 -14"><span class='ocrx_word' id='word_1_255' title='bbox 161 2235 254 2270; x_wconf 76' lang='lat' dir='ltr'>laiac</span> <span class='ocrx_word' id='word_1_256' title='bbox 289 2237 352 2279; x_wconf 80' lang='lat' dir='ltr'>(cf.</span> <span class='ocrx_word' id='word_1_257' title='bbox 385 2237 453 2272; x_wconf 77' lang='lat' dir='ltr'>Vit.</span> <span class='ocrx_word' id='word_1_258' title='bbox 489 2237 653 2271; x_wconf 77' lang='lat' dir='ltr'>Anselmi</span> <span class='ocrx_word' id='word_1_259' title='bbox 684 2249 711 2274; x_wconf 88' lang='lat' dir='ltr'>c.</span> <span class='ocrx_word' id='word_1_260' title='bbox 741 2240 796 2274; x_wconf 89' lang='lat'>16.</span> <span class='ocrx_word' id='word_1_261' title='bbox 834 2239 854 2274; x_wconf 83' lang='lat' dir='ltr'>l.</span> <span class='ocrx_word' id='word_1_262' title='bbox 885 2239 932 2279; x_wconf 83' lang='lat' dir='ltr'>l.,·</span> <span class='ocrx_word' id='word_1_263' title='bbox 965 2239 1105 2273; x_wconf 78' lang='lat' dir='ltr'>Donizo</span> <span class='ocrx_word' id='word_1_264' title='bbox 1138 2240 1190 2283; x_wconf 90' lang='lat' dir='ltr'>II,</span> <span class='ocrx_word' id='word_1_265' title='bbox 1217 2242 1409 2283; x_wconf 76' lang='lat'>89—105)</span> <span class='ocrx_word' id='word_1_266' title='bbox 1445 2244 1480 2275; x_wconf 87' lang='lat' dir='ltr'>et</span> <span class='ocrx_word' id='word_1_267' title='bbox 1517 2242 1671 2276; x_wconf 74' lang='lat' dir='ltr'>aliorum</span> 
     </span>
     <span class='ocr_line' id='line_1_35' title="bbox 159 2283 1670 2331; baseline 0.004 -14"><span class='ocrx_word' id='word_1_268' title='bbox 159 2283 380 2328; x_wconf 87' lang='lat' dir='ltr'>principum,</span> <span class='ocrx_word' id='word_1_269' title='bbox 415 2284 670 2330; x_wconf 88' lang='lat' dir='ltr'>episcoporum</span> <span class='ocrx_word' id='word_1_270' title='bbox 696 2288 733 2320; x_wconf 86' lang='lat' dir='ltr'>et</span> <span class='ocrx_word' id='word_1_271' title='bbox 758 2286 945 2331; x_wconf 82' lang='lat' dir='ltr'>laicorum,</span> <span class='ocrx_word' id='word_1_272' title='bbox 981 2287 1043 2331; x_wconf 92' lang='lat' dir='ltr'>qui</span> <span class='ocrx_word' id='word_1_273' title='bbox 1068 2287 1172 2322; x_wconf 89' lang='lat' dir='ltr'>nobis</span> <span class='ocrx_word' id='word_1_274' title='bbox 1202 2287 1248 2321; x_wconf 85' lang='lat' dir='ltr'>ad</span> <span class='ocrx_word' id='word_1_275' title='bbox 1273 2287 1342 2322; x_wconf 85' lang='lat' dir='ltr'>hoc</span> <span class='ocrx_word' id='word_1_276' title='bbox 1369 2288 1475 2323; x_wconf 83' lang='lat' dir='ltr'>utiles</span> <span class='ocrx_word' id='word_1_277' title='bbox 1500 2289 1567 2323; x_wconf 87' lang='lat' dir='ltr'>visi</span> <span class='ocrx_word' id='word_1_278' title='bbox 1593 2289 1670 2324; x_wconf 90' lang='lat' dir='ltr'>fue-</span> 
     </span>
    </p>

    <p class='ocr_par' dir='ltr' id='par_1_10' title="bbox 113 2331 1672 2567">
     <span class='ocr_line' id='line_1_36' title="bbox 113 2331 1671 2381; baseline 0.004 -17"><span class='ocrx_word' id='word_1_279' title='bbox 113 2338 148 2364; x_wconf 73' lang='grc'>35</span> <span class='ocrx_word' id='word_1_280' title='bbox 160 2333 258 2375; x_wconf 82' lang='lat' dir='ltr'>runt,</span> <span class='ocrx_word' id='word_1_281' title='bbox 291 2331 506 2375; x_wconf 87' lang='lat' dir='ltr'>recepimus.</span> <span class='ocrx_word' id='word_1_282' title='bbox 556 2333 606 2366; x_wconf 79' lang='lat' dir='ltr'>Et</span> <span class='ocrx_word' id='word_1_283' title='bbox 637 2334 676 2366; x_wconf 80' lang='lat' dir='ltr'>in</span> <span class='ocrx_word' id='word_1_284' title='bbox 710 2333 874 2368; x_wconf 74' lang='lat' dir='ltr'>clausula</span> <span class='ocrx_word' id='word_1_285' title='bbox 898 2336 1130 2368; x_wconf 65' lang='lat' dir='ltr'>sauritaturtt</span> <span class='ocrx_word' id='word_1_286' title='bbox 1165 2336 1318 2378; x_wconf 74' lang='lat' dir='ltr'>leqitur:</span> <span class='ocrx_word' id='word_1_287' title='bbox 1355 2335 1453 2370; x_wconf 81' lang='lat' dir='ltr'>Item</span> <span class='ocrx_word' id='word_1_288' title='bbox 1487 2348 1531 2370; x_wconf 87' lang='lat' dir='ltr'>ex</span> <span class='ocrx_word' id='word_1_289' title='bbox 1566 2340 1671 2381; x_wconf 85' lang='lat' dir='ltr'>parte</span> 
     </span>
     <span class='ocr_line' id='line_1_37' title="bbox 160 2377 1671 2427; baseline 0.004 -15"><span class='ocrx_word' id='word_1_290' title='bbox 160 2377 256 2423; x_wconf 81' lang='lat' dir='ltr'>regis</span> <span class='ocrx_word' id='word_1_291' title='bbox 281 2378 527 2414; x_wconf 85' lang='lat' dir='ltr'>interfuerunt</span> <span class='ocrx_word' id='word_1_292' title='bbox 549 2379 759 2415; x_wconf 83' lang='lat' dir='ltr'>Bremensis</span> <span class='ocrx_word' id='word_1_293' title='bbox 794 2381 1086 2426; x_wconf 81' lang='lat' dir='ltr'>archiepiscopus</span> <span class='ocrx_word' id='word_1_294' title='bbox 1116 2384 1152 2416; x_wconf 91' lang='lat' dir='ltr'>et</span> <span class='ocrx_word' id='word_1_295' title='bbox 1178 2383 1339 2427; x_wconf 89' lang='lat' dir='ltr'>episcopi</span> <span class='ocrx_word' id='word_1_296' title='bbox 1365 2383 1608 2419; x_wconf 84' lang='lat' dir='ltr'>Vercellensis</span> <span class='ocrx_word' id='word_1_297' title='bbox 1634 2387 1671 2419; x_wconf 89' lang='lat' dir='ltr'>et</span> 
     </span>
     <span class='ocr_line' id='line_1_38' title="bbox 161 2423 1672 2474; baseline 0.004 -15"><span class='ocrx_word' id='word_1_298' title='bbox 161 2423 449 2470; x_wconf 80' lang='lat' dir='ltr'>osnabrugensis</span> <span class='ocrx_word' id='word_1_299' title='bbox 474 2430 512 2461; x_wconf 84' lang='lat' dir='ltr'>et</span> <span class='ocrx_word' id='word_1_300' title='bbox 537 2427 648 2462; x_wconf 83' lang='lat' dir='ltr'>abbas</span> <span class='ocrx_word' id='word_1_301' title='bbox 674 2426 922 2463; x_wconf 78' lang='lat' dir='ltr'>cluniacensis</span> <span class='ocrx_word' id='word_1_302' title='bbox 947 2431 984 2463; x_wconf 89' lang='lat' dir='ltr'>et</span> <span class='ocrx_word' id='word_1_303' title='bbox 1009 2429 1115 2463; x_wconf 83' lang='lat' dir='ltr'>multi</span> <span class='ocrx_word' id='word_1_304' title='bbox 1141 2430 1281 2464; x_wconf 87' lang='lat' dir='ltr'>nobiles</span> <span class='ocrx_word' id='word_1_305' title='bbox 1308 2431 1387 2464; x_wconf 83' lang='lat' dir='ltr'>viri.</span> <span class='ocrx_word' id='word_1_306' title='bbox 1485 2433 1519 2474; x_wconf 90' lang='grc'>1)</span> <span class='ocrx_word' id='word_1_307' title='bbox 1542 2432 1672 2474; x_wconf 60' lang='lat' dir='ltr'>Regem</span> 
     </span>
     <span class='ocr_line' id='line_1_39' title="bbox 161 2472 1671 2522; baseline 0.005 -16"><span class='ocrx_word' id='word_1_308' title='bbox 161 2472 426 2508; x_wconf 84' lang='lat' dir='ltr'>confessionem</span> <span class='ocrx_word' id='word_1_309' title='bbox 450 2473 488 2508; x_wconf 88' lang='lat' dir='ltr'>in</span> <span class='ocrx_word' id='word_1_310' title='bbox 512 2475 697 2519; x_wconf 84' lang='lat' dir='ltr'>presentia</span> <span class='ocrx_word' id='word_1_311' title='bbox 719 2474 966 2511; x_wconf 83' lang='lat' dir='ltr'>Hildebrandi</span> <span class='ocrx_word' id='word_1_312' title='bbox 990 2478 1182 2521; x_wconf 62' lang='lat' dir='ltr'>ywotulisse</span> <span class='ocrx_word' id='word_1_313' title='bbox 1203 2479 1289 2511; x_wconf 79' lang='lat' dir='ltr'>dicit</span> <span class='ocrx_word' id='word_1_314' title='bbox 1307 2478 1414 2522; x_wconf 76' lang='lat' dir='ltr'>Reno,</span> <span class='ocrx_word' id='word_1_315' title='bbox 1445 2480 1550 2513; x_wconf 78' lang='lat' dir='ltr'>Gesta</span> <span class='ocrx_word' id='word_1_316' title='bbox 1568 2480 1671 2514; x_wconf 80' lang='lat' dir='ltr'>Rom.</span> 
     </span>
     <span class='ocr_line' id='line_1_40' title="bbox 163 2521 1670 2567; baseline 0.003 -12"><span class='ocrx_word' id='word_1_317' title='bbox 163 2521 240 2555; x_wconf 76' lang='lat' dir='ltr'>eccl.</span> <span class='ocrx_word' id='word_1_318' title='bbox 267 2521 319 2564; x_wconf 87' lang='lat' dir='ltr'>II,</span> <span class='ocrx_word' id='word_1_319' title='bbox 341 2522 373 2563; x_wconf 91' lang='lat'>1,</span> <span class='ocrx_word' id='word_1_320' title='bbox 400 2521 531 2556; x_wconf 81' lang='lat' dir='ltr'>Libelli</span> <span class='ocrx_word' id='word_1_321' title='bbox 554 2523 606 2563; x_wconf 88' lang='lat' dir='ltr'>II,</span> <span class='ocrx_word' id='word_1_322' title='bbox 628 2535 668 2567; x_wconf 83' lang='lat' dir='ltr'>p.</span> <span class='ocrx_word' id='word_1_323' title='bbox 685 2525 766 2559; x_wconf 85' lang='lat'>374.</span> <span class='ocrx_word' id='word_1_324' title='bbox 864 2526 902 2567; x_wconf 83' lang='lat'>2)</span> <span class='ocrx_word' id='word_1_325' title='bbox 925 2525 1062 2567; x_wconf 73' lang='lat' dir='ltr'>Reqino</span> <span class='ocrx_word' id='word_1_326' title='bbox 1086 2535 1120 2558; x_wconf 83' lang='lat' dir='ltr'>a.</span> <span class='ocrx_word' id='word_1_327' title='bbox 1138 2526 1226 2561; x_wconf 82' lang='lat'>869:</span> <span class='ocrx_word' id='word_1_328' title='bbox 1256 2524 1380 2559; x_wconf 77' lang='lat' dir='ltr'>Finita</span> <span class='ocrx_word' id='word_1_329' title='bbox 1408 2551 1415 2559; x_wconf 92' lang='lat'>.</span> <span class='ocrx_word' id='word_1_330' title='bbox 1443 2551 1451 2559; x_wconf 91' lang='lat'>.</span> <span class='ocrx_word' id='word_1_331' title='bbox 1478 2526 1670 2560; x_wconf 84' lang='lat' dir='ltr'>missarum</span> 
     </span>
    </p>

    <p class='ocr_par' dir='ltr' id='par_1_11' title="bbox 114 2567 1670 2804">
     <span class='ocr_line' id='line_1_41' title="bbox 114 2567 1670 2617; baseline 0.004 -17"><span class='ocrx_word' id='word_1_332' title='bbox 114 2567 388 2612; x_wconf 67' lang='lat' dir='ltr'>4osollempni8‚</span> <span class='ocrx_word' id='word_1_333' title='bbox 414 2568 546 2603; x_wconf 80' lang='lat' dir='ltr'>invitat</span> <span class='ocrx_word' id='word_1_334' title='bbox 571 2581 734 2604; x_wconf 84' lang='lat' dir='ltr'>summus</span> <span class='ocrx_word' id='word_1_335' title='bbox 759 2571 925 2615; x_wconf 82' lang='lat' dir='ltr'>pontifex</span> <span class='ocrx_word' id='word_1_336' title='bbox 952 2571 1107 2606; x_wconf 86' lang='lat' dir='ltr'>eundem</span> <span class='ocrx_word' id='word_1_337' title='bbox 1133 2583 1258 2617; x_wconf 85' lang='lat' dir='ltr'>regem</span> <span class='ocrx_word' id='word_1_338' title='bbox 1285 2572 1330 2605; x_wconf 84' lang='lat' dir='ltr'>ad</span> <span class='ocrx_word' id='word_1_339' title='bbox 1354 2583 1516 2607; x_wconf 85' lang='lat' dir='ltr'>mensam</span> <span class='ocrx_word' id='word_1_340' title='bbox 1535 2572 1670 2607; x_wconf 79' lang='lat' dir='ltr'>Christi</span> 
     </span>
     <span class='ocr_line' id='line_1_42' title="bbox 163 2615 1669 2664; baseline 0.005 -17"><span class='ocrx_word' id='word_1_341' title='bbox 163 2617 385 2659; x_wconf 80' lang='lat' dir='ltr'>acceptoque</span> <span class='ocrx_word' id='word_1_342' title='bbox 410 2615 447 2649; x_wconf 90' lang='lat' dir='ltr'>in</span> <span class='ocrx_word' id='word_1_343' title='bbox 473 2617 640 2651; x_wconf 78' lang='lat' dir='ltr'>manibus</span> <span class='ocrx_word' id='word_1_344' title='bbox 665 2629 817 2663; x_wconf 88' lang='lat' dir='ltr'>corpore</span> <span class='ocrx_word' id='word_1_345' title='bbox 843 2621 880 2652; x_wconf 89' lang='lat' dir='ltr'>et</span> <span class='ocrx_word' id='word_1_346' title='bbox 905 2619 1080 2664; x_wconf 84' lang='lat' dir='ltr'>sanguine</span> <span class='ocrx_word' id='word_1_347' title='bbox 1098 2618 1246 2653; x_wconf 91' lang='lat' dir='ltr'>Domini</span> <span class='ocrx_word' id='word_1_348' title='bbox 1272 2619 1323 2653; x_wconf 81' lang='lat' dir='ltr'>ita</span> <span class='ocrx_word' id='word_1_349' title='bbox 1350 2631 1432 2654; x_wconf 89' lang='lat' dir='ltr'>eum</span> <span class='ocrx_word' id='word_1_350' title='bbox 1460 2620 1669 2664; x_wconf 81' lang='lat' dir='ltr'>alloquitur.</span> 
     </span>
     <span class='ocr_line' id='line_1_43' title="bbox 163 2662 1668 2712; baseline 0.003 -15"><span class='ocrx_word' id='word_1_351' title='bbox 163 2662 200 2705; x_wconf 86' lang='lat'>3)</span> <span class='ocrx_word' id='word_1_352' title='bbox 231 2662 361 2706; x_wconf 81' lang='lat' dir='ltr'>Lamp.</span> <span class='ocrx_word' id='word_1_353' title='bbox 394 2663 481 2697; x_wconf 73' lang='lat' dir='ltr'>dicit</span> <span class='ocrx_word' id='word_1_354' title='bbox 515 2665 699 2707; x_wconf 63' lang='lat' dir='ltr'>qaistolam</span> <span class='ocrx_word' id='word_1_355' title='bbox 734 2668 974 2710; x_wconf 73' lang='lat' dir='ltr'>episcopm-um</span> <span class='ocrx_word' id='word_1_356' title='bbox 1009 2667 1133 2700; x_wconf 79' lang='lat' dir='ltr'>datam</span> <span class='ocrx_word' id='word_1_357' title='bbox 1167 2668 1205 2699; x_wconf 74' lang='lat' dir='ltr'>in</span> <span class='ocrx_word' id='word_1_358' title='bbox 1239 2668 1374 2709; x_wconf 71' lang='lat' dir='ltr'>synodo</span> <span class='ocrx_word' id='word_1_359' title='bbox 1407 2669 1668 2712; x_wconf 67' lang='lat' dir='ltr'>Wornmtiensi,</span> 
     </span>
     <span class='ocr_line' id='line_1_44' title="bbox 162 2710 1670 2759; baseline 0.005 -18"><span class='ocrx_word' id='word_1_360' title='bbox 162 2719 278 2753; x_wconf 74' lang='lat' dir='ltr'>supra</span> <span class='ocrx_word' id='word_1_361' title='bbox 297 2719 339 2752; x_wconf 84' lang='lat' dir='ltr'>p.</span> <span class='ocrx_word' id='word_1_362' title='bbox 356 2710 439 2751; x_wconf 80' lang='lat'>254,</span> <span class='ocrx_word' id='word_1_363' title='bbox 457 2721 492 2746; x_wconf 83' lang='lat' dir='ltr'>n.</span> <span class='ocrx_word' id='word_1_364' title='bbox 509 2713 544 2747; x_wconf 88' lang='lat'>2.</span> <span class='ocrx_word' id='word_1_365' title='bbox 569 2712 766 2749; x_wconf 80' lang='lat' dir='ltr'>laudatam.</span> <span class='ocrx_word' id='word_1_366' title='bbox 793 2715 851 2756; x_wconf 81' lang='lat' dir='ltr'>Cf.</span> <span class='ocrx_word' id='word_1_367' title='bbox 868 2726 903 2758; x_wconf 85' lang='lat' dir='ltr'>p.</span> <span class='ocrx_word' id='word_1_368' title='bbox 922 2715 992 2749; x_wconf 83' lang='lat'>253</span> <span class='ocrx_word' id='word_1_369' title='bbox 1005 2724 1057 2756; x_wconf 79' lang='lat' dir='ltr'>sq.</span> <span class='ocrx_word' id='word_1_370' title='bbox 1155 2715 1192 2757; x_wconf 82' lang='lat'>4)</span> <span class='ocrx_word' id='word_1_371' title='bbox 1217 2717 1258 2747; x_wconf 79' lang='lat' dir='ltr'>ut</span> <span class='ocrx_word' id='word_1_372' title='bbox 1275 2714 1436 2749; x_wconf 87' lang='lat' dir='ltr'>solemne</span> <span class='ocrx_word' id='word_1_373' title='bbox 1455 2718 1509 2749; x_wconf 88' lang='lat' dir='ltr'>est</span> <span class='ocrx_word' id='word_1_374' title='bbox 1525 2717 1670 2759; x_wconf 72' lang='lat' dir='ltr'>scripsit</span> 
     </span>
     <span class='ocr_line' id='line_1_45' title="bbox 163 2756 1668 2804; baseline 0.005 -15"><span class='ocrx_word' id='word_1_375' title='bbox 163 2756 293 2799; x_wconf 80' lang='lat' dir='ltr'>Lamp.</span> <span class='ocrx_word' id='word_1_376' title='bbox 324 2757 535 2792; x_wconf 75' lang='lat' dir='ltr'>recordatus</span> <span class='ocrx_word' id='word_1_377' title='bbox 565 2762 810 2803; x_wconf 74' lang='lat' dir='ltr'>precationum</span> <span class='ocrx_word' id='word_1_378' title='bbox 840 2762 1092 2804; x_wconf 77' lang='lat' dir='ltr'>sollempnium</span> <span class='ocrx_word' id='word_1_379' title='bbox 1125 2762 1165 2794; x_wconf 83' lang='lat' dir='ltr'>in</span> <span class='ocrx_word' id='word_1_380' title='bbox 1199 2762 1345 2794; x_wconf 73' lang='lat' dir='ltr'>iudiciis</span> <span class='ocrx_word' id='word_1_381' title='bbox 1377 2763 1446 2796; x_wconf 67' lang='lat' dir='ltr'>Dea·</span> <span class='ocrx_word' id='word_1_382' title='bbox 1478 2763 1668 2797; x_wconf 69' lang='lat' dir='ltr'>dictarum.</span> 
     </span>
    </p>

    <p class='ocr_par' dir='ltr' id='par_1_12' title="bbox 115 2803 1670 2900">
     <span class='ocr_line' id='line_1_46' title="bbox 115 2803 1670 2852; baseline 0.004 -14"><span class='ocrx_word' id='word_1_383' title='bbox 115 2812 151 2838; x_wconf 76' lang='lat'>45</span> <span class='ocrx_word' id='word_1_384' title='bbox 165 2803 221 2846; x_wconf 82' lang='lat' dir='ltr'>Cf.</span> <span class='ocrx_word' id='word_1_385' title='bbox 247 2803 323 2839; x_wconf 90' lang='lat' dir='ltr'>LL.</span> <span class='ocrx_word' id='word_1_386' title='bbox 359 2804 445 2840; x_wconf 75' lang='lat' dir='ltr'>Soet.</span> <span class='ocrx_word' id='word_1_387' title='bbox 478 2805 518 2848; x_wconf 80' lang='lat' dir='ltr'>V,</span> <span class='ocrx_word' id='word_1_388' title='bbox 546 2806 668 2843; x_wconf 82' lang='lat' dir='ltr'>Form.</span> <span class='ocrx_word' id='word_1_389' title='bbox 698 2819 737 2851; x_wconf 79' lang='lat' dir='ltr'>p.</span> <span class='ocrx_word' id='word_1_390' title='bbox 763 2810 834 2844; x_wconf 81' lang='lat'>604</span> <span class='ocrx_word' id='word_1_391' title='bbox 851 2820 942 2852; x_wconf 59' lang='lat' dir='ltr'>sqq„</span> <span class='ocrx_word' id='word_1_392' title='bbox 979 2808 1040 2841; x_wconf 76' lang='lat' dir='ltr'>ubi</span> <span class='ocrx_word' id='word_1_393' title='bbox 1070 2819 1171 2852; x_wconf 78' lang='lat' dir='ltr'>saepe</span> <span class='ocrx_word' id='word_1_394' title='bbox 1200 2810 1339 2843; x_wconf 74' lang='lat' dir='ltr'>invenis</span> <span class='ocrx_word' id='word_1_395' title='bbox 1367 2809 1451 2844; x_wconf 78' lang='lat' dir='ltr'>haec</span> <span class='ocrx_word' id='word_1_396' title='bbox 1476 2811 1603 2845; x_wconf 84' lang='lat' dir='ltr'>verba:</span> <span class='ocrx_word' id='word_1_397' title='bbox 1641 2811 1670 2844; x_wconf 89' lang='lat' dir='ltr'>si</span> 
     </span>
     <span class='ocr_line' id='line_1_47' title="bbox 163 2850 966 2900; baseline 0.005 -16"><span class='ocrx_word' id='word_1_398' title='bbox 163 2850 336 2885; x_wconf 80' lang='lat' dir='ltr'>innocens</span> <span class='ocrx_word' id='word_1_399' title='bbox 362 2877 370 2886; x_wconf 92' lang='lat'>.</span> <span class='ocrx_word' id='word_1_400' title='bbox 399 2878 407 2887; x_wconf 93' lang='lat'><strong>.</strong></span> <span class='ocrx_word' id='word_1_401' title='bbox 433 2876 442 2886; x_wconf 91' lang='lat'>.</span> <span class='ocrx_word' id='word_1_402' title='bbox 468 2851 498 2885; x_wconf 84' lang='lat' dir='ltr'>si</span> <span class='ocrx_word' id='word_1_403' title='bbox 522 2853 713 2898; x_wconf 82' lang='lat' dir='ltr'>culpabilis</span> <span class='ocrx_word' id='word_1_404' title='bbox 737 2858 847 2900; x_wconf 84' lang='lat' dir='ltr'>atque</span> <span class='ocrx_word' id='word_1_405' title='bbox 871 2866 966 2890; x_wconf 83' lang='lat' dir='ltr'>reus.</span> 
     </span>
    </p>
   </div>
  </div>
 </body>
</html>
