2014 3184
594 259 759 296 INDEX
782 259 1133 298 LOOUTIONUM.

165 377 402 424 obsequendo
421 406 430 415 .
445 404 454 414 .
469 405 478 414 .
499 380 610 423 atque
628 379 845 414 assentando

115 426 169 462 ita
205 425 274 462 sibi
310 436 437 472 regem
469 425 575 461 brevi
612 425 846 462 devinxe-

114 475 213 518 rat,
254 474 297 508 ut
336 475 397 518 88,
414 484 460 510 20.
505 493 548 498 —
587 484 679 518 quos
715 473 847 508 intima

115 520 366 557 familiaritate
388 520 457 556 sibi
473 519 690 556 devinxerat
708 523 788 566 168,
799 532 844 557 20.

118 589 162 594 —
180 579 292 614 quem
316 567 442 603 multis
467 579 554 614 sepe
573 567 789 605 beneficiis.

116 615 186 652 sibi
202 615 426 652 devinxisset
449 617 532 660 207,
543 627 589 652 20.
614 637 657 642 —
677 614 759 662 Quo
784 595 846 651 ille

115 662 296 699 beneficio
320 663 400 710 regi
417 662 608 698 devinctus
634 665 716 709 225,
726 674 772 700 25.
801 684 843 688 —-

116 721 209 766 quos
241 709 422 746 beneficio
453 722 519 746 suo
552 710 742 747 devinctos
776 711 847 746 sibi
897 739 904 746 .
942 739 949 747 .
988 738 996 746 .

116 757 343 814 gloriabatur
366 760 509 799 27010.

164 805 333 852 ingenuis
374 805 544 841 omnibus
580 834 587 842 .
624 834 632 843 .
669 834 677 842 .
702 805 846 841 diem

117 853 256 895 statuit,
279 854 365 888 ante
382 863 492 898 quem
512 853 543 888 si
563 853 603 888 in
620 853 846 888 deditionem

116 911 193 936 non
215 900 403 936 venissent
426 903 509 946 239,
524 912 570 938 10.
607 921 649 926 —-
685 899 846 936 Caeteris

154 976 162 985 .
187 977 197 986 .
224 947 323 984 diem
347 948 486 990 statuit,
512 959 585 993 qua
609 948 679 983 nisi
703 947 846 984 Romae

117 996 320 1042 presentati
349 1007 496 1032 causam
521 995 687 1031 dicerent
719 998 803 1040 255,
817 1007 845 1032 5.

119 1064 163 1070 —-
189 1042 361 1089 diemque
386 1045 425 1079 et
453 1043 576 1079 locum
610 1043 740 1079 statuit
764 1054 846 1078 ooa-

118 1090 281 1127 dunandi
306 1091 487 1127 exercitus
511 1093 595 1136 210,
604 1102 649 1128 20.
675 1112 718 1117 —
738 1091 846 1126 Diem

117 1138 245 1184 pocius
286 1140 423 1174 statuat
465 1140 549 1182 211,
572 1150 619 1176 20.
663 1159 705 1164 -
748 1138 846 1174 diem

117 1186 244 1232 pocius
257 1186 452 1231 locumque
461 1186 700 1222 constitueret
709 1188 791 1230 229,
800 1198 845 1224 20.

120 1254 164 1260 -
201 1245 239 1269 se
273 1259 283 1269 .
314 1262 322 1270 .
353 1262 361 1270 .
397 1233 628 1269 coadunandi
665 1234 847 1269 exercitus

119 1280 218 1316 diem
253 1309 262 1318 .
296 1309 304 1318 .
337 1309 345 1318 .
381 1281 613 1317 constituisse
643 1283 724 1322 230,
741 1294 767 1318 1.
802 1302 845 1308 —-

118 1327 258 1364 Petunt
289 1355 298 1364 .
325 1357 334 1366 .
361 1357 370 1366 .
405 1328 503 1364 diem
528 1330 565 1364 et
589 1329 711 1364 locum
736 1329 849 1364 statui

118 1378 201 1421 296,
216 1387 262 1413 10.

168 1423 348 1469 Sequenti
372 1423 432 1459 die
458 1452 467 1460 .
494 1449 503 1459 .
531 1452 538 1461 .
569 1423 727 1459 duorum
752 1435 848 1469 pene

120 1471 307 1509 dierum
340 1471 414 1506 iter
446 1470 603 1507 confecit
636 1473 719 1516 217,
742 1482 771 1508 5.
804 1492 847 1497 -—

118 1519 191 1554 iter
214 1518 322 1555 unius
347 1518 421 1555 diei
445 1547 454 1556 .
474 1547 482 1556 .
503 1547 510 1555 .
536 1519 598 1555 vix
622 1518 746 1554 triduo
763 1530 848 1555 con—

119 1566 208 1602 fecit
231 1569 314 1611 232,
330 1578 374 1603 10.

168 1613 233 1649 ubi
249 1613 508 1649 animadvertit
533 1641 540 1650 .
561 1642 568 1649 .
589 1639 596 1647 .
620 1613 760 1648 bellum
778 1613 848 1648 ira-

121 1661 366 1705 cundiamque
399 1661 497 1707 regis
530 1661 647 1706 magis
681 1660 719 1695 in
745 1660 849 1696 dies

122 1709 295 1744 adversus
332 1719 419 1744 eum
455 1707 668 1743 crudescere
708 1710 848 1748 118,15.

121 1756 297 1791 invidiam
333 1784 341 1792 .
368 1781 377 1790 .
405 1783 413 1792 .
447 1755 565 1802 magis
596 1755 786 1800 magisque
811 1755 850 1789 in

122 1803 200 1839 dies
230 1802 486 1838 incandescere
523 1805 606 1847 325,
620 1813 667 1839 so,
704 1823 746 1827 —
784 1814 851 1837 rex

121 1851 250 1887 videns
267 1850 558 1886 coniurationem
582 1850 700 1896 magis
717 1850 850 1896 magis-

122 1910 194 1944 que
230 1898 270 1933 in
306 1897 384 1934 dies
421 1898 673 1934 convalescere
709 1899 789 1942 161,
803 1908 849 1934 25.

125 1945 413 1992 —conspiratio
438 1974 445 1982 .
465 1971 474 1980 .
493 1973 502 1983 .
527 1945 644 1992 magis
668 1955 710 1980 ac
734 1945 850 1991 magis

122 1994 162 2029 in
202 1993 280 2029 dies
320 1993 564 2029 roborabatur
609 1995 761 2037 258,10.
807 2013 848 2017 -

124 2041 264 2087 Opibus
289 2041 401 2076 etiam
427 2069 436 2077 .
458 2069 465 2076 .
486 2069 493 2077 .
519 2040 636 2087 magis
661 2039 850 2086 magisque

123 2089 161 2124 in
186 2087 264 2124 dies
297 2099 344 2123 au
371 2088 501 2124 ebatur
531 2090 614 2133 329,
628 2099 673 2125 so.
708 2089 788 2127 346
804 2098 849 2124 25.

171 2135 250 2172 Nec
269 2135 341 2171 dis
370 2135 486 2172 icile
508 2135 580 2170 fuit
603 2135 642 2170 id
659 2135 851 2170 hominum

122 2194 514 2275 wem.
510 2183 734 2267 ish-&¹¹33
755 2209 850 2265 ..f-f.

123 2278 192 2314 cile
230 2277 301 2313 fuit
336 2278 526 2324 ingenium
562 2278 659 2324 regis
695 2306 703 2314 .
731 2305 740 2314 .
767 2306 774 2314 .
813 2277 851 2312 in

122 2325 215 2361 iram
240 2325 399 2361 excitare
423 2328 506 2370 264,
520 2335 565 2362 25.

170 2372 320 2408 tandem
367 2384 492 2408 rerum
533 2372 851 2408 difficultate

123 2422 315 2466 superatus
350 2422 431 2466 144,
449 2431 494 2457 20.
535 2441 577 2446 -
614 2420 764 2455 tandem
798 2419 851 2454 rei

124 2467 340 2504 difficultate
381 2469 573 2513 superatus
615 2470 698 2511 227,
719 2478 762 2503 ιο.
807 2487 849 2492 -

124 2514 325 2551 Consulens
364 2544 372 2551 .
399 2543 407 2551 .
435 2543 443 2552 .
480 2526 606 2550 rerum
643 2513 852 2550 difficultati

124 2564 206 2607 333,
225 2573 270 2599 ιο.
309 2583 352 2588 -
391 2564 573 2598 caeteram
609 2562 719 2597 rebus
745 2560 851 2595 ›diffi-

125 2610 300 2645 cultatem
324 2609 429 2645 facile
453 2609 688 2645 adimendam
711 2611 794 2652 283,
805 2619 851 2644 25.

127 2677 169 2682 —
220 2656 392 2702 adempta
445 2656 586 2692 itineris
636 2655 851 2691 difficultate

124 2706 266 2745 303‚2o.
303 2724 346 2730 -
382 2703 461 2740 Nec
491 2706 615 2739 tamen
645 2703 716 2738 hoc
741 2702 852 2738 modo

125 2751 295 2787 omnibus
325 2751 434 2787 rebus
459 2750 655 2787 difficultas
681 2750 853 2795 adempta

125 2801 195 2836 321
222 2809 267 2835 ιο.

171 2825 324 2891 piopter
357 2845 723 2880 difficultatem
757 2844 853 2878 loco-

125 2904 208 2928 rum
244 2895 324 2938 161,
341 2903 386 2930 20.
427 2913 469 2918 -
508 2892 666 2927 insulam
702 2893 855 2936 propter

1551 262 1620 297 421

950 380 992 416 V.
1023 380 1136 416 Mart.
1168 381 1201 416 2.
1245 378 1387 424 Quibus
1424 378 1534 414 rebus
1571 378 1623 413 ita

896 426 965 461 sibi
990 438 1116 462 omnes
1142 426 1408 462 commilitones
1433 437 1517 460 suos
1545 425 1622 461 de·

894 474 1146 518 vinxerat,
1172 476 1222 510 ut.
1252 494 1294 498 ——-
1327 475 1466 510 Terent.
1486 474 1556 510 Ad.
1581 474 1622 516 V,

897 523 929 564 9,
955 523 1015 557 31.
1045 521 1085 555 id
1109 520 1190 556 fieri
1217 549 1223 556 .
1252 547 1260 555 .

895 567 1132 614 indulgendo,
1162 532 1374 613 largiendeoX3
1393 520 1622 564 assentand0‚

1410 569 1542 604 Heaut.
1569 569 1622 612 ΙΙ,

895 618 929 660 3,
955 617 1013 652 24.
1048 615 1119 651 hoc
1143 614 1322 650 beneficio
1353 643 1361 651 .
1389 643 1396 651 .
1426 644 1432 651 .
1466 615 1623 651 devinci-

894 662 996 699 mini.
1024 683 1070 689 —-
1095 664 1229 699 lustin.
1253 663 1365 706 XIII,
1385 663 1418 706 6,
1439 665 1495 699 19.
1518 673 1624 708 reges

1037 710 1224 746 beneficiis
1266 709 1520 755 obsequiisque
1563 709 1623 746 de-

894 758 1073 793 vinxerat.

944 806 1034 842 Sall.
1049 807 1124 842 Cat.
1143 807 1200 842 36.
1228 807 1370 840 ceterae
1395 804 1624 839 multitudini

896 853 1022 890 diem
1069 853 1212 898 statuit,
1263 855 1347 887 ante
1389 864 1499 897 quam
1546 853 1623 888 sine

896 900 1025 936 fraude
1057 901 1184 936 liceret
1218 901 1264 936 ab
1290 900 1399 935 armis
1425 899 1623 936 discedere.

947 1424 1056 1459 Num.
1070 1425 1125 1467 11,
1139 1425 1197 1459 31.
1216 1422 1347 1458 itinere
1357 1424 1536 1467 quantum
1553 1433 1626 1457 uno

898 1470 975 1506 die
1005 1469 1135 1506 confici
1159 1473 1291 1516 potest.

949 1614 1039 1649 Sall.
1067 1614 1143 1649 Cat.
1171 1615 1202 1650 5.
1253 1612 1477 1658 Agitabatur
1510 1612 1627 1656 magis

900 1661 1091 1706 magisque
1124 1660 1161 1694 in
1187 1659 1310 1702 dies,
1345 1660 1425 1703 luy.
1453 1662 1485 1695 7.
1512 1659 1627 1704 magis

900 1708 1089 1754 magisque
1115 1707 1153 1741 in
1179 1707 1255 1742 dies
1280 1706 1461 1751 amplecti.

949 1850 1019 1886 Cic.
1047 1850 1127 1885 Mil.
1156 1851 1189 1893 9,
1214 1851 1272 1886 25.
1299 1850 1402 1882 tanto
1427 1847 1486 1882 hic
1511 1847 1627 1893 magis

900 1897 937 1932 in
964 1897 1040 1932 dies
1066 1896 1352 1932 convalescebat.

950 2371 1038 2406 Sall.
1058 2371 1134 2405 Cat.
1154 2372 1211 2406 57.
1239 2380 1283 2404 ex
1310 2367 1626 2403 difficultate

902 2429 1025 2453 rerum
1057 2416 1185 2451 eadem
1220 2416 1281 2450 illa
1316 2415 1549 2450 existumans.
1584 2435 1625 2439 —

902 2466 979 2501 Liv.
1006 2465 1147 2506 XLIV,
1173 2466 1206 2499 7.
1242 2475 1325 2498 cum
1359 2463 1438 2507 ipsa
1472 2461 1627 2496 difficul-

901 2516 977 2547 tate
1003 2523 1126 2547 rerum
1152 2510 1390 2556 pugnandum
1418 2512 1506 2544 erat.

951 2844 985 2878 2.
1004 2841 1122 2876 Mach.
1144 2843 1198 2883 13,
1222 2841 1275 2876 18.
1299 2842 1376 2874 arte
1403 2837 1628 2874 difficul-

903 2891 1006 2924 tate
1017 2900 1054 2923 m
1080 2888 1243 2923 locorum
1268 2886 1444 2922 tentabat.
