2046 3190
222 357 323 391 1075.

207 403 267 429 Oct.
280 403 323 428 23.

122 1205 162 1236 cf.
174 1205 233 1231 Ier.
245 1206 271 1237 9,
282 1206 325 1231 15.

337 237 408 271 236
694 233 964 269 LAMPERTI
988 232 1241 268 ANNALES.
1290 232 1338 268 A.
1366 234 1470 270 1075.

339 371 468 399 suam
511 370 711 399 asserere
752 356 1097 411 permittantur,
1139 354 1277 396 facile
1320 355 1494 396 crimen
1533 353 1752 396 refellant
1793 354 1841 396 et

340 431 386 459 se
429 418 641 471 acceptas
682 416 731 457 in
765 414 1077 469 Grerstinguna
1115 414 1240 469 pacis
1273 414 1565 456 condiciones
1605 412 1736 455 nullo
1769 413 1842 456 de-

338 477 495 531 inceps
537 489 652 517 ausu
693 475 936 517 temerario
968 474 1161 516 violasse
1203 474 1411 528 probent,
1450 473 1524 514 vel
1566 473 1603 514 si
1646 471 1841 527 probare

338 538 583 590 nequeant,
627 548 780 590 penas,
824 548 936 588 quas
977 533 1100 587 leges
1143 535 1189 574 et
1231 533 1346 574 scita
1386 532 1610 574 maiorum
1641 532 1691 573 in
1722 531 1841 573 simi·

339 596 453 636 lium
487 594 729 636 criminum
760 607 860 636 reos
893 593 1140 643 sanxerint,
1184 592 1441 647 persolvere
1483 605 1575 633 non
1617 591 1838 632 abnuant.
1854 603 1871 629 5

338 650 502 696 Nuncb
538 667 646 695 vero
678 667 796 695 novo
830 652 1119 694 crudelitatis
1156 665 1323 706 genere
1354 650 1678 692 innocentibus
1708 649 1840 692 refel-

338 714 466 755 lendi
499 713 701 755 criminis
735 713 913 767 copiam
945 726 1038 752 non
1071 711 1183 760 dari,
1218 710 1526 765 placationem
1557 723 1651 751 non
1682 709 1839 764 recipi,

339 773 703 814 satisfactionem
735 786 829 813 non
851 771 1049 819 admitti,
1083 770 1163 811 sed
1196 769 1336 811 semel
1359 770 1607 824 conceptae
1635 769 1841 823 indigna-

338 833 479 873 tionis
510 832 635 874 virus
667 832 734 872 ita
766 831 951 886 penitus
983 830 1087 871 imis
1118 829 1339 870 insedisse
1365 828 1629 878 visceribus,
1662 829 1716 869 ut
1747 841 1842 870 non

341 892 431 933 alio
454 891 757 933 medicamine
791 905 927 944 quam
948 890 1098 931 tocius
1122 888 1372 930 Saxonicae
1395 887 1546 942 gentis
1569 887 1842 930 exterminio
1857 899 1892 926 ιο

341 951 489 992 sedari
528 950 695 992 valeat.
759 949 958 990 Proinde
990 949 1180 990 videant
1215 948 1317 1002 ipsi,
1361 959 1583 989 memores
1623 947 1842 988 humana-

339 1025 442 1051 rum
474 1024 639 1059 rerum,
674 1023 730 1051 ne
763 1009 885 1050 forte
914 1008 1174 1062 pestilentis
1196 1007 1334 1048 huius
1357 1005 1555 1061 exempli
1576 1005 1844 1060 contagium

341 1071 524 1124 sumpto
558 1070 614 1110 ab
649 1069 906 1110 Saxonibus
940 1068 1126 1110 exordio
1159 1069 1363 1108 caeteros
1396 1066 1537 1108 etiam
1569 1065 1843 1120 quandoque

339 1129 472 1183 regni
513 1128 742 1183 principes
783 1128 973 1177 inficiat,
1017 1129 1063 1169 et
1103 1127 1171 1168 ita
1209 1140 1332 1168 nunc
1369 1125 1635 1167 infelicibus
1667 1124 1843 1167 eventis

342 1189 573 1229 Saxonum
615 1189 925 1237 moderentur,
971 1186 1070 1227 ita⁰
1120 1185 1309 1228 calicem
1351 1186 1475 1226 hunc
1515 1184 1640 1226 fellis
1682 1185 1729 1226 et
1769 1183 1843 1226 ab·
1857 1197 1892 1224 1⁶

341 1248 503 1288 sinthii
535 1247 757 1289 misceant
791 1249 837 1288 et
869 1246 1117 1301 propinent
1150 1244 1418 1295 Saxonibus,
1457 1245 1512 1284 ut
1543 1243 1631 1285 sibi
1663 1255 1843 1298 quoque

341 1307 480 1361 paulo
513 1309 616 1361 post
649 1307 846 1347 eundem
878 1305 1171 1346 meminerint
1203 1317 1299 1346 esse
1333 1303 1597 1346 bibendum.
1646 1301 1704 1345 Se
1734 1302 1840 1356 iam,

341 1366 484 1407 incisa
526 1380 618 1420 spe,
662 1365 828 1406 omissa
869 1365 1084 1418 deinceps
1117 1363 1279 1405 salutis
1312 1358 1551 1417 propriaed
1589 1375 1710 1411 cura,
1753 1361 1841 1409 hoc

341 1425 534 1467 firmiter
566 1425 718 1466 animo
752 1424 980 1474 statuisse,
1019 1425 1086 1474 ut,
1126 1422 1344 1476 quicquid
1376 1422 1448 1462 illi
1479 1421 1710 1475 agendum
1742 1433 1840 1463 cen-

342 1486 484 1534 seant,
520 1484 757 1533 suadeant,
784 1483 989 1532 iubeant,
1012 1483 1338 1524 incunctanter
1359 1483 1512 1535 agant,
1546 1493 1630 1522 nec
1653 1493 1839 1521 suarum
1853 1496 1888 1522 20

342 1544 544 1598 partium
589 1543 743 1584 studio
784 1543 1048 1597 patianture
1087 1541 1283 1583 ulterius
1328 1540 1478 1582 tocius
1518 1540 1586 1581 rei
1625 1539 1838 1594 publicae

342 1604 515 1644 statum
538 1602 804 1657 periclitari.
851 1602 927 1642 Ad
959 1602 1072 1643 haec
1098 1601 1170 1642 illi
1190 1600 1530 1655 responderunt
1562 1612 1609 1641 se
1642 1612 1838 1649 causam,

341 1676 432 1716 qua
463 1661 662 1717 primum
694 1661 911 1703 adversus
951 1674 1107 1714 regem
1140 1674 1267 1702 arma
1298 1659 1589 1714 sumpserint,
1631 1672 1726 1700 non
1766 1658 1840 1700 ad·

341 1722 529 1763 modum
560 1721 832 1776 improbare,
873 1734 957 1762 nec
990 1719 1172 1774 placere
1201 1716 1306 1760 *sibi
1338 1718 1624 1760 obstinatum
1655 1717 1715 1759 ad
1746 1730 1841 1772 per-
1854 1733 1975 1766 *p.235.
2018 1708 2034 1735 ⁵³·

341 1781 508 1822 niciem
541 1794 699 1822 eorum
731 1780 852 1834 regis
885 1780 1090 1820 animum
1123 1781 1169 1820 et
1202 1778 1413 1833 pertinax
1444 1777 1622 1827 odium;
1658 1789 1842 1819 consen-
1854 1792 1890 1819 25

342 1840 451 1882 sisse
483 1842 639 1881 tamen
671 1840 720 1880 in
751 1839 838 1881 hoc
871 1852 1027 1880 omnes
1058 1838 1190 1892 regni
1212 1838 1439 1893 principes
1462 1837 1518 1878 de
1539 1837 1761 1891 usurpato
1791 1835 1843 1877 in

340 1913 389 1940 re
432 1899 619 1954 publica
658 1912 777 1940 novo
818 1899 905 1940 hoc
954 1900 1000 1940 et
1047 1897 1206 1938 multis
1252 1898 1376 1938 retro
1419 1895 1585 1938 seculis
1630 1895 1841 1937 inaudito

340 1959 545 1999 facinore
577 1972 671 1999 non
703 1957 840 1999 aliter
870 1958 970 2011 regi
1000 1957 1074 1999 vel
1105 1957 1173 1998 rei
1205 1956 1418 2011 publicae
1450 1969 1581 2010 posse
1613 1954 1839 2004 satisfieri,

342 2031 479 2070 quam
511 2020 564 2058 ut
597 2030 643 2058 se
677 2017 848 2070 absque
880 2017 978 2057 ulla
1010 2016 1278 2071 exceptione
1311 2015 1504 2065 dedant;
1546 2014 1634 2056 sibi
1670 2015 1838 2063 autem,

341 2089 535 2129 quorum
575 2071 690 2116 hocf
728 2075 919 2116 consilio
952 2077 1139 2129 agantg,
1183 2088 1319 2116 curae
1360 2074 1584 2124 futurum,
1627 2075 1681 2114 ut
1721 2072 1840 2114 nihil
1854 2088 1889 2114 30

343 2148 397 2176 ex
419 2135 506 2175 hac
531 2134 778 2183 deditione,
813 2135 934 2187 quod
958 2134 1099 2174 saluti
1121 2147 1291 2183 eorum,
1326 2134 1449 2187 quod
1475 2133 1650 2183 honori,
1685 2126 1837 2186 quodll

341 2194 408 2235 rei
439 2193 660 2234 familiari
692 2193 880 2242 officiat,
916 2193 1223 2246 experiantur.
1277 2193 1509 2233 Adversus
1541 2192 1661 2232 hanc
1682 2205 1840 2233 vocem

341 2254 639 2294 vehementer
659 2252 900 2293 infremuit
921 2251 1087 2305 vulgus
1110 2251 1402 2300 Saxonicum3
1428 2251 1684 2303 durumque
1701 2249 1840 2290 omni-

342 2312 428 2353 bus
459 2312 608 2353 visum
640 2313 709 2353 est
743 2312 789 2352 et
820 2310 1112 2352 intolerabile
1146 2305 1210 2351 eii
1243 2309 1479 2363 sanguinis
1511 2309 1582 2349 sui
1612 2309 1684 2349 ius
1716 2310 1839 2362 pote-

342 2373 600 2424 statemque
631 2371 797 2419 facere,
832 2365 990 2411 cuiusk
1017 2369 1305 2410 crudelitatis
1336 2370 1433 2408 tam
1456 2367 1579 2408 clara
1611 2367 1840 2421 cepissent
1853 2382 1888 2408 35

343 2429 705 2484 experimenta1;
755 2429 833 2483 qui
884 2430 987 2483 post
1040 2427 1420 2482 depopulationes
1470 2421 1741 2480 Turingiae¹
1792 2427 1839 2467 et

343 2489 579 2540 Saxoniae,
622 2490 726 2543 post
767 2488 916 2529 multa
946 2488 1226 2529 hominumm
1258 2486 1386 2527 milia
1427 2499 1529 2527 cesa
1570 2485 1722 2527 adhuc
1754 2485 1839 2540 spi-

341 2562 447 2589 rans
469 2549 697 2589 minarum
730 2549 776 2589 et
799 2547 922 2589 cedis
944 2547 1098 2588 omnia
1130 2546 1371 2587 adversum
1403 2558 1478 2587 eos
1510 2544 1671 2586 mundi
1696 2557 1840 2599 regna

342 2676 370 2705 a)
391 2675 552 2706 Gerstigun
571 2676 598 2700 A
610 2676 634 2700 1.
708 2673 739 2707 b)
758 2675 819 2699 Nec
838 2674 915 2699 Bia.
990 2672 1017 2706 c)
1037 2676 1071 2698 ut
1091 2673 1158 2697 add.
1180 2673 1205 2696 B
1217 2671 1260 2697 lb.
1335 2670 1366 2705 d)
1385 2672 1486 2703 propie
1506 2672 1584 2697 Bia.
1658 2671 1686 2704 e)
1705 2670 1839 2703 partian-

342 2714 392 2735 tur
411 2711 472 2737 Al.
537 2710 560 2743 f)
580 2717 635 2735 om.
656 2710 682 2734 B
696 2709 739 2735 lb.
806 2709 837 2742 g)
856 2707 1005 2743 agat²(ur)
1024 2709 1086 2734 132.
1149 2707 1179 2740 h)
1199 2708 1238 2739 qd
1257 2708 1336 2733 Blfl.
1393 2707 1414 2740 i)
1435 2708 1476 2733 cis
1496 2708 1575 2732 Bia.
1631 2707 1662 2737 k)
1682 2714 1737 2732 om.
1757 2707 1837 2732 131⁸.
1850 2708 1888 2733 40

342 2746 362 2776 ])
383 2746 476 2771 Thur.
496 2746 558 2770 Bl.
633 2745 672 2778 m)
692 2746 774 2770 milia
795 2745 873 2770 hom.
895 2746 974 2770 Bia.

344 2839 378 2882 1)
401 2839 486 2872 Vide
503 2850 592 2882 quae
617 2840 665 2872 ad
682 2839 764 2872 haec
790 2839 870 2872 bene
886 2842 1000 2872 monet
1015 2838 1196 2872 Delbrz'lclc
1214 2848 1253 2880 p.
1268 2839 1314 2872 48
1328 2849 1377 2880 sq.
1405 2838 1517 2879 Infra
1534 2847 1567 2872 α.
1584 2838 1687 2878 1076,
1701 2847 1740 2879 p.
1755 2837 1837 2877 261,

341 2886 438 2919 dixit
454 2886 582 2929 Lamp.
604 2886 760 2920 ottonem
777 2887 818 2920 de
834 2886 1022 2920 Northeim
1039 2886 1194 2918 maxime
1210 2886 1328 2927 eyisse,
1354 2888 1393 2918 ut
1412 2885 1597 2928 principes
1611 2894 1647 2918 se
1663 2884 1837 2919 dederent.

2024 1578 2036 1586 ⁴'
2026 1563 2027 1566 Α
2027 1355 2046 1519 &uhts-1512„
2025 1325 2026 1328 ⁴
