1968 3164
526 273 796 310 LAMPERTI
820 274 1076 311 ANNALES.
1126 275 1173 311 A.
1203 277 1305 312 1065.
1632 278 1691 314 99-

167 397 289 440 nihil
318 397 368 439 in
398 397 635 440 redeundo
658 397 862 452 perpessi
883 397 1087 439 Liciama
1116 400 1437 452 pervenerunt,
1472 394 1672 453 gratiasb
1696 406 1797 442 1065.

167 457 269 500 Deo
309 457 585 506 referentes,
629 457 752 511 quod
794 457 1015 499 emensisc
1056 459 1126 499 tot
1165 471 1317 499 rerum
1350 458 1679 512 asperitatibus

167 517 296 560 vivos
335 530 413 559 eos
453 518 501 559 et
541 516 797 558 incolumes
838 517 887 558 in
928 518 1084 558 tutum
1125 517 1420 559 restituisset.
1484 517 1551 558 Ex
1593 518 1679 560 hoc

169 590 252 632 per
282 576 642 619 christianorum
675 576 788 618 fines
821 576 1023 618 reditum
1056 576 1338 618 facientibus
1367 577 1520 618 onmia
1554 578 1679 619 cede-

137 635 284 679 sbant
335 649 391 678 ex
438 635 683 678 sententia.
757 635 930 678 Verum
982 637 1283 691 posteaquam
1331 636 1378 677 in
1426 636 1679 691 Ungariam

169 697 359 739 ventum
382 697 465 746 est,
501 691 800 737 Guntherusd
823 695 1248 750 Babenbergensise
1279 696 1532 751 episcopus,
1564 697 1677 738 heu!

169 755 404 798 inmatura
424 757 572 797 morte
595 757 856 809 preventus,
891 769 1136 810 prosperae
1159 769 1211 797 ac
1235 755 1385 798 laetae
1408 756 1679 797 reversionis

169 814 415 870 lugubrem
437 814 651 856 omnibus
683 814 858 857 exitum
891 815 1019 856 fecit.
1074 815 1285 856 Decessit
1311 818 1468 857 autem
1490 810 1547 856 X.
1573 815 1678 856 Kal.

169 873 415 930 Augusti¹,
449 875 603 916 aetate
635 874 818 929 integra
850 870 926 916 etf
953 874 1011 915 ad
1038 875 1370 929 perfruendum
1404 875 1490 916 1100
1524 875 1679 917 seculo
1694 888 1808 914 [uma.

122 949 157 974 10
170 933 368 976 maxime
408 935 636 984 maturag,
679 933 749 975 vir
790 936 944 988 preter
981 948 1160 975 morum
1192 934 1387 989 gloriam
1420 937 1466 976 et
1500 935 1679 976 animae

171 993 362 1036 divicias
394 993 598 1048 corporis
619 1006 800 1047 quoque
833 993 965 1035 bonis
998 988 1234 1048 adprimell
1272 996 1476 1035 ornatus.
1529 994 1680 1035 Natus

171 1054 271 1095 erat
303 1066 358 1095 ex
390 1052 550 1108 primis
583 1052 763 1107 palacii,
798 1052 990 1107 privatis
1013 1053 1376 1107 possessionibus
1405 1055 1560 1107 preter
1591 1054 1680 1108 epi-

171 1112 413 1168 scopatum
454 1112 857 1162 affluentissimus,
901 1111 1063 1167 lingua
1103 1115 1344 1167 promptus
1387 1116 1432 1154 et
1474 1113 1678 1163 consilio,

171 1171 342 1214 litteris
373 1171 584 1214 eruditus
615 1173 713 1213 tam
736 1171 904 1213 divinis
936 1186 1074 1226 quam
1107 1172 1334 1222 humanis,
1369 1174 1469 1213 tum
1502 1175 1683 1213 statura

123 1247 158 1273 15
171 1233 219 1274 et
260 1231 438 1274 formae
479 1230 714 1286 elegantia
753 1245 805 1272 ac
846 1231 997 1273 tocius
1039 1231 1241 1286 corporis
1278 1231 1550 1286 integritate
1582 1227 1671 1273 itai

171 1286 395 1334 caeterisk
431 1290 637 1333 eminens
679 1290 974 1340 mortalibus,
1019 1293 1071 1332 ut
1112 1291 1162 1332 in
1193 1290 1276 1332 illo
1309 1291 1680 1332 Ierosolimitano

169 1349 337 1393 itinere
377 1363 432 1392 ex
471 1350 665 1392 urbibus
707 1352 754 1392 et
795 1350 917 1405 agris
959 1350 1201 1405 spectandi
1248 1350 1346 1392 eius
1388 1350 1543 1392 studio
1585 1365 1681 1405 pro-

170 1409 380 1460 fluerent,
415 1411 462 1452 et
495 1410 612 1452 bene
644 1423 799 1451 secum
832 1412 988 1451 actum
1022 1410 1242 1457 crederet,
1283 1410 1358 1451 0111
1390 1423 1494 1452 011111
1526 1410 1682 1452 videre

171 1469 456 1524 contigisset.
509 1469 658 1519 Unde,
693 1483 798 1511 cum
830 1469 992 1524 positis
1026 1469 1090 1511 eis
1122 1469 1171 1510 in
1204 1469 1454 1511 diversorio
1487 1469 1682 1524 plerum-

121 1542 259 1584 noque
289 1529 430 1571 turba
459 1529 774 1584 intemperans
806 1531 996 1584 propter
1018 1543 1122 1571 eum
1155 1529 1292 1570 nimis
1318 1529 1513 1571 molesta
1545 1529 1679 1576 foret,

171 1587 436 1644 compulsus
483 1590 553 1631 est
601 1588 879 1643 aliquotiens
927 1603 954 1630 a
1001 1588 1195 1630 caeteris
1236 1588 1484 1643 episcopis,
1534 1591 1586 1629 ut
1634 1589 1682 1629 111

171 1647 410 1703 publicum
442 1648 712 1703 procederet
745 1650 792 1690 et
821 1648 1110 1690 obsidentem
1142 1643 1289 1689 fores¹
1332 1647 1681 1690 multitudinem

171 1721 254 1750 suo
276 1707 543 1763 spectaculo
575 1721 603 1749 a
625 1709 911 1750 caeterorum
933 1707 1177 1749 vexatione
1200 1710 1427 1748 avocaret.
1481 1707 1679 1748 Tantum

171 1767 296 1810 hunc
327 1766 624 1809 transitoriae
655 1766 898 1808 felicitatis
931 1766 1223 1821 splendorem
1255 1767 1378 1808 vitae
1416 1766 1683 1808 innocentia

122 1843 158 1870 85
171 1828 220 1869 et
251 1838 431 1869 morum
462 1825 774 1880 temperantia
797 1825 1037 1867 clariorem
1069 1825 1118 1866 in
1151 1839 1204 1867 eo
1238 1825 1681 1879 cumulatioremque

170 1885 422 1928 faciebant.
485 1884 606 1927 Nam
648 1887 829 1926 tantam
870 1884 919 1926 in
961 1898 1008 1927 se
1041 1884 1281 1939 utriusque
1294 1888 1323 1907 ¹¹¹
1357 1885 1556 1926 hominis
1589 1885 1680 1939 glo<

171 1945 300 1995 riam,
343 1958 482 2000 quam
522 1957 681 1986 omnes
721 1943 1022 1993 mirabantur,
1066 1943 1190 1986 solus
1230 1944 1328 1999 ipse
1360 1944 1455 1985 ita¹¹
1493 1947 1682 1999 propter

170 2003 324 2047 Deum
374 2003 780 2059 contempnebat0,
834 2005 887 2044 ut
934 2004 1120 2045 infimae
1168 2017 1349 2058 quoque
1397 2004 1681 2045 condicionis

170 2062 436 2106 hominibus
476 2062 746 2118 popularem
795 2076 842 2105 se
883 2077 1264 2117 communemque
1306 2063 1518 2118 preberet
1567 2066 1613 2105 et
1655 2078 1682 2104 a

123 2122 340 2168 soservisv
381 2121 476 2165 suis
516 2122 787 2178 plerumque
828 2122 1050 2164 maximas
1091 2122 1334 2164 verborum
1377 2122 1681 2164 contumelias

169 2181 350 2224 inultus
371 2181 615 2238 acciperet.
665 2181 848 2224 Celebri
870 2195 979 2237 ergo
1002 2195 1171 2237 pompa
1201 2182 1379 2224 funeris
1411 2182 1460 2223 in
1483 2182 1679 2236 patriam

170 2243 434 2297 reportatus
467 2243 514 2284 et
543 2241 723 2297 magnis
745 2241 950 2283 omnium
983 2241 1062 2296 qui
1095 2255 1200 2283 eum
1232 2244 1456 2283 noverant
1490 2241 1680 2295 plancti-

170 2300 258 2343 bus
299 2303 540 2356 exceptus,
582 2300 632 2342 in
665 2300 1041 2356 Babenbergensi
1083 2300 1326 2351 aecclesia,
1366 2301 1447 2342 ubi
1480 2316 1506 2342 a
1541 2315 1680 2355 puero

170 2359 458 2411 adoleverat,
502 2359 713 2415 sepultus
754 2362 838 2402 est.
902 2359 1132 2402 Successit
1165 2360 1207 2402 ei
1248 2360 1298 2401 in
1330 2360 1674 2415 episcopatu1n‘1

62 2445 66 2447 ·
123 2419 485 2465 wHerimannus
506 2419 804 2462 vicedomnus
826 2419 1140 2475 Mogontinus,
1176 2419 1255 2474 qui
1286 2420 1333 2460 in
1367 2420 1527 2461 eadem
1562 2419 1680 2461 Iero-

171 2478 437 2522 solimitana
477 2478 877 2534 peregrinatione*
915 2479 1220 2527 constitutus,
1265 2479 1374 2520 dum
1418 2493 1520 2520 eum
1559 2479 1679 2519 inva-

170 2537 374 2581 lescente
416 2538 576 2580 morbo
617 2538 677 2580 ad
725 2538 899 2580 exitum
948 2539 1103 2593 urgeri
1150 2538 1349 2586 videret,
1400 2537 1679 2591 legationem

171 2597 382 2652 premisit
413 2597 473 2639 ad
494 2597 775 2640 necessarios
797 2611 916 2647 suos,
951 2597 1118 2652 quibus
1141 2597 1292 2652 patria
1325 2597 1549 2638 excedens
1572 2610 1680 2638 suae

171 2719 191 2739 a
221 2711 332 2738 Utinm
350 2712 414 2738 Bs.
479 2711 511 2744 b)
529 2713 586 2745 gxi
606 2712 684 2738 ΒΗ.
751 2712 780 2745 c)
798 2713 919 2738 imensis
937 2713 1026 2746 B1·;
1048 2712 1170 2739 emersis
1191 2711 1272 2738 1310.
1341 2711 1371 2743 d)
1391 2710 1540 2736 Gunterus
1563 2712 1585 2735 A
1600 2713 1623 2735 1.
1639 2712 1679 2735 μ.

123 2752 188 2778 400
219 2747 471 2780 bahenbmemis
488 2746 572 2774 Bxb.
652 2748 675 2780 f)
696 2755 753 2774 om.
772 2748 836 2774 Bl.
850 2748 878 2774 8.
958 2747 991 2781 g)
1010 2752 1117 2774 natura
1136 2748 1163 2773 B
1178 2749 1219 2774 1⁸.
1301 2747 1331 2778 h)
1350 2754 1437 2779 appr.
1459 2746 1484 2771 B
1498 2748 1524 2772 2.
1609 2747 1628 2777 i)
1650 2750 1681 2771 ut

173 2783 244 2810 add.
262 2781 345 2810 21¹³.
437 2782 470 2816 k)
493 2784 606 2810 cunctis
624 2783 688 2810 ΒΞ.
780 2783 802 2816 Ι)
827 2783 898 2810 foris
918 2784 980 2810 ΒΞ.
1073 2783 1112 2816 111)
1139 2783 1218 2809 hom.
1245 2786 1302 2808 utr.
1324 2782 1386 2807 ΒΣ.
1479 2783 1509 2812 n)
1537 2790 1592 2807 om.
1616 2782 1639 2807 Β
1653 2783 1679 2807 2.

173 2819 203 2851 ο)
221 2820 369 2845 contemti.
390 2818 454 2845 Al.
545 2818 576 2852 p)
602 2819 700 2845 verbis
719 2818 787 2851 dol„
807 2822 832 2844 oe
852 2820 882 2844 n'n
901 2826 998 2851 mary.
1018 2826 1096 2844 corr.
1117 2819 1210 2844 servis
1230 2818 1292 2844 ΒΞ.
1385 2818 1416 2850 q)
1436 2818 1608 2850 episcopatu
1628 2818 1680 2843 ⁴42

172 2854 262 2880 noluo.
336 2853 362 2886 r)
380 2854 617 2887 perigrinaeione
636 2854 687 2880 Bl
708 2855 775 2887 (per
794 2854 853 2881 lor.
874 2862 953 2880 corr.
974 2855 1034 2881 Ier.
1055 2861 1120 2887 per.
1142 2854 1167 2879 Β
1182 2853 1236 2883 lb).

175 2937 212 2980 1)
234 2936 280 2971 In
306 2935 512 2980 Oodenburq
535 2937 686 2980 civitate,
712 2941 752 2971 ut
777 2938 872 2972 Ann.
900 2937 1024 2972 Anah.
1051 2937 1189 2971 habent.

1346 3006 1389 3042 7*
