2014 3184
354 219 425 255 480

352 337 445 372 tium
471 338 591 374 studio
619 342 698 384 178,
712 351 739 377 5.
768 361 811 367 —
836 346 989 389 propter
1012 345 1078 381 im-

351 385 498 429 pensius
511 386 672 422 studium
684 389 846 433 partium
856 391 933 426 eius
944 394 1024 438 182,
1033 404 1077 430 15.

352 452 398 456 -
424 443 572 468 suarum
596 435 759 479 partium
790 438 911 473 studio
939 442 1018 484 149,
1031 452 1078 477 20.

352 481 433 523 236,
458 491 503 516 20.
544 501 586 506 —
626 483 746 518 studio
783 485 943 529 partium
981 488 1078 533 regis

351 529 438 570 258,
462 539 506 563 20.
550 549 595 554 -—
636 541 703 574 pro
746 532 874 567 studiis
916 535 1076 579 partium

351 576 491 618 276,15.
527 596 568 600 —
599 579 785 621 postremo
810 579 932 616 vicere
956 582 1076 617 studia

350 621 509 666 partium
535 625 616 667 325,
633 635 676 660 15.

397 669 575 713 paulatim
600 682 638 706 se
662 672 802 716 palacio
827 675 1075 711 subtrahe-

349 715 466 750 bant
496 719 618 761 264,1.
647 739 689 744 —
715 721 881 765 plerique
907 734 952 757 ex
976 724 1075 768 prin—

350 763 490 808 cipibus
513 766 638 800 castris
664 778 702 801 se
726 779 793 812 per
817 769 908 804 iram
934 771 1074 806 subtra-

349 810 477 846 hentes
503 814 583 857 299,
598 824 643 850 20.
678 834 720 839 —
747 827 815 850 nec
842 844 850 852 .
878 842 886 851 .
914 845 921 853 .
948 819 1074 854 castris

348 857 418 892 Dei
443 869 481 892 se
506 860 737 896 subtraheret
761 865 843 907 309,
861 874 906 900 25.
935 885 976 890 -—
1003 865 1075 901 Pe-

349 905 433 940 dem
468 906 579 941 etiam
613 909 791 952 paulatim
825 911 1074 948 subtrahendo

348 952 394 987 ad
418 953 543 988 villam
570 954 802 992 declinabant
828 961 943 1003 94,15.

396 1011 480 1035 cum
515 1013 767 1038 successus
802 1017 885 1040 suos
918 1007 1072 1043 nimium

346 1047 424 1092 ipse
449 1052 598 1094 urgeret
622 1053 703 1095 231,
718 1063 763 1088 35.
789 1055 912 1096 232,1.

395 1106 483 1140 opes
511 1097 644 1133 multas
679 1101 716 1133 et
751 1100 1072 1138 sufficientes

346 1142 384 1176 in
409 1143 561 1188 longum
580 1156 724 1190 quoque
741 1149 886 1192 tempus
904 1152 1071 1194 sumptus

347 1191 555 1226 convexisse
580 1195 721 1236 216,15.
749 1215 791 1219 -
819 1207 907 1240 quas
934 1225 941 1232 .
968 1225 976 1233 .
998 1225 1005 1233 .
1032 1197 1070 1232 in

345 1237 545 1272 multorum
567 1238 722 1275 fratrum
748 1253 834 1276 usus
859 1242 1070 1279 sufficienti·

345 1284 413 1318 bus
437 1286 573 1329 prediis
599 1287 837 1332 locupletavit
861 1293 1003 1335 244,15.

393 1331 597 1368 Saxonibus
630 1335 924 1382 suffragium
949 1338 1068 1373 feren—

344 1379 441 1413 tibus
463 1382 541 1424 168,
553 1391 597 1416 25.
626 1402 668 1406 —
693 1385 832 1418 cunctis
849 1385 953 1430 regni
969 1386 1068 1430 prin-

345 1425 485 1470 cipibus
496 1427 710 1474 suffragium
722 1430 921 1466 ferentibus
933 1435 1013 1478 180,
1022 1445 1066 1469 20.

347 1493 389 1497 ——
415 1474 640 1519 principibus
675 1476 888 1523 suffragium
919 1479 1067 1514 ferenti-

343 1520 411 1555 bus
435 1523 517 1566 224,
532 1533 576 1558 15.
604 1544 647 1548 —
673 1525 813 1560 cunctis
831 1526 892 1570 qui
916 1527 1068 1562 aderant

345 1595 352 1603 .
381 1596 388 1603 .
418 1595 425 1604 .
461 1569 671 1615 suffragium
698 1571 901 1608 ferentibus
924 1577 1006 1619 241,
1020 1586 1065 1622 so.

345 1634 387 1640 --
424 1614 611 1660 Caeteros,
647 1629 693 1653 ne
728 1619 775 1654 ad
809 1620 982 1667 suffragia
1015 1621 1066 1657 fe·

342 1662 457 1697 renda
474 1668 708 1700 occurrerent
724 1669 805 1712 257,
817 1678 844 1704 5.
865 1689 907 1693 —
927 1670 1066 1704 cunctis
1118 1701 1126 1709 .
1153 1700 1160 1709 .

341 1709 379 1743 in
405 1721 598 1747 commune
627 1713 839 1760 suffragium
865 1715 1066 1752 ferentibus

342 1759 422 1801 314,
437 1769 481 1794 25.

390 1804 466 1840 Nec
491 1806 681 1850 quisquam
707 1820 792 1844 sane
825 1838 832 1845 .
861 1839 868 1846 .
896 1839 903 1846 .
938 1811 1064 1846 laetio-

339 1851 439 1886 ribus
475 1853 735 1900 suffragiis
770 1885 778 1892 .
807 1883 815 1892 .
846 1886 853 1893 .
890 1858 936 1892 ad
969 1859 1064 1904 regi-

339 1910 424 1933 men
458 1905 684 1944 processerat
719 1906 775 1947 70,
796 1915 840 1940 25.
875 1925 918 1930 —
944 1906 1063 1940 laetis-

339 1946 429 1980 simo
444 1947 628 1993 suffragio,
647 1952 688 1983 ut
700 1951 941 1994 ordinaretur,
960 1965 1062 1988 man-

339 1992 438 2027 davit
464 1996 544 2039 146,
560 2007 585 2031 1.

386 2040 518 2085 singuli
552 2043 650 2085 quod
681 2044 749 2078 sibi
783 2045 924 2080 animus
950 2058 1059 2092 sug-

336 2087 576 2130 gessisset
615 2089 735 2125 facere
772 2092 921 2136 impune
957 2097 1060 2138 pote-

336 2136 419 2167 rant
443 2136 560 2179 81‚25.
587 2157 631 2161 —
657 2137 696 2170 in
721 2149 828 2173 omne
858 2140 955 2183 quod
982 2141 1057 2175 ani-

336 2192 416 2214 mus
442 2183 679 2228 suggessisset
702 2184 887 2230 flagicium
903 2188 1058 2232 precipi-

336 2229 472 2263 tantior
506 2230 636 2265 ruebat
661 2234 742 2276 246,
756 2243 800 2268 25.
835 2254 877 2258 -
910 2237 952 2268 ut
978 2262 985 2270 .
1013 2263 1020 2271 .
1049 2263 1057 2272 .

336 2275 382 2309 ad
415 2287 522 2311 omne
557 2278 655 2321 quod
689 2279 809 2314 animo
835 2282 1058 2326 concepisset

334 2321 518 2367 flagicium
551 2325 718 2370 inpunita
752 2327 921 2363 libertate
957 2341 1056 2374 gras-

335 2373 474 2404 saretur
507 2373 631 2415 258,1.
668 2394 710 2398 -
745 2374 783 2408 in
818 2386 925 2410 omne
959 2376 1057 2420 quod

335 2417 474 2451 animus
500 2420 735 2464 suggessisset
751 2420 925 2457 effrenata
950 2423 1056 2458 liber-

333 2466 408 2498 tate
442 2467 621 2509 grassanti
653 2470 735 2511 271,
748 2480 776 2504 5.
805 2490 846 2494 —
876 2470 914 2503 in
949 2482 1056 2506 omne

333 2511 431 2554 quod
456 2512 597 2547 animus
623 2515 859 2560 suggessisset
881 2517 1057 2553 effrenata

332 2557 500 2593 libertate
525 2559 711 2596 ferebatur
735 2565 816 2607 300,
831 2574 871 2600 35.

379 2605 417 2638 in
454 2610 672 2652 sumptus
710 2610 956 2653 quottidianos
993 2623 1054 2647 ne—

333 2653 487 2687 cessaria
512 2654 545 2688 ei
564 2682 571 2690 .
592 2683 599 2691 .
619 2683 626 2690 .
647 2657 906 2692 coemebantur
932 2661 1011 2703 173,
1025 2670 1052 2695 5.

330 2757 399 2827 28ss
405 2758 429 2779 u
438 2758 462 2790 p
474 2758 493 2781 e
504 2759 523 2781 r
532 2759 552 2782 a
562 2748 625 2782 tis
664 2751 870 2794 asperrimis
903 2753 1053 2797 rupibus

403 2818 411 2836 ,
426 2805 470 2829 10.

379 2850 462 2874 cum
497 2869 505 2877 .
533 2869 540 2878 .
568 2870 576 2878 .
612 2843 772 2878 surdis
810 2845 1052 2882 tribunalibus

840 224 1003 262 INDEX
1027 227 1377 268 LOOUTIONUM.

1127 348 1258 386 lustin.
1283 350 1391 395 XIV,
1413 353 1446 395 1,
1470 354 1504 390 5.
1542 352 1623 398 Qua
1645 365 1736 393 voce
1760 355 1852 395 ndei)
1942 373 1958 391 ι

1126 399 1281 482 pnugffits
1294 397 1332 432 in
1349 398 1511 435 studium
1526 401 1688 446 partium
1702 414 1855 442 suarum
1936 418 1944 442 ’.

1173 586 1274 630 Sulp.
1300 588 1375 627 Sev.
1401 589 1499 625 Dial.
1526 591 1563 634 I,
1589 593 1620 628 7.
1652 602 1699 627 ex
1722 593 1850 634 auidiis

1124 633 1284 677 partium
1310 637 1390 670 orta
1415 638 1470 671 est
1494 637 1645 676 seditio.

1172 680 1301 717 lustin.
1319 683 1372 726 II,
1389 684 1447 727 12,
1461 686 1518 722 25.
1541 696 1688 731 pugnae
1703 697 1743 722 se
1757 698 1848 733 pau-

1124 726 1228 762 latim
1254 729 1547 767 subtrahere
1571 736 1783 778 coeperunt.
1803 754 1847 763 -—

1126 776 1158 810 1.
1184 775 1302 810 Mach.
1330 779 1363 820 9,
1386 779 1419 814 6.
1453 778 1561 814 multi
1588 780 1849 819 subtraxerunt

1124 832 1162 856 se
1186 821 1232 857 de
1255 824 1392 861 castris.

1171 917 1275 953 Prov.
1309 920 1373 963 25,
1405 921 1460 956 17.
1498 919 1682 957 Subtrahe
1714 922 1848 968 pedem

1122 965 1227 998 tuum
1253 964 1299 1000 de
1324 965 1444 1002 domo.
1891 1004 1894 1006 .

1169 1012 1304 1048 Lucan.
1330 1014 1362 1058 I,
1383 1015 1462 1052 148.
1497 1014 1762 1053 Successus
1785 1028 1846 1054 ur-

1121 1069 1234 1104 guere
1260 1071 1353 1096 suos.

1169 1107 1247 1141 Liv.
1260 1107 1379 1143 XXX
1381 1109 1484 1154 VIII,
1498 1111 1552 1147 19.
1571 1110 1755 1149 convectis
1766 1122 1845 1151 om·-

1120 1153 1238 1197 nibus,
1264 1165 1356 1198 quae
1376 1155 1421 1190 ad
1439 1167 1546 1192 usum
1563 1157 1728 1202 quamvis
1741 1159 1845 1207 longi

1119 1202 1294 1247 temporis
1319 1202 1631 1242 sufficerent.
1657 1226 1701 1232 —
1724 1207 1847 1245 Amne.

1119 1249 1234 1286 Marc.
1259 1248 1414 1294 XVIII,
1442 1253 1482 1294 2,
1507 1253 1540 1288 4.
1573 1255 1846 1293 commeatuum

1117 1294 1306 1340 perferens
1331 1298 1474 1342 copiam
1502 1298 1746 1337 sufficientem
1769 1301 1842 1339 usi-

1118 1343 1185 1377 bus
1214 1344 1342 1390 longiS.

1170 1627 1208 1662 V.
1222 1627 1335 1664 Mart.
1350 1631 1382 1664 9.
1402 1628 1625 1665 incredibilis
1641 1629 1838 1670 multitudo

1189 1702 1196 1709 .
1233 1674 1279 1708 ad
1314 1675 1561 1722 suffragia
1593 1677 1744 1713 ferenda
1775 1689 1836 1714 00-

1115 1724 1288 1757 currerat.

1157 2051 1222 2084 Iob
1248 2054 1304 2095 13,
1322 2054 1379 2088 13.
1413 2054 1455 2087 ut
1479 2053 1608 2098 loquar
1632 2055 1836 2101 quodcum·

1110 2108 1180 2141 que
1205 2098 1295 2133 mihi
1318 2111 1422 2136 mens
1447 2103 1765 2146 suggesserit.

1160 2285 1199 2321 V.
1225 2286 1337 2323 Mart.
1363 2289 1396 2323 6.
1426 2291 1468 2323 ut
1492 2289 1615 2324 animo
1640 2301 1682 2326 ac
1706 2293 1831 2328 mento

1106 2335 1334 2377 conceperat.

1156 2614 1294 2649 Terent.
1319 2616 1449 2652 Heaut.
1473 2617 1542 2661 IV,
1572 2620 1610 2661 1,
1637 2620 1670 2655 6.
1701 2620 1824 2655 tantos

1104 2660 1179 2714 sibi·
1220 2665 1404 2697 sumtus
1454 2663 1553 2698 domi
1593 2665 1823 2709 quotidianos

1101 2706 1226 2790 fieEiv.
1243 2756 1350 2800 XXI,
1365 2759 1422 2793 38.
1447 2756 1604 2803 Alpibus
1625 2770 1822 2804 supera—

1100 2800 1177 2836 tis.
1205 2822 1248 2827 —
1274 2803 1364 2838 Sall.
1385 2804 1461 2840 Cat.
1487 2807 1543 2841 59.
1568 2817 1660 2850 rupe
1684 2817 1821 2851 aspera.

1154 2849 1290 2885 Terent.
1320 2851 1449 2886 Heaut.
1484 2852 1521 2896 I,
1548 2855 1588 2896 3,
1617 2855 1672 2889 10.
1710 2865 1821 2898 quam
