1968 3164
210 354 313 389 1073.

150 400 188 429 (c.
201 400 259 426 Iul.
273 402 311 432 1).

93 1158 118 1182 1.
129 1158 193 1184 Cor.
205 1159 249 1189 14,
264 1160 304 1184 12.

330 250 399 284 152
689 252 959 289 LAMPERTI
984 254 1240 292 ANNALES.
1289 258 1336 293 A.
1365 261 1468 296 1073.

329 371 584 426 delegisset,
620 375 852 430 coniugali
884 377 984 419 loco
1018 379 1236 422 habereta
1265 382 1311 422 et
1344 381 1610 436 diligeret1;
1644 386 1698 426 ut
1730 398 1825 428 cae-

326 433 427 472 tera
458 431 745 486 flagiciorum
767 436 946 490 probra,
981 438 1147 491 quibus
1171 439 1446 494 dignitatem
1478 443 1653 498 regiam
1675 445 1824 488 adole-
1966 499 1967 502 Ἴ

326 503 455 532 scens
477 491 796 543 infamaverat,
826 509 948 538 nunc
971 497 1134 539 saltem
1158 501 1390 542 maturato
1413 514 1550 543 sensu
1576 499 1641 544 *et
1669 505 1824 547 aetate
1838 506 1968 563 *2197ss

326 550 563 592 abdicaret
577 552 603 592 ⁶2.
658 553 896 596 Postremo
928 569 1009 610 per
1040 556 1188 599 Deum
1223 562 1400 613 rogant,
1435 563 1488 602 ut
1518 561 1642 604 iusta
1672 565 1823 618 postu·

326 608 531 651 lantibus
564 614 727 666 sponte
761 618 985 657 annueret
1026 630 1110 658 nec
1150 617 1237 659 sibi
1269 620 1425 673 magni
1458 620 1727 676 cuiusquam
1759 625 1853 665 at-zs

325 682 412 722 que
454 669 665 712 inusitati
703 672 922 715 facinoris
954 676 1275 719 necessitatem
1307 678 1577 733 imponeret.
1642 681 1691 722 Si
1722 677 1816 724 itab

324 728 512 774 faceret,
547 743 594 771 se
627 733 968 786 promptissimo
995 735 1147 776 animo
1181 736 1223 777 ei
1255 737 1374 778 sicut
1406 738 1658 782 hactenus⁰
1688 741 1820 783 servi-

322 789 464 835 turos,
510 803 562 830 eo
594 791 750 832 tamen
783 793 930 842 modo,
973 807 1063 847 quo
1104 795 1328 849 ingenuos
1362 797 1569 840 homines
1602 801 1740 854 atque
1772 801 1820 842 in

323 846 468 888 libero
501 849 692 903 imperio
725 853 857 892 natos
889 852 987 906 regi
1020 854 1188 895 servire
1222 857 1455 910 oporteret
1469 857 1496 897 ²³.
1547 857 1628 899 Sin
1650 861 1818 910 autem,

323 906 597 949 christianos
640 923 686 950 se
729 923 837 957 esse,
882 925 965 953 nec
997 912 1116 954 velle
1158 914 1368 963 hominis,
1412 916 1491 970 qui
1531 917 1669 959 fidem
1707 919 1869 961 chri-10

322 966 516 1007 stianam
572 969 849 1022 capitalibus
901 970 1094 1025 flagiciis
1152 973 1446 1027 prodidisset,
1501 977 1820 1020 communione

321 1026 556 1067 maculari.
622 1026 796 1078 Quodsi
829 1030 965 1071 armis
999 1045 1161 1085 cogere
1193 1033 1485 1085 instituisset,
1519 1035 1607 1078 sibi
1639 1050 1820 1092 quoque

322 1097 404 1125 nec
438 1099 564 1127 arma
598 1087 752 1128 deesse
786 1102 868 1130 nec
901 1090 1114 1132 militaris
1147 1092 1214 1133 rei
1236 1093 1467 1146 periciam.
1522 1094 1820 1138 sacramento

322 1157 367 1185 se
401 1145 442 1185 ei
475 1146 610 1186 fidem
636 1147 815 1197 dixisse,
850 1149 930 1190 sed
963 1149 1000 1190 si
1033 1151 1091 1191 ad
1124 1151 1503 1203 aedificationem,
1538 1167 1630 1196 non
1663 1156 1721 1196 ad
1748 1155 1819 1198 de-
1952 1187 1968 1210 ε

320 1204 623 1247 structionem
663 1206 911 1249 aecclesiae
944 1208 1032 1250 Dei
1073 1223 1151 1251 rex
1193 1220 1289 1252 esse
1321 1212 1484 1262 vellet;
1529 1213 1567 1254 si
1604 1214 1738 1262 iuste,
1780 1215 1819 1258 si
1833 1229 1867 1256 ιο
1943 1216 1968 1277 ἶε

320 1262 561 1316 legittime,
596 1265 634 1305 si
666 1279 790 1307 more
824 1267 1048 1309 maiorum
1080 1269 1216 1311 rebus
1243 1271 1580 1324 moderaretur;
1615 1274 1653 1314 si
1684 1287 1818 1316 suum

319 1323 482 1376 cuique
525 1324 743 1374 ordinem,
787 1339 914 1366 suam
958 1327 1247 1382 dignitatem,
1292 1344 1396 1372 suas
1437 1331 1562 1386 leges
1594 1334 1721 1374 tutas
1752 1333 1816 1374 in·
1956 1365 1968 1387 ξ

316 1382 602 1436 violatasque
626 1398 808 1426 manere
836 1388 1085 1440 pateretur.
1145 1388 1225 1428 Sin
1252 1389 1342 1430 ista
1369 1391 1492 1444 prior
1523 1388 1648 1446 ipsed
1678 1394 1816 1435 teme·
1952 1385 1968 1432 'l

315 1443 481 1487 rasset,
532 1455 578 1483 se
625 1443 715 1483 iam
764 1446 1039 1486 sacramenti
1077 1447 1214 1488 huius
1254 1448 1478 1503 religione
1518 1464 1611 1492 non
1651 1452 1814 1503 teneri,
1952 1462 1968 1528 j

317 1501 396 1541 sed
437 1502 568 1554 quasi
611 1516 714 1543 cum
757 1503 952 1545 barbaro
985 1505 1118 1547 hoste
1160 1509 1207 1548 et
1239 1508 1478 1549 christiani
1511 1510 1708 1551 nominis
1741 1525 1864 1566 op-so
1962 1554 1968 1563 „-

316 1573 520 1614 pressere
572 1561 745 1602 iustum
799 1563 1013 1618 deinceps
1065 1565 1238 1607 bellum
1291 1570 1500 1621 gesturos
1549 1571 1613 1618 et,
1663 1570 1812 1624 quoad
1944 1563 1968 1631 {e}

315 1619 481 1660 ultima
522 1620 677 1661 vitalis
719 1622 883 1664 caloris
921 1624 1124 1665 scintilla
1165 1629 1434 1680 superesset,
1478 1642 1560 1682 pro
1593 1629 1815 1671 aecclesia
1952 1634 1968 1712 Ξ

316 1678 416 1728 Dei,
451 1693 533 1733 pro
566 1680 655 1721 fide
689 1681 951 1728 christiana,
986 1698 1067 1738 pro
1101 1684 1316 1727 libertate
1349 1686 1491 1727 etiam
1523 1701 1605 1729 sua
1631 1687 1814 1730 dimica·
1953 1713 1968 1744 q

314 1739 457 1778 turos.
521 1738 831 1782 Vehementer
871 1755 1025 1796 regem
1068 1745 1293 1798 permovit
1334 1745 1448 1787 haec
1481 1746 1666 1801 legatio.
1730 1747 1813 1790 Ve-

314 1811 417 1837 rum
460 1798 730 1840 consiliariis
772 1801 868 1842 eius
901 1802 1175 1853 dicentibus,
1219 1805 1340 1858 quod
1379 1805 1438 1846 ad
1470 1807 1669 1860 primum
1702 1806 1814 1850 belli
1826 1821 1862 1848 25

313 1858 535 1898 terrorem
566 1859 689 1899 tanti
721 1862 873 1902 motus
911 1861 1084 1902 irarum
1117 1863 1415 1918 deflagraturi
1447 1867 1611 1916 essent,
1654 1866 1813 1921 paulu-

314 1915 410 1956 lum
442 1919 678 1972 resumpto
711 1919 889 1973 spiritu,
933 1920 1096 1963 leviter
1138 1924 1184 1963 et
1217 1924 1518 1979 contemptim
1550 1925 1716 1980 legatis
1747 1939 1812 1968 re-

314 1976 500 2028 spondit
540 1977 748 2031 nihilque
791 1980 906 2020 certi
945 1983 1234 2035 reportantes
1276 1983 1450 2024 dimisit
1463 1983 1491 2024 4.
1557 1983 1690 2036 Quod
1732 1985 1812 2028 ubi

313 2034 406 2074 suis
439 2036 731 2082 nunciarunt,
776 2040 907 2079 atrox
947 2040 1151 2081 omnium
1185 2042 1415 2083 mentibus
1456 2043 1525 2084 ira
1555 2043 1808 2095 incanduit,

313 2105 449 2146 seque
491 2096 652 2136 mutuo
685 2109 904 2147 sermone,
947 2100 1000 2138 ut
1039 2101 1354 2154 contemptum
1396 2102 1467 2142 sui
1498 2116 1637 2144 manu
1668 2103 1860 2147 vindi—³0

313 2155 489 2201 carent,
525 2153 832 2195 hortabantur
847 2156 874 2195 ⁵.
941 2156 1278 2209 ‘Obstinatum',
1313 2160 1542 2214 inquiunt,
1584 2161 1645 2202 ‘in
1677 2162 1809 2205 malis

311 2210 560 2265 ingenium,
586 2213 674 2253 nisi
697 2214 843 2255 acrior
859 2215 926 2256 vis
947 2216 1235 2267 adhibeatur,
1261 2219 1459 2260 emolliri
1479 2235 1572 2262 non
1589 2222 1806 2276 poterite,

310 2271 358 2311 et
399 2270 487 2311 nisi
529 2272 586 2312 ad
619 2272 774 2313 vivum
811 2274 1088 2328 propiusque
1120 2277 1347 2318 medullas
1389 2293 1546 2320 mucro
1578 2280 1806 2334 adigatur,

312 2342 495 2370 sensum
529 2330 697 2372 doloris
730 2346 822 2373 non
855 2330 1133 2375 admittetf'.
1698 2343 1702 2347 “
1845 2343 1850 2349 ”

309 2434 338 2463 a)
359 2430 410 2458 dil.
432 2436 462 2458 et
481 2433 548 2458 hab.
569 2434 632 2459 ΒΞ.
707 2434 738 2467 b)
758 2434 820 2460 Sita
839 2436 918 2461 Bia.
991 2436 1017 2468 c)
1037 2440 1162 2463 actenus
1181 2438 1244 2463 ΒΞ.
1316 2437 1346 2470 d)
1367 2442 1436 2464 tem.
1457 2439 1521 2471 ipse
1541 2447 1618 2466 corr.
1640 2441 1660 2466 i.
1682 2443 1704 2467 t.
1724 2441 1807 2469 Blb.
1821 2447 1856 2474 35

309 2468 337 2499 e)
356 2467 519 2501 potesterit
537 2468 616 2496 Blb.
690 2471 714 2500 1)
733 2471 864 2496 admittit
882 2472 945 2499 ΒΞ,

310 2552 345 2594 1)
371 2551 445 2584 Hoc
472 2553 580 2594 leqati
603 2564 636 2588 a.
658 2555 760 2589 1069.
787 2555 839 2587 vel
863 2558 966 2588 antea
987 2556 1171 2598 postulare
1190 2558 1397 2600 potuissent,
1424 2568 1494 2591 non
1511 2558 1573 2592 hoc
1589 2570 1695 2594 anno.
1737 2561 1808 2595 sed

307 2598 434 2641 Lamp.
462 2601 509 2632 iis
525 2611 614 2642 quae
638 2611 752 2644 supra
772 2612 812 2644 p.
831 2603 910 2644 110,
933 2603 956 2637 l.
974 2604 1018 2638 31
1033 2614 1084 2646 sq.
1104 2614 1297 2646 perperam
1314 2605 1409 2638 dixit
1431 2605 1524 2639 hanc
1546 2607 1617 2640 sibi
1631 2609 1806 2650 querimo-

307 2647 407 2678 niam
430 2649 675 2690 praeparavit.
751 2650 786 2692 2)
812 2649 906 2682 Sane
930 2660 996 2683 rex
1022 2651 1151 2693 leyatos
1175 2662 1192 2684 e
1211 2652 1354 2693 palatio
1370 2654 1436 2685 eici
1459 2654 1629 2697 iussisset,
1656 2656 1691 2688 si
1714 2655 1806 2688 talia

307 2694 340 2725 ei
363 2693 492 2727 obicere
517 2696 600 2728 aasz?
622 2700 742 2731 essent.
816 2697 852 2739 3)
880 2697 938 2738 Cf.
957 2697 1108 2730 Carmen
1124 2698 1166 2732 de
1182 2699 1211 2733 b.
1231 2698 1365 2734 Saxon.
1389 2700 1419 2742 I,
1439 2701 1496 2735 49.
1514 2702 1571 2736 50.
1645 2703 1682 2746 4)
1709 2703 1803 2738 Ann.
1818 2713 1854 2738 4ο

306 2741 430 2775 Altah.
454 2753 491 2784 p.
509 2744 575 2778 85:
603 2742 679 2776 sine
704 2742 841 2777 honore
868 2745 904 2777 et
930 2746 1030 2778 certo
1055 2755 1228 2788 responso
1253 2746 1520 2790 regrediuntur.
1571 2748 1625 2790 Cf.
1654 2749 1805 2784 Carmen

306 2787 337 2829 I,
367 2789 518 2823 51—(50.
627 2790 662 2831 5)
685 2790 761 2824 Hoc
786 2791 922 2832 factum
947 2795 996 2825 est
1028 2793 1068 2824 in
1092 2802 1225 2835 maqna
1250 2795 1404 2827 contione
1429 2795 1611 2828 Saxonum
1643 2798 1682 2829 in
1716 2797 1804 2830 villa

306 2834 542 2870 Holcinesleve
575 2838 642 2878 (sic
675 2848 754 2870 oum
779 2838 873 2873 Ann.
900 2839 1042 2872 Samone
1069 2850 1109 2881 p.
1137 2840 1219 2875 699.
1255 2841 1436 2883 leyendum
1469 2846 1529 2884 est,
1565 2853 1643 2876 cum
1675 2844 1805 2878 codices

306 2886 455 2915 recentes
472 2883 657 2917 Branonz's
681 2885 747 2918 hac
772 2886 810 2918 in
835 2896 874 2918 re
898 2886 1037 2919 nullius
1059 2886 1135 2927 fere
1159 2889 1383 2922 αιιοίοφίῗταίῐε
1399 2890 1488 2932 sint)
1506 2890 1640 2932 habita,
1669 2891 1710 2923 de
1732 2901 1804 2934 qua

307 2928 432 2962 Brnno
457 2940 483 2964 c,
502 2932 653 2966 24—26.
680 2933 863 2965 uberrima
889 2934 1011 2967 tradit.
1816 2948 1852 2974 45
