1968 3164
687 229 992 271 PRAEFATIO
1018 231 1057 269 C.
1072 231 1148 270 VI.
1519 231 1671 268 LXVII

161 354 288 409 edidi,
319 367 549 410 .quousque
595 353 642 396 hi
688 353 801 396 inter
845 367 889 396 se
936 355 1204 397 concordant.
1274 355 1364 409 Quo
1410 355 1524 408 facto
1570 355 1670 409 fieri

150 414 304 470 potuit,
343 418 390 457 ut
418 413 467 457 in
498 412 694 468 marqine
724 412 896 456 illorum
927 413 1078 468 fontes,
1117 428 1169 456 esc
1200 414 1352 468 quibus
1383 415 1502 458 Ann.
1536 416 1670 459 Hers-

158 473 368 527 feldenses
397 472 542 516 hausti
571 472 671 527 sint,
714 472 964 526 indicarem,
1004 473 1052 516 in
1084 473 1280 528 marqine
1311 474 1462 517 horum
1494 477 1668 518 adnota-

159 547 260 588 rem,
301 532 376 588 qui
416 532 597 576 annales
637 546 689 575 ex
719 532 1099 585 Hersfeldensibus
1137 533 1319 576 derivati
1350 538 1494 577 notam
1526 548 1668 588 quam-

128 606 236 647 nque
266 592 491 636 exhibeant
503 593 532 634 ¹.
586 591 814 646 Reliquam
837 596 1008 646 partem
1039 607 1080 635 a.
1100 597 1378 636 984—1147.
1416 593 1465 636 in
1487 594 1669 648 paqinis

158 651 283 696 rectis
313 666 342 695 a
373 652 502 695 latere
533 651 761 695 annalium
792 651 1016 706 Lamperti
1057 652 1252 696 continue
1284 653 1396 708 typis
1427 667 1667 708 expressam

159 726 252 755 cum
282 711 352 755 his
381 725 592 766 nusquam
624 712 880 754 concordare
910 726 1069 755 moneo.

302 783 399 826 Hos
418 783 600 826 annales
619 782 840 826 emendavi
871 783 1019 826 collato
1051 785 1191 827 eodem
1224 784 1373 838 codice,
1407 798 1458 827 ea:
1489 799 1570 838 quo
1602 799 1667 828 ex-

159 847 300 897 cerpta
340 856 483 886 eorum
516 843 561 885 S.
584 843 641 885 Α.
673 842 955 897 Witrdtwein‚
1000 843 1203 886 Subsidia
1236 843 1510 898 diplomatica
1545 845 1664 899 XII,

111 919 145 945 ιο
149 917 197 957 p.
225 905 308 944 134
330 915 438 956 sqq.,
471 902 645 956 primus
684 916 753 945 eos
783 917 925 956 paene
965 902 1152 957 inteyros
1193 903 1229 945 b.
1262 918 1316 945 m.
1363 903 1416 946 G.
1440 904 1501 946 H.
1526 905 1665 958 Perta,

160 961 240 1005 SS.
264 962 366 1016 III,
390 977 439 1016 p.
458 965 649 1004 33—65.
673 965 863 1015 70—72,
897 962 1132 1015 ediderunt,
1166 963 1228 1004 M
1232 963 1493 1006 onacensi
1526 963 1666 1006 biblio-

157 1021 298 1065 thecae
328 1021 621 1065 universitatis
653 1035 721 1064 nr.
746 1025 770 1063 6
786 1023 814 1075 2,
847 1023 1017 1064 membr.
1039 1022 1129 1076 fol..
1164 1022 1238 1076 qui
1267 1023 1407 1076 frater
1435 1033 1667 1078 qermanus

158 1080 314 1124 codicis
339 1080 672 1136 Bamberyensis
702 1081 735 1134 fi
758 1080 932 1123 1—40‘.
971 1081 1187 1125 Chronica
1208 1082 1468 1137 Hieronymi
1500 1087 1538 1126 et
1565 1083 1665 1126 Gal-

158 1140 242 1184 lica
273 1140 383 1184 anni
415 1144 516 1183 452.
550 1155 643 1184 cum
673 1140 782 1183 serie
807 1155 1023 1183 annorum
1043 1155 1174 1195 usque
1205 1143 1265 1184 ad
1294 1157 1334 1184 a.
1356 1146 1440 1184 456
1457 1143 1484 1196 3,
1518 1143 1666 1185 hucus-

111 1217 144 1243 ιο
157 1213 235 1254 que
275 1214 368 1243 cum
397 1199 709 1254 Bamberyensi
749 1202 1023 1255 concordans,
1065 1201 1226 1255 scripta
1265 1216 1398 1244 manu
1438 1216 1546 1245 saec.
1572 1202 1663 1244 XI.

156 1259 346 1302 ineuntis
393 1257 455 1311 (a.
491 1263 604 1302 1025
621 1284 682 1288 —
702 1261 837 1315 1039)
887 1260 1081 1303 continet.
1161 1261 1327 1304 Eadem
1373 1276 1529 1304 manus
1578 1259 1663 1317 (A)

156 1319 190 1372 f.
225 1322 279 1362 41
294 1318 455 1362 —53‘.
497 1323 582 1362 tres
627 1319 846 1363 columnas
892 1320 1087 1362 exaravit
1126 1335 1340 1363 annorum
1380 1322 1572 1364 Domini
1612 1323 1665 1364 ab

157 1393 199 1420 a.
215 1382 316 1421 457.
338 1393 468 1433 usque
490 1380 550 1422 ad
579 1393 619 1421 a.
642 1382 768 1434 1034,
802 1378 1106 1433 imperatorum
1127 1378 1485 1436 Roffi[anorum],
1519 1395 1666 1436 regum

157 1435 484 1494 Fran5[0rum],
527 1438 679 1492 quibus
717 1438 848 1482 series
887 1439 1191 1493 imperatorum
1222 1444 1260 1483 et
1290 1454 1436 1494 requm
1473 1441 1666 1484 Teutoni-

108 1515 144 1541 πο
157 1509 299 1541 corum
339 1511 471 1552 usque
516 1499 576 1541 ad
620 1498 867 1542 Conradum
908 1499 980 1540 ΙΙ.
1028 1501 1172 1542 eadem
1219 1514 1374 1543 manus
1419 1500 1640 1554 inscripsit
1649 1515 1666 1553 ,·

156 1571 263 1611 quas
294 1557 447 1601 litteris
478 1557 699 1601 inclinatis
720 1559 987 1601 excudendas
1013 1559 1174 1602 curavi.
1222 1559 1351 1603 Duae
1376 1559 1490 1602 aliae
1511 1575 1666 1603 manus

155 1616 340 1660 eiusdem
379 1617 471 1670 fere
510 1617 708 1671 temporis
741 1615 818 1669 (B.
849 1618 903 1673 C)
937 1622 1021 1661 tres
1051 1633 1169 1673 reyes
1201 1619 1474 1662 Francorum
1506 1621 1666 1674 supple-

154 1681 316 1730 verunt,
358 1681 446 1719 tum
486 1681 642 1731 quarta
673 1691 828 1719 manus
861 1675 948 1732 (D)
991 1677 1203 1732 episcopos
1244 1678 1467 1732 Spirenses
1507 1694 1547 1721 a.
1578 1683 1664 1721 950

106 1734 109 1736 ’
154 1737 368 1778 —1004.4
409 1740 447 1778 et
486 1737 714 1779 nonnullos
754 1736 1028 1790 imperatores
1073 1738 1565 1792 Constantinopolitanos
1602 1738 1665 1781 in-

107 1813 142 1839 25
155 1794 264 1838 tulit.
327 1795 417 1838 His
457 1795 593 1838 tribus
629 1796 827 1838 manibus
864 1796 1023 1850 scripta
1057 1797 1208 1839 litteris
1249 1797 1470 1840 inclinatis
1510 1812 1665 1841 excusa

155 1858 193 1896 et
222 1854 346 1898 uncis
376 1854 544 1897 inclusa
575 1859 687 1897 sunt.
747 1856 854 1897 Tum
885 1856 1035 1909 quinta
1067 1870 1222 1899 manus
1244 1857 1291 1899 E
1319 1857 1434 1900 circa
1466 1871 1506 1899 a.
1535 1861 1661 1900 1075.

155 1913 300 1956 omnia
331 1928 382 1956 ex
412 1914 534 1957 Ann.
567 1914 787 1967 Hersfeld.
829 1919 996 1969 sumpta
1037 1930 1077 1957 a.
1107 1919 1356 1958 708—984.
1394 1921 1432 1959 et
1467 1931 1666 1959 numeros

155 1987 370 2016 annorum
413 1977 720 2016 1035-1147,
762 1974 855 2017 sine
896 1974 1102 2018 columnis
1141 1980 1180 2018 et
1218 1976 1416 2019 Annales
1455 1977 1663 2020 Weissen-

156 2034 381 2087 buryenses
412 2037 694 2076 985—1075.
726 2034 906 2088 pulchre
937 2034 1120 2090 scripsit.
1190 2037 1306 2090 Quae
1343 2035 1488 2078 omnia
1527 2036 1664 2078 solitis

108 2110 143 2137 ³0
156 2091 308 2135 litteris
347 2106 546 2147 expressa
585 2098 697 2136 sunt.
761 2093 930 2137 Dehinc
970 2098 1055 2137 tres
1085 2095 1344 2148 posteriores
1384 2110 1539 2138 manvus
1578 2095 1664 2138 sin—

152 2151 278 2205 qulas
309 2156 432 2195 notas
461 2167 502 2196 a.
536 2156 664 2195 1045.
692 2157 819 2195 1087.
848 2157 975 2195 1147.
1009 2154 1280 2198 addidermet.
1346 2155 1508 2198 Seriem
1541 2155 1663 2209 impe-

156 2215 346 2254 ratorum
387 2216 425 2254 et
464 2226 610 2266 requm
650 2212 698 2255 in
730 2212 880 2267 priore
921 2213 1102 2256 editione
1143 2214 1342 2257 omissam
1383 2216 1436 2258 ab
1481 2230 1522 2257 a.
1562 2219 1662 2268 534,

155 2375 198 2409 ha·
219 2376 368 2410 annales
392 2380 496 2410 notas
521 2388 543 2410 a
570 2377 763 2420 Lamperto
789 2379 939 2412 omissas
965 2378 1174 2422 praebeant,
1211 2390 1298 2413 saec.
1318 2379 1365 2415 X.
1393 2380 1504 2413 multa
1532 2381 1663 2413 omissa

155 2433 236 2458 esse.
329 2425 364 2468 1)
390 2424 459 2458 Sed
484 2424 547 2458 ubi
569 2428 689 2458 notam
714 2425 897 2468 quandam
922 2426 1018 2460 solus
1041 2426 1131 2460 alter
1149 2437 1271 2460 eorum
1293 2427 1495 2472 praebebat,
1522 2431 1664 2460 utrum-

109 2480 144 2507 85
156 2481 222 2514 que
246 2472 284 2504 in
310 2473 473 2515 marqine
497 2472 688 2506 annalium
714 2472 824 2506 huius
849 2473 1039 2518 adscripsi.
1187 2476 1223 2518 2)
1255 2475 1327 2516 Qui
1350 2476 1425 2517 fuit
1450 2485 1538 2510 saec.
1552 2475 1661 2510 XVI.

156 2517 332 2552 Iohannis
365 2519 542 2564 Aeyolphi
575 2530 597 2552 a
632 2520 863 2563 Knb'rt‘nyem
904 2522 1070 2555 canonici
1101 2522 1409 2566 W'irzeburqensis
1444 2527 1473 2556 et
1508 2523 1663 2555 custodis

156 2566 375 2610 Augustani,
409 2570 483 2600 tum
509 2567 733 2602 bibliothecae
757 2569 959 2603 academiae
985 2569 1265 2613 Inyolstatensis.
1411 2570 1448 2612 3)
1474 2570 1532 2611 Cf.
1559 2571 1661 2604 Auct.

157 2614 270 2656 antiq.
295 2614 365 2657 IX,
395 2625 434 2658 p.
462 2616 688 2651 620—6223.
750 2616 819 2649 Sed
852 2616 946 2657 falso
980 2617 1033 2650 ibi
1065 2617 1122 2651 hic
1156 2618 1264 2651 codem
1297 2629 1385 2653 saec.
1415 2618 1482 2652 XI.
1518 2621 1663 2651 exeunte

157 2661 314 2704 scriptus
337 2661 482 2706 dicitur,
513 2673 581 2706 quo
606 2666 758 2708 tempore
779 2674 899 2708 pauc-a
926 2665 1102 2708 inscripta
1127 2669 1221 2701 sunt.
1343 2667 1380 2707 4)
1407 2665 1516 2698 Falso
1543 2664 1659 2706 Pertz,

109 2717 145 2742 40
158 2706 222 2743 SS.
237 2707 310 2751 III,
333 2720 371 2752 p.
387 2710 442 2745 19.
461 2710 558 2743 dixit
582 2711 760 2754 episcopos
782 2712 970 2756 Spin-enses
989 2716 1070 2755 post
1096 2713 1192 2748 Anu.
1217 2713 1473 2755 Weisscubury.
1493 2716 1663 2745 emat-atos

156 2755 252 2788 circa
286 2766 320 2791 a.
350 2757 453 2792 1087.
488 2758 679 2802 inscriptos
712 2769 799 2802 esse,
843 2760 951 2793 immo
990 2760 1245 2794 evidentissime
1279 2764 1375 2805 patei
1411 2760 1459 2793 ad
1492 2771 1527 2795 a.
1557 2760 1661 2795 1004.

159 2812 305 2835 mamam
330 2803 366 2836 D
390 2807 471 2838 ante
495 2805 533 2838 E
553 2807 748 2849 scripsisse.
810 2807 907 2840 Nam
933 2808 972 2840 in
998 2807 1115 2841 eadem
1143 2809 1236 2842 linea
1260 2812 1340 2852 post
1358 2806 1572 2842 W'altherus
1599 2808 1662 2851 εἷς

158 2848 236 2883 ord'
262 2861 374 2884 manu
398 2851 436 2884 D
458 2853 594 2895 scripta
628 2855 773 2897 scripsit
804 2865 935 2888 manus
960 2854 997 2887 E
1020 2853 1124 2891 Mon.
1150 2855 1173 2891 i.
1200 2866 1230 2891 ο.
1257 2858 1322 2891 est.
1380 2855 1485 2889 Per-iz
1519 2856 1663 2888 omm'no

158 2897 258 2938 falsa
283 2897 325 2931 de
349 2897 499 2932 diversis
523 2900 689 2935 manibus
713 2901 840 2935 codicis
863 2902 971 2938 dixit.
