2014 3184
508 185 779 235 LAQERTI
803 186 876 221 AN
879 186 914 222 N
915 186 1058 223 ALES.
1108 187 1156 224 A.
1185 190 1288 224 1077.
1591 190 1660 226 287

148 322 232 364 per
261 308 494 351 lubricum
525 323 685 364 gressu
718 309 926 351 cadendo
969 312 1015 352 et
1057 309 1241 364 longius
1273 311 1540 359 volutando,
1583 312 1658 353 vix
1675 311 1778 345 1077-

145 368 337 411 tandem
379 368 630 423 aliquando
671 382 776 410 cum
818 369 947 423 gravi
989 369 1152 411 salutis
1195 383 1304 412 suae
1352 371 1558 425 periculo
1600 372 1658 412 ad
1671 357 1769 388 ΠΜ)

148 428 426 483 campestria
457 430 781 483 pervenerunt.
844 428 1070 483 Reginam
1104 431 1150 470 et
1183 429 1310 480 alias,
1354 444 1470 484 quae
1503 431 1552 471 in
1585 431 1658 472 ob—

148 486 306 542 sequio
339 487 437 530 eius
469 490 620 538 erant,
655 487 872 530 mulieres
905 488 1044 530 boum
1078 489 1213 530 coriis
1244 489 1485 543 impositas
1518 491 1658 532 duces

116 546 326 590 uitineris
367 547 603 589 conductu
643 549 890 602 preeuntes
928 548 1142 589 deorsum
1182 549 1448 590 trahebant.
1512 549 1658 604 Equo-

146 620 250 648 rum
291 606 406 649 alios
447 621 529 662 per
571 607 809 649 machinas
851 608 1071 661 quasdam
1123 608 1492 659 summittebant,
1543 609 1657 650 alios

147 665 379 721 colligatis
401 666 596 721 pedibus
619 666 883 717 trahebant,
918 681 972 708 ex
995 666 1162 721 quibus
1186 667 1335 718 multi,
1371 668 1481 709 dum
1507 670 1657 711 trahe—

144 726 319 776 rentur,
353 726 538 776 mortui,
573 726 728 781 plures
751 726 999 777 debilitati,
1034 727 1171 781 pauci
1203 727 1453 769 admodum
1485 728 1658 783 integri

145 784 491 840 incolumesque
523 786 782 840 periculum
814 786 1008 828 evadere
1041 787 1307 840 potuerunt.

99 858 134 884 10
290 844 541 899 Postquam
593 859 674 900 per
720 845 909 886 Italiam
961 846 1088 886 fama
1139 846 1427 900 percrebruit
1478 848 1656 890 venisse

145 917 302 958 regem
335 905 382 946 et
413 905 641 960 superatis
664 905 926 960 asperrimis
958 905 1151 959 rupibus
1183 905 1275 946 iam
1307 906 1459 947 intraa
1487 907 1655 949 Italiae

146 958 287 1005 finesb
326 964 576 1006 consistere
591 964 617 1015 ¹,
662 965 875 1006 certatim
917 965 975 1006 ad
1018 979 1123 1006 eum
1165 978 1322 1007 omnes
1356 965 1523 1008 Italiae
1566 967 1656 1021 epi—

146 1023 274 1078 scopi
315 1025 363 1065 et
404 1023 595 1066 comites
637 1024 946 1075 confluebant,
991 1038 1199 1078 eumque,
1239 1027 1293 1065 ut
1324 1025 1452 1079 regia
1483 1027 1655 1081 magni-

145 1081 335 1124 ficentia
366 1083 560 1138 dignum
602 1085 713 1134 erat,
758 1097 936 1125 summo
978 1098 1083 1125 cum
1116 1085 1291 1126 honore
1324 1085 1652 1139 suscipiebant,

98 1155 132 1181 ιε
145 1143 285 1196 atque
315 1141 467 1183 intrac
496 1157 667 1197 paucos
701 1139 826 1185 diesd
862 1143 1074 1186 infinitae
1107 1143 1423 1185 multitudinis
1457 1145 1515 1186 ad
1549 1159 1654 1187 eum

145 1203 453 1256 congregatus
494 1204 565 1244 est
606 1203 848 1244 exercitus.
912 1203 1058 1244 Erant
1091 1203 1213 1244 enim
1250 1203 1343 1244 iam
1375 1204 1432 1246 ab
1467 1205 1653 1246 exordio

146 1260 278 1315 regni
300 1261 398 1303 eius
420 1275 600 1316 semper
622 1262 938 1304 desiderantes
962 1263 1214 1304 adventum
1247 1263 1345 1305 eius
1377 1263 1426 1304 in
1449 1263 1651 1315 Italiam,

145 1333 198 1362 eo
230 1320 353 1374 quod
394 1334 590 1375 regnum
620 1321 740 1363 illud
773 1321 920 1371 bellis,
965 1322 1276 1363 sedicionibus
1318 1324 1365 1364 et
1397 1323 1654 1365 latrociniis

144 1393 197 1421 ac
218 1379 357 1421 variis
388 1380 675 1435 privatorum
706 1381 1088 1423 infestationibus
1120 1381 1303 1424 assidue
1335 1382 1651 1433 infestaretur,

95 1440 192 1480 soet
213 1439 368 1481 omnia
390 1453 507 1494 quae
534 1443 688 1495 preter
711 1441 836 1495 leges
869 1442 917 1483 et
948 1441 1051 1482 iura
1082 1441 1308 1482 maiorum
1342 1441 1398 1483 ab
1431 1442 1653 1497 improbis

142 1497 408 1541 hominibus
460 1500 847 1554 presumebantur
907 1500 1062 1555 regiae
1114 1501 1408 1542 auctoritatis
1461 1515 1653 1543 censura

143 1557 311 1613 corrigi
351 1561 603 1613 sperarent.
673 1559 903 1610 Preterea,
947 1560 1055 1614 quia
1101 1560 1228 1601 fama
1274 1560 1546 1615 vulgaverat
1593 1562 1652 1603 ad

143 1616 468 1671 deponendum
509 1632 677 1672 papam
717 1619 951 1660 ferocibus
998 1633 1104 1661 eum
1145 1619 1310 1660 animis
1358 1618 1650 1674 proper-ared,

143 1676 393 1718 admodum
435 1677 795 1732 gratulabantur
835 1678 1040 1720 oblatam
1083 1678 1171 1719 sibi
1212 1679 1499 1721 occasionem
1538 1694 1648 1731 esse,

95 1750 130 1776 25
143 1749 234 1790 qua
264 1735 315 1776 in
346 1750 464 1787 eum,
499 1737 578 1791 qui
611 1750 657 1779 se
690 1737 782 1778 iam
814 1738 992 1792 pridem
1026 1737 1083 1779 ab
1108 1737 1421 1779 ecclesiastica
1453 1752 1650 1780 commu-

142 1794 280 1837 nione
312 1796 628 1850 suspenderat,
662 1796 878 1838 iniuriam
911 1811 1039 1838 suam
1072 1797 1238 1839 idonee
1271 1798 1573 1839 vindicarent.

285 1853 474 1911 Interea
518 1869 640 1910 papa
686 1858 876 1910 rogatus
923 1870 1005 1911 per
1056 1856 1237 1898 litteras
1290 1871 1315 1898 a
1363 1848 1768 1912 principibusilow.

141 1912 454 1970 Teutonicis0,
489 1914 567 1970 qui
598 1915 662 1966 in¹
681 1913 971 1970 Opp-enheim
1004 1918 1328 1967 convenerant,
1363 1918 1417 1958 ut
1448 1917 1497 1958 in
1529 1912 1665 1971 puri-i⁸

141 1967 378 2032 fiiJJ-'aff'ljffiiev
399 1975 586 2016 sanctae
618 1974 793 2016 Mariae
836 1975 894 2016 ad
927 1975 1271 2017 discuciendam
1310 1990 1494 2018 causam
1526 1969 1667 2031 regis&
1783 1966 1831 2025 ¹³3³
1861 1995 1869 2032 ᾗ,

93 2046 128 2072 30
140 2031 394 2086 1-321,1.g11‚81222.<i2v>
409 2034 734 2088 ,(«Ξζὲἒέζϊςὲζςῂμ
766 2034 925 2076 invitis
976 2033 1196 2076 Romanis
1256 2035 1542 2090 principibus
1602 2037 1666 2078 ets·
1848 2033 1859 2042 '⁴

139 2092 329 2145 propter
367 2091 598 2134 incertum
644 2093 711 2135 rei
759 2097 975 2136 eventum
1022 2090 1140 2135 iterf
1175 2094 1295 2136 illud
1344 2094 1666 2143 dissuadenti-4,

139 2149 270 2200 busg,
304 2150 452 2193 Roma
482 2165 691 2206 egressus
714 2155 783 2195 est
798 2153 825 2204 ²,
860 2155 907 2195 et
939 2155 1165 2207 quantum
1187 2156 1371 2208 poterat
1403 2155 1646 2208 profectio·
1659 2152 1757 2199 mec.)

10 2215 244 2252 *μεῡωιεῐῃ
276 2210 537 2252 accelerans
551 2211 579 2262 3,
613 2214 792 2254 statuto
825 2213 899 2254 die
932 2209 1104 2267 *presto
1137 2227 1234 2255 esse
1268 2214 1523 2267 satagebat.
1568 2214 1645 2255 du-

140 2270 295 2310 catum
327 2269 370 2312 ei
402 2271 624 2324 prebente
656 2271 891 2313 Mathilda
923 2271 1146 2314 derelicta
1177 2273 1307 2314 ducis
1340 2272 1644 2327 Lutheringo-

91 2343 126 2369 35
138 2323 268 2369 rumh
306 2327 562 2381 Gozelonis,
605 2330 702 2372 filia
734 2331 967 2373 Bonifacii
1007 2331 1287 2373 marchionis
1338 2333 1385 2373 et
1417 2331 1644 2373 Beatricis

138 2443 167 2473 a)
195 2442 274 2468 inter
292 2442 374 2472 Bib.
466 2445 496 2476 b)
525 2444 598 2470 fines
618 2459 652 2464 —
672 2445 778 2471 ItaHae
804 2453 858 2472 om.
878 2446 974 2473 Bl.2.
1067 2447 1093 2477 c)
1122 2447 1199 2472 inter
1219 2445 1334 2474 131¹».2.
1427 2444 1459 2478 d)
1489 2454 1543 2472 omi
1563 2446 1589 2470 B
1602 2445 1643 2474 lb.

139 2477 167 2510 e)
187 2478 334 2506 Theuton.
352 2479 414 2507 132.
488 2482 512 2511 f)
530 2485 602 2507 tunc
620 2481 681 2508 B2.
755 2483 785 2513 g)
805 2480 920 2509 disuad.
940 2482 967 2506 A
979 2483 1002 2509 1.
1022 2482 1100 2509 BD.
1174 2483 1204 2513 h)
1224 2482 1393 2514 Luttering.
1413 2482 1440 2509 Ιι.
1454 2482 1473 2508 I.
1492 2482 1553 2509 Bl.
1566 2483 1589 2509 2.

141 2561 175 2603 1)
203 2560 274 2602 Qui
294 2572 365 2604 per
388 2564 626 2607 episcopatum
656 2565 911 2598 Taurinensem
942 2565 1104 2597 Ticinum
1137 2565 1320 2608 lwofectus
1352 2569 1424 2604 est‚·
1459 2564 1641 2599 Berthold.

140 2607 254 2649 (Arm.
281 2608 317 2643 S.
343 2609 482 2652 Blasii)
503 2623 542 2654 p.
559 2612 641 2647 288.
762 2613 800 2654 2)
834 2612 891 2653 Cf.
921 2612 1091 2654 Gregorii
1122 2614 1223 2654 epist.
1249 2612 1326 2646 coll.
1353 2622 1412 2646 nr.
1434 2613 1489 2646 17.
1509 2613 1563 2646 18.
1583 2614 1641 2654 20,

90 2663 127 2688 40
140 2655 224 2695 Ray.
260 2655 327 2697 IV,
358 2658 414 2699 12,
451 2658 564 2700 Jaffe‘,
602 2659 696 2693 Bibl.
723 2658 775 2701 II,
809 2671 846 2703 p.
874 2660 944 2694 542
962 2670 1036 2702 sqq.
1063 2661 1133 2694 256
1151 2669 1216 2702 sq„
1252 2660 1316 2701 qui
1338 2659 1524 2700 confirmat
1550 2660 1643 2701 quod

139 2701 268 2744 Lamp.
286 2703 384 2745 dicit,
409 2714 444 2737 se
459 2708 582 2738 contra
599 2706 781 2739 cons-ilium
802 2706 1044 2740 Romanorum
1071 2708 1141 2739 iter
1156 2707 1346 2748 suscepisse
1369 2710 1399 2739 et
1417 2717 1439 2739 a
1459 2706 1641 2739 Mathilda

138 2750 316 2783 comitissa
346 2755 526 2794 exceptum
556 2763 638 2788 esse.
736 2754 772 2795 3)
797 2753 854 2795 Cf.
884 2754 1055 2795 Greyorii
1077 2755 1177 2797 epist.
1202 2753 1281 2788 coll.
1309 2755 1365 2794 17,
1403 2754 1425 2788 l.
1449 2753 1471 2788 I.
1495 2766 1531 2797 p.
1553 2755 1640 2789 543:

139 2795 332 2830 statuimus
369 2822 377 2831 .
412 2824 420 2833 .
457 2825 465 2833 .
500 2797 551 2832 ita
585 2799 850 2843 profectionem
884 2804 1046 2834 nostram
1082 2803 1286 2844 maturare3
1317 2811 1423 2843 quam
1456 2801 1640 2844 epistolam

138 2843 355 2887 Lampertus
379 2845 502 2888 leqisse
519 2851 648 2888 posset.
