2014 3184
263 343 367 377 1077.

218 389 299 418 (Ian.
310 389 367 421 28).

183 1873 266 1900 Rom.
278 1873 303 1905 3,
316 1875 359 1900 19.

202 1909 249 1935 Ps.
260 1909 304 1941 62,
317 1910 358 1936 12.

380 224 449 259 296
750 219 1017 255 LAMPERTI
1042 217 1294 255 ANNALES.
1345 218 1392 253 A.
1420 220 1524 255 1077.

381 346 428 386 et
470 343 716 385 comedita.
781 342 883 394 Qua
923 342 1155 384 liberrime
1197 337 1486 397 absumptab,
1533 356 1637 384 cum
1681 342 1880 397 populus

379 403 429 444 in
451 403 611 444 laudes
634 403 733 453 Dei,
765 402 1057 443 innocentiae
1081 402 1177 443 eius
1201 401 1562 456 congratulatus,
1594 401 1880 456 aliquamdiu

380 462 727 512 acclamassetl,
772 462 963 503 tandem
1004 461 1252 515 impetrato
1295 461 1492 511 silentio,
1537 473 1778 503 conversus
1819 461 1879 503 ad

379 535 554 576 regem:
600 521 704 562 ‘Fac
738 520 873 575 ergo',
916 520 1080 574 inquit,
1127 520 1224 569 ‘fili‚
1270 521 1307 561 si
1339 520 1511 575 placet,
1556 521 1679 574 quod
1710 533 1783 562 me
1814 519 1879 562 fa-

379 594 480 622 cere
512 580 684 621 vidisti.
736 579 972 633 Principes
1005 579 1272 620 Teutonici⁰
1311 580 1442 634 regni
1474 579 1566 621 suis
1598 580 1648 620 in
1681 579 1778 621 dies
1810 591 1909 621 ac-5

379 639 694 680 cusationibus
727 652 858 680 aures
886 640 1065 679 nostras
1088 635 1400 692 optunduntd,
1435 652 1651 693 magna-m
1672 638 1760 680 tibi
1787 652 1877 680 mo-

378 697 469 739 lem
502 698 772 752 capitalium
805 698 1048 739 criminum
1089 698 1417 752 impingentes,
1460 711 1542 752 pro
1581 697 1747 752 quibus
1784 711 1878 740 non

378 757 513 798 modo
555 757 611 798 ab
650 757 775 798 omni
817 771 969 798 rerum
1011 756 1297 811 publicarum
1342 757 1754 807 administratione,
1797 757 1878 799 sed

377 815 434 857 ab
484 816 794 857 ecclesiastica
842 816 982 857 etiam
1036 816 1357 857 communione
1410 817 1456 857 et
1509 815 1566 856 ab
1614 815 1878 858 omnimoda

375 875 498 916 vitae
540 875 758 916 secularis
791 875 1136 916 conversatione
1177 888 1320 928 usque
1363 875 1421 915 ad
1454 877 1709 916 extremum
1750 875 1925 930 spiri-10

375 935 476 974 tum
517 936 563 975 te
606 934 824 988 suspendi
865 935 1076 988 oportere
1119 934 1384 975 existimant
1399 934 1426 973 ².
1494 933 1696 975 Petunt⁰
1735 934 1877 975 etiam

375 1006 652 1047 magnopere
677 993 799 1034 diem
832 994 879 1034 et
910 993 1064 1034 locum
1097 993 1240 1034 statui
1273 993 1647 1047 audientiamque
1679 993 1875 1047 prestari

377 1052 594 1093 canonice
628 1052 948 1102 discutiendis,
990 1066 1102 1105 quas
1135 1052 1376 1093 adversum
1408 1054 1455 1094 te
1488 1052 1703 1103 afferant,
1747 1065 1875 1094 accu-

376 1111 646 1152 sationibus.
700 1111 760 1151 Et
793 1111 915 1152 nosti
947 1111 1120 1165 optime
1143 1111 1346 1152 humana
1367 1111 1636 1166 plerumque
1657 1111 1874 1153 vacillare

375 1170 548 1211 iudicia
580 1172 626 1212 et
658 1170 706 1210 in
735 1170 931 1224 publicis
956 1170 1370 1224 disceptationibus
1402 1183 1733 1224 nonnunquam
1754 1170 1875 1212 falsa
1889 1183 1922 1210 15

375 1244 457 1283 pro
504 1229 622 1270 veris
670 1229 954 1283 persuaderi,
1005 1229 1114 1269 dum
1162 1243 1244 1283 pro
1287 1224 1590 1271 disertorumf
1636 1229 1874 1270 hominum

373 1288 601 1342 ingeniisg
628 1290 674 1329 et
698 1288 880 1330 dicendi
913 1289 1045 1342 copia
1077 1290 1123 1329 et
1155 1288 1384 1330 suavitate
1416 1288 1598 1329 falsitas
1629 1287 1873 1330 verborum

374 1347 575 1401 phaleris
608 1347 833 1388 adornata
864 1347 1064 1388 libenter
1096 1347 1296 1396 auditur,
1331 1349 1378 1388 et
1409 1347 1578 1388 veritas
1609 1346 1752 1388 nullis
1784 1346 1871 1388 elo-

374 1406 589 1459 quentiae
630 1406 736 1446 nixa
777 1405 1069 1446 adminiculis
1103 1406 1426 1447 contemnitur.
1489 1405 1606 1446 Cum
1638 1419 1746 1460 ergo
1783 1405 1872 1447 tibi

374 1465 490 1506 bene
524 1465 786 1506 consultum
828 1465 1027 1518 cupiam,
1071 1478 1152 1518 pro
1186 1478 1238 1505 eo
1277 1465 1400 1518 quod
1439 1464 1489 1505 in
1527 1464 1920 1506 calamitatibuszo

373 1524 467 1564 tuis
501 1524 693 1578 supplex
726 1523 1006 1578 apostolicae
1039 1523 1159 1564 sedis
1192 1524 1500 1577 patrocinium
1533 1523 1760 1578 expetisti,
1794 1523 1870 1565 fac

374 1583 495 1636 quod
528 1596 703 1624 moneo.
768 1582 816 1623 Si
846 1584 893 1623 te
925 1582 1219 1623 innocentem
1250 1583 1373 1623 nosti
1405 1585 1452 1624 et
1484 1582 1870 1624 existimationem

373 1644 502 1682 tuam
545 1642 600 1682 ab
635 1641 797 1683 emulis
836 1642 928 1682 tuis
961 1655 1041 1695 per
1073 1641 1351 1682 calumniam
1382 1641 1513 1682 falsis
1546 1641 1870 1682 criminationi-

374 1696 485 1741 bus¹¹
519 1701 699 1754 impeti,
734 1700 881 1741 libera
903 1700 1222 1754 compendiose
1256 1702 1302 1742 et
1334 1700 1602 1742 aecclesiam
1624 1700 1713 1742 Dei
1745 1713 1869 1742 scan-

374 1759 479 1800 dalo
503 1762 549 1800 et
575 1762 622 1801 te
650 1760 801 1813 ipsum
828 1759 994 1813 longae
1018 1759 1373 1800 concertationis
1406 1759 1634 1813 ambiguo,
1669 1761 1716 1800 et
1741 1772 1869 1801 sume
1882 1774 1918 1800 25

373 1819 493 1859 hanc
525 1819 756 1859 residuam
788 1821 967 1872 partem
994 1818 1212 1859 dominici
1245 1818 1458 1872 corporis,
1492 1820 1546 1859 ut
1572 1817 1870 1872 comprobata

373 1877 473 1919 Deo
505 1879 624 1919 teste
666 1877 932 1919 innocentia
962 1879 1046 1918 tua
1077 1877 1347 1918 obstruatur
1378 1891 1512 1918 omne
1545 1890 1594 1918 os
1626 1877 1868 1918 adversum

371 1939 418 1977 te
450 1932 631 1990 iniquai
673 1936 987 1990 garrientium,
1028 1938 1074 1977 et
1106 1949 1178 1977 me
1211 1936 1426 1990 deinceps
1459 1949 1622 1977 causae
1654 1937 1762 1977 tuae
1795 1935 1869 1976 ad-

371 1997 534 2035 vocato
583 1997 629 2036 et
675 1995 967 2036 innocentiae
1019 1997 1128 2036 tuae
1180 1995 1582 2036 vehementissimo
1629 1996 1866 2045 assertore,

372 2054 601 2107 principes
623 2054 712 2094 tibi
732 2054 1101 2104 reconcilientur,
1131 2049 1354 2107 regnumk
1379 2054 1665 2104 restituatur,
1695 2066 1865 2104 omneS,
1881 2070 1916 2096 30

372 2112 538 2165 quibus
579 2112 670 2152 iam
709 2113 789 2152 diu
830 2126 900 2153 res
933 2112 1120 2165 publica
1150 2114 1354 2162 vexatur,
1397 2112 1624 2153 bellorum
1663 2111 1867 2154 civilium

370 2173 670 2224 tempestates
702 2171 751 2211 in
782 2166 1080 2224 perpetuum¹
1113 2170 1379 2224 sopiantur'.
1440 2170 1513 2211 Ad
1546 2171 1660 2212 haec
1692 2170 1772 2212 ille
1802 2170 1866 2211 in-

370 2230 561 2283 opinata
601 2243 649 2270 re
688 2229 915 2270 attonitus
957 2231 1150 2279 estuare,
1193 2229 1497 2282 tergiversari,
1539 2229 1730 2270 consilia
1762 2243 1866 2270 cum

371 2289 464 2328 suis
504 2288 811 2329 familiaribus
853 2289 1119 2341 segregatus
1158 2301 1184 2328 a
1221 2287 1521 2328 multitudine
1563 2287 1771 2329 conferre
1803 2289 1862 2338 et,

371 2347 482 2400 quid
513 2347 639 2388 facto
672 2360 786 2400 opus
829 2348 965 2396 esset,
1010 2346 1209 2399 qualiter
1247 2348 1344 2386 tam
1386 2346 1603 2387 horrendi
1644 2346 1864 2387 examinis
1878 2364 1913 2391 35

369 2406 692 2447 necessitatem
740 2406 971 2454 evaderet,
1025 2405 1233 2459 trepidus
1282 2404 1532 2445 consulere.
1610 2404 1864 2459 Resumpto

371 2465 555 2506 demum
597 2465 762 2519 spiritu
804 2464 982 2505 causari
1022 2464 1145 2517 apud
1186 2476 1352 2517 papam
1394 2464 1515 2517 cepit
1558 2463 1613 2504 de
1655 2463 1865 2505 absentia

369 2579 398 2609 a)
424 2579 580 2603 commedit
600 2579 661 2605 Al.
680 2578 760 2605 Blb.
846 2577 876 2611 b)
901 2579 1052 2608 assumpta
1070 2575 1150 2604 Bib,
1241 2576 1269 2610 c)
1294 2576 1439 2604 Theuton‚
1458 2577 1519 2604 ΒΞ.
1611 2575 1641 2609 d)
1660 2575 1782 2604 obtund.
1801 2578 1863 2604 Al.

368 2613 483 2641 Blb.2.
557 2613 584 2646 e)
604 2614 716 2639 Petiuit
734 2612 814 2641 Bib.
887 2614 910 2644 f)
929 2613 1140 2638 desideriorum
1159 2611 1245 2644 B1b3
1272 2612 1476 2643 discretorum,
1497 2620 1534 2640 m.
1548 2613 1572 2639 1.
1592 2619 1667 2639 corr.
1687 2613 1863 2638 disertorum

367 2649 395 2673 B
407 2649 432 2676 2.
505 2650 536 2681 g)
555 2650 586 2674 in
605 2657 699 2681 genus
719 2648 798 2676 Blb.
871 2648 902 2681 h)
922 2649 1039 2680 perpeti
1059 2648 1136 2679 add„
1156 2648 1205 2672 sed
1224 2648 1277 2674 del.
1296 2646 1376 2674 Blb.
1446 2647 1468 2681 i)
1487 2648 1589 2679 inique
1607 2648 1685 2675 131³.
1758 2647 1790 2680 k)
1809 2647 1911 2674 tibi40

369 2685 436 2711 add.
454 2684 534 2711 Bib.
606 2683 628 2717 l)
647 2685 771 2716 imperP.
789 2684 904 2711 Blb.2.

369 2766 403 2807 1)
427 2766 603 2809 Populum
627 2768 667 2799 in
683 2767 818 2810 capella
843 2767 879 2802 S.
899 2767 1040 2799 Nicolai
1063 2766 1175 2799 castri
1192 2766 1378 2806 Canusini,
1403 2766 1466 2798 ubi
1486 2765 1570 2798 haec
1591 2769 1670 2797 acta
1694 2765 1859 2807 fuissent,

367 2814 401 2845 si
424 2823 507 2845 vera
532 2818 651 2856 essent,
679 2824 751 2846 mm
768 2814 918 2855 affuisse
936 2814 1097 2847 omnibus
1115 2816 1224 2855 patet.
1266 2813 1369 2845 Vides
1393 2814 1478 2854 iam,
1504 2823 1611 2855 quam
1629 2813 1756 2854 optime
1771 2821 1863 2844 com-

363 2863 470 2903 perta
494 2860 623 2902 Lamp.
648 2862 865 2895 narraverit.
964 2859 1001 2904 2)
1029 2860 1087 2901 Cf,
1112 2870 1226 2902 supra
1249 2871 1285 2902 p.
1306 2861 1386 2902 162,
1414 2859 1435 2894 l.
1455 2861 1605 2894 17—26.
