2014 3184
617 259 781 296 INDEX
805 260 1065 298 LOCUTION
1071 261 1159 299 UM.

137 400 184 406 --
220 389 344 415 coram
378 377 494 414 oculis
531 378 655 414 omnia
689 379 872 415 cernentis

137 426 208 463 Dei
231 428 316 472 279,
330 437 375 464 10.
402 447 447 452 —
472 425 584 462 fidem
616 437 719 461 suam
746 437 870 462 coram

137 474 252 511 oculis
286 473 411 510 omnia
445 473 627 510 cernentis
658 473 728 509 Dei
758 474 870 509 inter-

136 522 261 569 posuit
293 524 376 566 294,
389 533 436 559 20.
472 542 518 547 —
552 521 768 567 interposita
797 521 871 556 fide

139 598 148 607 .
176 598 184 608 .
211 599 220 607 .
254 569 614 616 archiepiscoporum
651 572 791 614 138,10.
826 590 868 594 —

138 629 296 702 32¹⁰m¹¹¹
313 596 872 710 {Ssninffisgffsssslffsssssszsffi

140 716 221 759 163,
234 725 278 751 10.
294 734 337 740 —
353 712 406 748 Te
425 716 549 748 autem
573 724 656 748 ecce
673 713 740 748 sub
758 712 872 748 oculis

138 761 264 797 omnia
279 760 438 797 videntis
454 761 525 796 Dei
548 761 712 796 obtestor
728 763 811 805 316,
825 772 871 797 2ο.

188 808 428 846 Saeramento
446 820 484 844 se
502 808 537 844 ei
561 808 712 844 fidem
738 808 871 843 dixisse

141 859 276 902 152,10.
297 877 339 882 —
358 856 590 902 sacramenti,
616 867 689 901 quo
708 856 742 891 ei
758 855 870 891 fidem

138 904 476 950 subiectionemque
501 904 709 940 firmassent
735 906 815 949 167,
825 915 870 940 2ο.

141 973 184 979 -
210 953 241 988 si
274 954 356 988 tuto
390 951 503 988 fidem
529 951 663 996 dicere,
697 954 779 986 tuto
809 963 871 987 ve-

138 1000 239 1036 niam
262 999 431 1046 polliceri
454 1002 605 1046 possent
631 1002 774 1044 237,15.

185 1051 358 1094 paratum
383 1059 421 1084 se
454 1076 462 1085 .
490 1077 498 1085 .
526 1074 535 1082 .
561 1047 683 1084 verbis
708 1047 781 1082 suis
811 1047 830 1082 f
836 1047 871 1082 i-

139 1095 242 1132 dem
273 1095 395 1132 facere
422 1098 561 1142 113,1o.
591 1117 632 1121 —
659 1097 807 1141 paratos
833 1106 872 1130 se

106 1143 109 1144 ⁷
177 1173 185 1181 .
213 1173 220 1180 .
247 1143 356 1179 dictis
379 1142 492 1179 fidem
517 1143 639 1179 facere
672 1146 752 1187 185,
770 1154 797 1180 5.
826 1163 870 1168 ——

138 1194 310 1238 paratum
328 1202 367 1227 se
393 1220 401 1228 .
421 1220 429 1228 .
449 1220 457 1228 .
483 1190 596 1226 fidem
613 1190 735 1226 facere
751 1193 834 1234 279,
842 1201 870 1227 5.

140 1260 187 1266 —-·
219 1242 262 1274 ut
294 1239 481 1285 promissis
515 1239 588 1274 tuis
622 1238 734 1274 fidem
760 1238 872 1274 facias

139 1289 223 1332 319,
238 1298 283 1324 15.

187 1345 232 1371 ea
253 1346 312 1370 res
333 1334 566 1380 potissimum
588 1334 696 1370 dictis
721 1333 872 1369 fidem

140 1382 361 1419 conciliabat
398 1384 480 1426 167,
504 1393 547 1419 15.
588 1403 631 1408 --
672 1385 715 1417 ut
750 1382 872 1418 verbis

139 1429 251 1466 fidem
277 1430 490 1486 conciliaret
514 1432 596 1475 322,
611 1441 656 1467 25.

140 1478 618 1570 ..⁸5⁰5513'333zffib330..
640 1481 794 1561 2⁸³¹ssssss
813 1477 872 1560 ἷζ-

139 1585 227 1610 men
259 1573 491 1620 promittenti
519 1576 659 1609 temere
683 1573 775 1608 fides
809 1573 872 1608 ha·

140 1622 218 1657 bita
243 1625 298 1657 est
321 1623 404 1666 294,
422 1633 468 1659 2ο.
503 1642 549 1647 -
583 1632 653 1656 nec
686 1621 765 1666 ipse
798 1621 872 1656 iam

141 1669 313 1714 cuiquam
347 1669 540 1704 hominum
574 1668 660 1703 satis
688 1668 776 1704 fidei
809 1668 872 1703 ha-

140 1717 232 1753 bens
258 1719 338 1762 169,
349 1728 394 1754 2ο.
422 1737 467 1742 -
493 1716 623 1761 quodsi
647 1716 769 1752 minus
786 1715 873 1751 fidei

140 1765 276 1800 habeat
299 1764 519 1811 negantibus
546 1766 626 1809 185,
640 1775 669 1801 5.
701 1785 743 1789 —
770 1763 872 1799 cuius

139 1812 262 1849 verbis
296 1823 371 1848 non
401 1811 524 1847 minor
551 1811 644 1847 fides
669 1811 874 1847 habebatur

141 1862 223 1905 314,
237 1871 283 1897 25.
321 1880 364 1886 -
398 1859 510 1896 Fides
543 1860 670 1895 habita
695 1862 750 1895 est
779 1859 873 1895 refe-

140 1907 237 1944 renti
261 1910 344 1953 338,
358 1918 404 1945 25.

188 1967 236 1992 ne
247 1955 369 1991 verbis
382 1955 503 1990 minus
523 1954 648 1990 fidei
670 1955 716 1990 sit
734 1957 872 1998 230‚15.

143 2025 186 2030 -
223 2003 310 2048 quia
345 2003 466 2040 verbis
502 2014 634 2049 parum
671 2002 758 2038 fidei
795 2006 874 2038 erat

140 2053 224 2095 237,
247 2062 292 2088 25.
330 2071 372 2076 -
404 2050 526 2086 verbis
561 2050 638 2086 eius
675 2062 750 2086 non
787 2050 873 2086 satis

141 2098 228 2134 fidei
253 2101 331 2134 erat
359 2101 441 2143 322,
455 2110 501 2136 2ο.

189 2146 300 2182 variis
325 2146 491 2182 cladibus
518 2175 526 2182 .
554 2175 561 2182 .

142 2193 290 2239 quando
308 2221 317 2231 .
337 2222 345 2231 .
365 2222 374 2231 .

142 2262 188 2267 —-
213 2241 331 2277 donec
358 2270 365 2278 .
393 2269 402 2279 .
429 2269 438 2279 .
464 2242 648 2287 sanguinis
673 2241 805 2277 horror
830 2253 872 2277 ac

142 2289 295 2325 sacietas
336 2289 516 2325 occidioni
556 2289 668 2325 finem
710 2289 874 2326 facerent

145 2339 225 2381 171,
239 2348 284 2374 so.

191 2383 394 2430 Postquam
427 2413 434 2421 .
463 2411 471 2419 .
500 2413 507 2422 .

142 2431 229 2468 fecit
252 2435 336 2478 317,
351 2444 395 2469 io.

590 2175 598 2183 .
633 2145 783 2181 tandem
809 2146 872 2181 ali—

540 2384 686 2421 dicendi
720 2384 738 2419 f
745 2385 757 2420 i
768 2397 791 2420 n
804 2396 823 2421 e
834 2396 871 2420 m

191 2622 370 2658 volumini
386 2622 445 2658 hic
462 2622 614 2658 tandem
638 2623 781 2659 finem
805 2623 871 2658 im·

142 2670 313 2715 ponimus
340 2672 423 2716 304,
438 2682 464 2707 1.

190 2764 282 2800 nihil
308 2793 316 2802 .
338 2793 347 2802 .
369 2793 377 2802 .
403 2765 490 2801 satis
514 2768 649 2811 tutum,
675 2765 761 2801 satis
787 2765 805 2800 f
812 2765 870 2800 ir-

142 2823 262 2847 mum
285 2813 467 2858 putabant
487 2815 571 2858 234,
581 2824 608 2850 5.
637 2833 679 2839 —
706 2812 798 2847 nihil
817 2823 871 2847 sa·
923 2838 931 2847 .
951 2840 958 2847 .
980 2839 986 2847 .

143 2859 190 2894 tis
215 2858 364 2895 firmum
395 2860 554 2905 satisque
580 2860 763 2895 munitum
789 2860 872 2895 esti-

143 2907 269 2942 mabat
294 2910 436 2953 332,10.

399 2193 549 2229 finem
572 2193 738 2230 facerent
752 2196 872 2239 274,1.
924 2222 932 2230 .
953 2223 960 2230 .
980 2223 988 2230 .

1577 265 1648 300 433

921 379 1070 415 fidem
1096 391 1198 416 suam
1221 381 1442 426 interponit3
1468 382 1513 418 ib.
1539 382 1652 416 inter-

919 427 1039 472 posita
1064 427 1137 463 fide
1157 429 1305 474 publica
1331 447 1373 458 =
1398 430 1515 466 Amm.
1534 430 1651 467 Marc.

920 475 1066 519 XXIX,
1094 478 1128 519 5,
1157 478 1214 513 55.

971 808 1030 851 Cf.
1048 818 1162 852 supra
1176 820 1214 853 p.
1226 810 1306 844 380.
1328 809 1392 843 sub
1404 808 1650 846 iureiurando.

970 1047 1062 1084 Sall.
1082 1048 1160 1091 luy.
1179 1049 1238 1083 24.
1264 1059 1374 1092 quam
1400 1047 1546 1083 miseria
1570 1060 1651 1083 mea

921 1094 1042 1130 verbis
1066 1094 1084 1129 f
1091 1095 1216 1130 idem
1241 1094 1388 1132 faceret.
1408 1116 1454 1121 —
1479 1097 1517 1132 V.
1538 1097 1651 1133 Mart.

920 1145 955 1179 4.
990 1141 1154 1178 facturus
1188 1142 1300 1178 fidem
1333 1143 1450 1179 dictis.
1492 1164 1533 1168 ——
1573 1145 1651 1179 Liv.

920 1191 1147 1235 XXXVIII,
1172 1192 1228 1228 58.
1253 1194 1295 1226 ut
1315 1190 1427 1226 fidem
1448 1190 1587 1227 fecerit.
1609 1213 1650 1217 —

921 1239 1052 1275 lustin.
1070 1239 1102 1282 I,
1117 1241 1150 1283 7,
1167 1241 1223 1275 17.
1243 1241 1284 1274 ut
1301 1238 1547 1274 adfirmationi
1565 1251 1650 1274 suae

921 1286 1033 1322 fidem
1059 1285 1207 1323 faceret.

978 1479 1019 1514 V.
1046 1479 1159 1512 Mart
1188 1481 1244 1514 11.
1279 1489 1356 1513 non
1386 1480 1526 1513 temere
1551 1477 1653 1512 adhi-

921 1526 1012 1561 bens
1025 1525 1174 1561 incertis
1194 1525 1354 1562 fidem.
1378 1546 1420 1551 -—
1440 1526 1517 1562 le.
1529 1527 1652 1568 XLII,

924 1575 980 1610 14.
1013 1576 1055 1608 ut
1084 1573 1259 1620 purganti
1286 1585 1323 1608 se
1360 1601 1367 1609 .
1396 1602 1403 1610 .
1432 1603 1439 1610 .
1475 1573 1564 1608 fides
1590 1573 1651 1608 ha-

921 1622 1063 1666 beatur,
1089 1626 1148 1658 etc.

971 2147 1060 2183 Sall.
1096 2147 1176 2190 luy.
1210 2148 1267 2183 31.
1310 2146 1499 2191 utriusque
1542 2146 1653 2180 cladis

1014 2194 1142 2229 lubido
1160 2205 1288 2230 eorum
1315 2193 1462 2229 finem
1490 2193 1586 2229 fecit.
1610 2213 1651 2218 -

922 2242 1000 2325 tLuig).
1023 2242 1170 2286 XXVI,
1190 2244 1248 2279 46.
1276 2242 1447 2276 caedibus
1474 2241 1554 2275 finis
1580 2240 1652 2275 fac-

970 2385 1062 2420 Sall.
1091 2385 1166 2420 Cat.
1193 2386 1249 2420 52.
1293 2382 1494 2426 Postquam
1521 2381 1652 2416 Caesar

922 2432 1068 2467 dicendi
1095 2431 1242 2466 finem
1270 2430 1375 2472 fecit3
1403 2431 1480 2473 luy.
1506 2431 1562 2465 34.
1589 2428 1651 2462 ubi

922 2479 1121 2515 Memmius
1156 2478 1302 2513 dicendi
1337 2477 1447 2511 finem
1483 2476 1578 2511 feeit.
1607 2497 1650 2501 -

922 2529 998 2563 Le‘v.
1038 2527 1124 2569 XL,
1161 2528 1216 2562 12.
1267 2525 1466 2569 Postquain
1506 2523 1650 2558 dicendi

922 2575 1033 2610 finem
1061 2573 1216 2608 Perseus
1242 2572 1339 2608 fecit.

971 2623 1091 2665 Quint.
1116 2622 1180 2662 IX,
1196 2622 1274 2656 146.
1296 2619 1364 2653 fin
1377 2630 1443 2653 em
1463 2619 1650 2662 imponere

922 2679 1068 2715 egresso
1103 2667 1325 2702 destinatum
1363 2666 1512 2700 modum
1549 2666 1650 2699 volu-

922 2717 1011 2751 mini
1037 2716 1178 2750 festino.

971 2765 1060 2798 Sall.
1079 2764 1156 2805 Iuy.
1176 2764 1233 2798 80.
1253 2760 1342 2795 nihil
1362 2760 1447 2794 satis
1472 2760 1649 2794 firmum

1010 2813 1126 2855 putat.
1151 2829 1193 2835 —
1218 2812 1251 2844 2.
1272 2810 1356 2851 Rey.
1374 2811 1432 2850 23,
1444 2810 1476 2843 ὃ.
1503 2806 1650 2842 firmum

922 2859 959 2893 in
986 2858 1154 2893 omnibus
1180 2860 1289 2900 atque
1316 2855 1508 2890 munitum.

1314 2975 1362 3010 28
