2014 3184
642 229 807 267 INDEX
831 225 1184 265 LOCUTIONUM.

213 451 256 487 in
279 449 429 486 auribus
463 445 630 483 omnium
657 445 798 480 litteras
822 454 896 478 re-

167 497 319 536 citari
359 495 447 532 fecit
482 496 573 538 255,
593 505 620 530 1.
659 513 702 518 —
741 491 898 527 caeleste

166 544 359 583 oraculum
390 543 431 578 in
464 541 614 577 auribus
646 538 775 585 populi
804 537 897 573 reci-

166 593 240 631 tari
262 592 368 628 iubet
391 592 473 636 322,
487 601 533 626 20.

217 640 302 678 cibo
341 648 544 682 somnoque
583 634 776 681 paululum
824 643 900 668 re-

169 687 327 726 creati
352 688 434 730 156,
447 696 494 722 so.

219 794 303 831 spes
366 777 738 826 recuperandae
802 775 903 821 pacis

173 834 315 878 176,20.
340 850 386 857 —
410 839 487 864 11011
511 827 584 862 alia
607 837 646 861 se
670 824 818 860 racione
836 847 845 858 .
865 851 872 860 .
893 850 900 859 .

171 877 447 926 recuperandae
454 875 539 922 paci
551 872 774 910 consensisse
784 873 867 915 201,
875 881 903 907 5.

176 949 219 956 —
249 926 364 1011 {gozzo
389 954 399 963 .
426 923 596 1010 ⁰238pa⁰i⁸
629 918 905 966 recuperandae

174 987 220 1012 cu
347 984 410 1008 ma
530 983 557 1008 1.

262 1034 308 1059 oc
321 1033 390 1058 rex
405 999 517 1066 quasi,
532 1017 657 1065 precio
681 1015 906 1060 redemp-

174 1074 251 1108 tus
268 1072 388 1116 125,⁵.
404 1089 447 1095 —-
465 1070 509 1103 ut
523 1066 680 1102 militem
695 1065 766 1099 hoc
783 1062 907 1109 precio

174 1119 410 1164 redemptum
428 1115 660 1152 devociorem
685 1111 754 1148 sibi
771 1111 910 1146 faceret

179 1170 261 1213 177,
275 1177 304 1204 ⁶.
325 1186 368 1192 -
392 1163 476 1200 Hae
499 1161 670 1199 mercede
694 1159 909 1204 redemptus

180 1217 262 1260 198,
275 1227 303 1252 1.
330 1234 373 1240 —-
399 1212 482 1259 Qua
514 1221 642 1257 regem
665 1207 836 1244 mercede
863 1205 910 1240 ad

178 1263 251 1299 hoc
285 1291 294 1300 .
321 1289 331 1300 .
357 1289 367 1299 .
399 1259 583 1296 redimere
606 1257 756 1293 volebat
783 1256 867 1299 226,
882 1266 908 1289 1.

180 1331 227 1338 -
263 1309 469 1356 Episcopus
507 1336 515 1344 .
543 1333 552 1342 .
578 1332 588 1342 .
625 1307 702 1340 tam
742 1302 909 1349 preciosa

179 1356 448 1406 pollicitatione
463 1354 677 1399 redemptus
696 1354 777 1394 106,
793 1361 838 1387 15.
866 1369 909 1374 —

180 1406 285 1443 nullo
310 1416 349 1440 se
363 1404 424 1440 vel
447 1402 573 1449 precio
597 1399 730 1436 redimi
753 1399 814 1434 vel
839 1399 912 1432 ter-

181 1465 267 1490 rore
291 1451 463 1498 compelli
486 1461 594 1497 posse
617 1451 701 1492 246,
715 1458 760 1484 15.
780 1467 823 1472 —
843 1445 913 1480 cle-

182 1501 361 1538 mentiam
394 1499 472 1536 eius
507 1527 515 1535 .
543 1526 552 1535 .
579 1525 588 1533 .
623 1496 654 1531 si
689 1495 760 1531 alio
788 1492 913 1540 precio

184 1561 296 1596 quam
331 1547 483 1594 proprio
520 1544 696 1591 sanguine
734 1541 915 1578 redimere

185 1597 392 1644 potuissent
415 1597 498 1639 223,
511 1604 558 1630 25.
585 1613 628 1618 —
654 1602 701 1626 ne
725 1619 733 1627 .
753 1619 760 1626 .
781 1618 790 1626 .
812 1599 916 1623 suam

186 1645 342 1681 salutem
355 1654 483 1678 eorum
500 1639 678 1686 sanguine
693 1637 919 1674 redimerent

187 1695 259 1731 229
285 1703 330 1729 10.

237 1719 430 1784 aiatiquum
463 1737 569 1771 illum
602 1732 782 1780 regularis
811 1730 918 1766 disci-

188 1789 312 1835 plinae
336 1786 522 1822 fervorem
546 1781 746 1818 admodum
770 1778 920 1814 refri-

189 1836 322 1872 xisse
346 1835 487 1878 244,20.
512 1851 558 1857 -
583 1831 622 1865 in
653 1829 733 1864 aliis
752 1856 760 1864 .
779 1853 788 1862 .
807 1853 816 1862 .
833 1825 921 1860 fidei

192 1878 352 1920 calorem
388 1910 396 1918 .
425 1907 434 1916 .
460 1909 469 1917 .
501 1879 549 1914 ad
576 1887 711 1924 purum
736 1873 921 1911 refrixisse

193 1933 275 1976 309,
289 1943 316 1966 1.

242 1977 431 2024 regium
454 1974 494 2010 in
511 1973 681 2009 omnibus
698 1981 843 2016 semper
860 1967 922 2004 ad-

193 2026 307 2062 versis
331 2024 495 2060 animum
519 2021 673 2068 gerebat
696 2021 779 2062 270,
793 2028 838 2054 25.

242 2073 357 2120 patris
381 2071 476 2107 tanti
502 2099 510 2107 .
538 2098 546 2106 .
573 2097 583 2106 .
607 2068 682 2103 iam
711 2077 795 2102 cum
821 2063 924 2099 Chri-

195 2125 252 2158 sto
268 2117 526 2167 regnantis
545 2118 663 2161 126,5.
683 2135 726 2141 —
745 2114 798 2149 ita
814 2112 926 2148 etiam

196 2169 308 2206 modo
341 2168 542 2203 insectatur
577 2175 660 2199 cum
689 2161 835 2198 Christo
868 2171 925 2195 re-

197 2218 374 2264 gnantem
399 2216 483 2259 336,
497 2224 542 2250 10.

247 2276 286 2300 se
318 2264 393 2299 iam
426 2259 646 2297 sacramenti
675 2257 784 2293 huius
808 2254 927 2291 reli-

199 2313 344 2360 gione
376 2321 452 2346 non
485 2307 604 2344 teneri
640 2308 779 2350 152‚15.
813 2323 857 2329 -
891 2313 930 2337 se

198 2361 275 2397 iam
308 2359 410 2394 nulla
442 2356 620 2402 religione
657 2352 776 2389 teneri
813 2361 930 2386 sacra-

200 2407 318 2444 menti
343 2408 425 2451 167,
438 2417 484 2442 20.
510 2424 555 2430 —
580 2402 683 2438 nulla
715 2401 789 2436 iam
815 2409 931 2433 sacra-

201 2455 330 2500 menti,
364 2465 438 2499 quo
473 2452 507 2488 ei
531 2450 643 2486 fidem
669 2448 814 2491 dixerit,
849 2445 931 2480 reli-

203 2504 313 2551 gione
328 2501 449 2537 ‘teneri
464 2502 602 2543 271,2o.
622 2518 665 2523 —-
684 2497 816 2532 cuncta
828 2492 932 2528 iuris-

202 2550 350 2587 iurandi
381 2548 559 2594 religione
592 2545 766 2580 liberatos
790 2543 874 2584 294,
889 2550 933 2575 15.

207 2619 250 2625 —
287 2597 334 2633 ad
368 2596 471 2631 cuius
505 2593 702 2638 imperium
729 2619 737 2627 .
764 2618 772 2626 .
801 2618 808 2625 .
841 2587 934 2622 mili·

205 2645 295 2681 taris
329 2642 544 2688 disciplinae
578 2639 704 2675 munia
741 2637 936 2672 observare

208 2691 427 2728 sacramenti
449 2687 618 2724 militaris
634 2685 812 2731 religione
830 2693 936 2727 coge-

208 2742 340 2776 rentur
362 2740 446 2781 233,
460 2747 505 2773 25.

258 2786 359 2832 quod
392 2781 635 2829 religioni
668 2779 815 2815 ducitur
840 2775 939 2822 apud

211 2834 407 2881 populares
433 2831 574 2867 animos
598 2830 682 2872 338,
697 2838 741 2864 15.

261 2881 392 2928 quibus
416 2878 549 2914 milites
573 2876 670 2922 regis
694 2877 819 2920 preter
835 2871 940 2906 mise-

1600 224 1669 259 471

945 349 1048 391 rent3
1079 346 1161 390 III,
1189 347 1252 388 70,
1278 347 1312 382 7.
1338 343 1401 389 qui
1424 342 1575 378 nomina
1598 352 1673 376 non

946 394 1142 438 dedissent,
1168 396 1228 429 otc.

997 631 1115 665 Amm.
1150 629 1269 664 Marc.
1304 627 1417 671 XIX,
1449 629 1489 668 2,
1519 627 1553 662 4.
1595 625 1677 660 cibo

949 676 1167 713 recreati
1190 677 1228 711 et
1243 685 1392 718 somno3
1417 674 1583 716 XXVII,
1596 676 1631 716 2,
1645 675 1678 710 5.

951 726 1097 770 suisque
1115 753 1124 761 .
1139 752 1148 760 .
1163 752 1172 761 .
1190 723 1272 759 cibo
1288 721 1459 758 recreatis
1482 723 1519 756 et
1540 731 1680 756 somno.

1000 773 1088 809 Sall.
1114 773 1196 816 qu.
1220 773 1279 808 29.
1313 769 1352 804 111
1379 797 1387 805 .
1414 797 1422 805 .
1451 794 1459 803 .
1485 779 1588 813 spem
1617 767 1679 803 ad-

953 821 1085 857 ductus
1109 816 1477 864 recuperandae
1501 815 1610 861 pacis.

1005 1013 1115 1048 Lavit.
1152 1014 1214 1056 19,
1246 1012 1303 1047 20.
1342 1008 1460 1054 pretio
1498 1018 1572 1042 non
1609 1017 1685 1041 re-

958 1060 1172 1105 dempta,
1211 1064 1271 1095 etc.
1304 1059 1346 1091 in
1381 1057 1484 1099 Vulq.
1513 1075 1555 1080 -
1585 1054 1685 1089 Ovid.

957 1109 1039 1144 Am.
1064 1108 1097 1151 I,
1124 1110 1158 1150 8,
1185 1109 1242 1144 63.
1278 1103 1406 1150 capitis
1436 1101 1605 1138 mercede
1629 1112 1686 1136 re-

959 1156 1140 1200 demptus.
1169 1175 1211 1180 —-
1239 1155 1348 1198 Apoc.
1374 1154 1407 1196 5,
1434 1154 1466 1188 9.
1499 1148 1687 1185 redemisti

958 1215 1026 1239 nos
1050 1203 1129 1238 Deo
1154 1202 1194 1237 in
1219 1200 1395 1247 sanguine
1419 1201 1496 1235 tuo.

1019 1871 1097 1905 Liv.
1132 1869 1242 1912 XLI,
1269 1870 1326 1904 20.
1359 1866 1397 1900 in
1432 1863 1572 1899 duabus
1607 1891 1613 1898 .
1647 1890 1655 1897 .
1690 1889 1697 1896 .

970 1918 1080 1954 rebus
1097 1927 1183 1952 vere
1199 1928 1218 1950 r
1229 1926 1249 1951 e
1259 1927 1283 1961 g
1292 1915 1306 1949 i
1315 1926 1340 1948 u
1351 1925 1367 1947 s
1390 1914 1469 1948 erat
1487 1910 1639 1945 animus.
1655 1929 1698 1934 —

973 1967 1060 2002 Sall.
1086 1966 1166 2008 luy.
1193 1965 1250 2000 64.
1285 1973 1357 1997 neu
1383 1971 1493 2005 super
1516 1958 1700 1994 fortunam

974 2014 1139 2049 animum
1162 2012 1320 2058 gereret.

1022 2062 1131 2106 Apoc.
1144 2061 1247 2105 20‚4.
1266 2055 1603 2103 regnaverunt
1619 2062 1704 2087 eum

976 2108 1133 2144 Christo.

1027 2254 1106 2289 Liv.
1128 2250 1277 2292 XXVI,
1296 2249 1356 2283 48.
1381 2244 1608 2289 obstringere
1624 2251 1708 2286 per-

978 2301 1072 2336 iurio
1112 2326 1159 2335 ..
1202 2326 1208 2334 .
1244 2292 1460 2331 sacramenti
1501 2288 1708 2334 religio-

979 2361 1005 2383 n
1016 2360 1036 2383 e
1046 2359 1102 2390 m3
1130 2346 1208 2379 XX
1216 2343 1319 2385 VIII,
1334 2343 1392 2378 27.
1419 2335 1636 2373 sacramenti
1653 2346 1708 2369 re-

980 2395 1156 2441 ligionem
1170 2390 1329 2436 rupistis.
1347 2409 1387 2414 —-
1404 2388 1533 2421 lustin.
1545 2382 1707 2424 XXXV,

982 2446 1015 2487 2,
1034 2445 1067 2479 3.
1094 2439 1226 2486 prioris
1244 2434 1460 2472 sacramenti
1483 2431 1708 2477 religionem.

1037 2773 1127 2807 Sall.
1159 2771 1239 2813 lay.
1276 2770 1332 2805 11.
1371 2764 1470 2810 quod
1506 2761 1604 2808 apud
1636 2759 1714 2796 Nu—

989 2820 1105 2855 midas
1130 2816 1262 2852 honori
1287 2814 1445 2850 ducitur.

1038 2867 1124 2902 Sall.
1153 2866 1229 2900 Cat.
1254 2865 1312 2900 28.
1348 2861 1478 2907 quibus
1512 2856 1638 2893 lubido
1663 2859 1717 2890 at·
