2014 3184
326 236 396 271 260
692 231 962 268 LAMPERTI
987 229 1240 267 ANNALES.
1290 230 1337 266 A.
1364 231 1468 269 1076.

210 361 313 396 1076.
328 356 455 398 bant.
510 356 655 396 Erant
688 356 779 396 duo
813 354 1051 396 cuiusdam
1085 352 1278 395 Geronis
1312 350 1521 394 comitisl
1553 350 1638 391 filii
1652 350 1679 401 ²,
1714 348 1826 391 satis

329 415 513 470 quidem
556 415 681 457 edito
723 414 824 455 loco
857 410 985 463 *nati,
1030 413 1109 454 sed
1147 414 1334 466 propter
1364 410 1568 465 inopiam
1599 409 1667 452 rei
1697 407 1960 455 fami-*aua
1996 405 2002 442 Ῑ

329 474 454 515 liaris
495 474 618 516 inter
659 473 888 528 principes
922 472 1145 513 Saxoniae
1186 471 1360 512 nullius
1401 469 1599 511 nominis
1630 467 1704 510 vel
1736 481 1828 510 mo-

329 533 487 575 menti.
551 533 615 574 Hi
654 535 859 586 tempore
902 531 1150 573 deditionis
1191 530 1316 571 ultra
1347 529 1504 570 Albim
1541 527 1732 569 fiuvium
1763 539 1828 569 re-

330 593 561 646 fugerant,
586 592 741 645 ibique
763 591 829 633 rei
852 592 1067 632 eventum
1090 589 1477 644 prestolabantur,
1511 587 1650 629 facile
1673 601 1700 628 a
1719 599 1827 640 rege
1842 598 1859 624 ὁ

330 654 518 706 propter
540 651 869 692 obscuritatem
902 649 1100 690 nominis
1131 648 1204 690 vel
1226 647 1428 702 ignorati
1459 646 1532 688 vel
1559 645 1828 700 contempti.

332 710 538 764 Cumque
564 710 803 751 viderenta
831 709 964 759 mala,
999 721 1114 762 quae
1147 707 1334 757 fiebant,
1367 720 1461 748 non
1493 705 1620 747 aliud
1653 704 1829 747 scilicet

331 772 486 811 actum
520 769 754 810 deditione
787 768 1048 822 principum
1081 762 1243 820 quamb
1273 765 1530 820 proditam⁰
1563 764 1700 819 plane
1732 776 1829 806 esse

331 829 595 870 libertatem
636 827 813 882 patriae
854 828 1092 879 totamque
1125 827 1310 879 gentem
1343 824 1587 873 Saxonum,
1630 837 1720 877 quo
1751 835 1831 864 rex

332 901 510 941 semper
549 887 827 935 intenderat,
870 886 918 926 in
960 885 1229 926 servitutem
1270 886 1408 937 atque
1450 883 1533 924 sub
1575 882 1736 937 iugum
1766 894 1831 924 re·
1845 893 1883 920 ιο

333 946 558 995 dactam²³,
593 945 799 999 quamvis
822 944 984 999 patriis
1016 943 1185 985 finibus
1209 945 1424 992 extorres,
1459 941 1666 996 quamvis
1687 939 1832 982 muni-

333 1005 537 1046 tionibus
570 1004 759 1054 amissis,
799 1004 981 1058 perdito
1014 1002 1304 1057 patrimonio,
1347 1015 1500 1043 rerum
1531 1000 1738 1043 omnium
1767 999 1832 1040 in-

333 1078 441 1118 opes
485 1063 829 1113 remansissent,
879 1062 1144 1117 gaudebant
1191 1064 1347 1103 tamen
1394 1060 1660 1110 admodum,
1709 1058 1832 1114 quod

334 1138 437 1164 cum
481 1123 673 1164 caeteris
715 1122 939 1163 Saxoniae
980 1121 1265 1175 principibus
1306 1121 1671 1174 tempestuosum
1713 1117 1833 1159 illud

335 1182 583 1223 deditionis
615 1181 911 1235 naufragium
943 1195 1036 1221 non
1067 1180 1351 1221 incidissent.
1404 1175 1492 1219 Etd
1521 1193 1624 1220 cum
1645 1178 1832 1233 urgeret
1846 1189 1884 1216 15

335 1241 539 1295 penuria,
584 1240 834 1282 contractis
877 1254 930 1281 ex
979 1239 1049 1280 sui
1091 1239 1310 1279 similium
1351 1251 1541 1279 numero
1583 1236 1832 1291 aliquantis

335 1300 490 1354 copiis,
534 1302 667 1353 rapto
707 1299 794 1340 sibi
826 1299 999 1340 victum
1037 1311 1225 1351 querere
1258 1299 1493 1351 ceperunt.
1556 1295 1832 1349 Plerumque

336 1359 488 1408 etiam,
528 1358 609 1399 ubi
641 1357 957 1412 oportunitase
997 1357 1251 1407 accidisset,
1295 1356 1415 1410 regis
1448 1355 1738 1397 exactoribus
1769 1367 1832 1395 re-

336 1418 496 1458 sistere
529 1419 575 1458 et
607 1417 798 1457 iniurias
820 1430 959 1457 manu
982 1415 1249 1470 propulsare
1271 1415 1577 1468 temptabant.
1627 1412 1833 1467 Cumque

336 1477 400 1518 eis
434 1476 573 1517 semel
606 1478 653 1517 et
676 1475 876 1517 secundo
902 1489 973 1516 res
996 1487 1210 1529 prospere
1233 1474 1487 1523 cessissent,
1522 1473 1692 1514 milites
1714 1473 1833 1527 prin·
1847 1486 1886 1511 20

337 1536 490 1589 cipum
532 1535 609 1588 qui
641 1534 836 1589 relegati
867 1534 1066 1583 fuerant,
1109 1533 1300 1587 ingenui
1331 1546 1510 1587 quoque
1542 1545 1712 1582 omnes,
1755 1531 1834 1585 qui

337 1595 534 1636 necdum
582 1594 729 1635 dediti
775 1593 981 1643 fuerant,
1031 1593 1199 1646 quique
1247 1594 1451 1634 extrema
1497 1591 1651 1632 omnia
1697 1604 1834 1644 quam

337 1653 474 1694 fidem
506 1653 626 1707 regis
657 1652 782 1693 ultra
814 1652 1010 1706 experiri
1041 1651 1288 1702 malebant,
1333 1650 1603 1692 catervatim
1634 1650 1693 1691 ad
1724 1644 1829 1691 eosf

338 1712 646 1754 confluebant.
701 1711 761 1752 Et
792 1711 919 1753 facta
945 1713 1014 1753 est
1045 1711 1198 1751 intrag
1224 1710 1321 1752 dies
1353 1723 1523 1764 paucos
1554 1707 1836 1764 permaxima

337 1771 603 1821 multitudo,
646 1771 714 1812 ita
753 1772 807 1811 ut
847 1770 940 1811 iam
971 1784 1064 1811 non
1096 1770 1155 1811 ad
1186 1769 1377 1810 insidias
1409 1769 1544 1810 modo
1577 1770 1624 1810 et
1656 1767 1887 1809 claude-2⁵

338 1825 510 1870 stinasll
547 1829 927 1871 latrocinantium
968 1842 1092 1870 more
1131 1828 1431 1878 excursiones,
1475 1822 1578 1869 sedi
1619 1827 1679 1868 ad
1710 1839 1834 1881 aper-

337 1891 434 1929 tam
480 1888 573 1929 vim
620 1890 666 1929 et
713 1888 922 1942 publicas
963 1887 1305 1942 congressiones
1351 1900 1483 1941 pares
1530 1899 1577 1928 se
1624 1885 1835 1926 hostibus

339 1947 688 1988 arbitrarentur.
752 1947 968 1988 Preterea
1009 1946 1324 2001 provinciales,
1367 1945 1533 1999 quibus
1572 1945 1696 1986 inter
1730 1943 1835 1984 ulti-

339 2019 436 2045 mas
469 2005 802 2058 desperationis
834 2006 1046 2047 tenebras
1079 2005 1158 2046 lux
1190 2005 1345 2058 aliqua
1377 1999 1568 2045 salutisk
1604 2005 1651 2045 et
1683 2015 1836 2044 conso·

339 2064 526 2104 lationis
569 2063 761 2104 caelitus
803 2065 1065 2114 emicuerat,
1109 2078 1265 2105 omnes
1306 2063 1646 2117 promptissimo
1683 2061 1888 2104 animoso

342 2122 486 2163 socias
527 2135 689 2162 manus
731 2135 1109 2175 communemque
1157 2136 1342 2176 operam
1388 2122 1586 2176 publicis
1633 2120 1840 2175 negociis,

342 2180 632 2235 pollicentur,
667 2180 815 2221 sacius
846 2180 1104 2221 iudicantes
1136 2194 1218 2234 pro
1241 2180 1403 2234 patria,
1437 2194 1519 2234 pro
1551 2180 1720 2230 liberis,
1753 2191 1836 2233 pro

343 2239 615 2293 coniugibus
656 2239 851 2280 honesta
891 2240 1038 2280 morte
1085 2238 1301 2292 perfungi
1342 2252 1479 2291 quam
1519 2239 1641 2279 inter
1681 2239 1836 2278 tantas

341 2298 667 2339 tribulationes
699 2298 824 2339 omni
855 2299 1001 2339 morte
1033 2297 1284 2338 tristiorem
1314 2297 1458 2337 vitam
1490 2310 1639 2350 agere.

124 2372 330 2404 (Mamum)
487 2357 618 2398 Inter
639 2357 752 2398 haec
774 2357 956 2398 rediens
978 2355 1289 2397 Herimannus
1311 2357 1503 2409 patruus
1525 2354 1686 2408 Magni
1707 2354 1836 2395 ducis
1851 2365 1891 2392 3⁵

345 2418 391 2457 et
423 2415 503 2456 alii
534 2415 740 2469 plerique
782 2429 837 2456 ex
877 2414 1161 2469 principibus
1203 2414 1445 2464 dediticiis,
1489 2427 1614 2467 quos,
1656 2414 1710 2454 ut
1741 2425 1837 2467 pre·

345 2474 521 2515 dictum
554 2476 623 2515 est
637 2474 664 2524 4,
698 2473 960 2515 inconsulto
982 2487 1089 2527 rege
1119 2472 1413 2526 indulgentia
1444 2478 1650 2514 eorum'a
1672 2471 1837 2526 quibus

344 2601 373 2628 a)
393 2600 536 2625 videbant
554 2598 642 2633 B1b;
662 2599 800 2625 viderant
817 2599 844 2624 B
855 2600 896 2624 10.
971 2599 1001 2630 b)
1020 2606 1079 2631 quo
1091 2599 1118 2623 B
1129 2597 1173 2623 lb.
1248 2599 1275 2629 c)
1293 2596 1441 2629 perditam
1460 2598 1520 2622 ΒΞ.
1594 2596 1624 2630 (1)
1643 2598 1718 2623 dewt
1735 2596 1840 2623 Bne.

345 2634 373 2667 e)
392 2634 520 2669 opflport.
541 2635 603 2660 Al.
677 2635 702 2666 f)
722 2635 840 2660 eosdem
856 2635 883 2659 B
896 2633 939 2659 lb.
1014 2634 1044 2667 g)
1063 2634 1143 2659 inter
1161 2633 1242 2658 Bib.
1316 2634 1347 2664 h)
1367 2632 1520 2658 clamdest.
1540 2633 1603 2658 Bl.
1677 2631 1699 2666 i)
1718 2634 1749 2658 et
1768 2632 1838 2657 aad.

344 2670 407 2696 ΒΞ.
481 2669 513 2703 k)
532 2677 614 2695 cons.
635 2672 666 2695 et
684 2670 738 2695 sal.
758 2670 865 2695 celians
883 2669 965 2695 Blb.
1851 2666 1892 2691 40

348 2776 382 2818 1)
405 2775 458 2808 De
482 2775 599 2808 Brene
622 2786 639 2809 e
661 2779 760 2818 yeme
779 2775 992 2810 Wettinensi.
1090 2775 1126 2817 2)
1157 2774 1391 2807 Theodericus
1415 2777 1446 2806 et
1470 2773 1708 2806 Willehelmus
1731 2781 1840 2806 comes

346 2822 388 2855 de
406 2822 606 2864 Kambury.
644 2823 702 2863 Cf.
723 2822 863 2857 Geneal.
884 2822 1034 2864 Wettin„
1057 2822 1120 2856 SS.
1139 2821 1291 2864 XXIII,
1313 2831 1352 2863 p.
1371 2822 1461 2860 228„-
1485 2821 1612 2854 Brmw
1635 2830 1663 2855 c.
1682 2821 1738 2855 99.
1758 2821 1838 2854 117.

346 2867 383 2911 3)
408 2868 463 2909 Cf.
490 2879 604 2911 supra
623 2880 662 2911 p.
683 2870 750 2904 147
766 2879 819 2912 sq.
915 2868 952 2912 4)
975 2869 1015 2904 P.
1042 2870 1122 2904 258.
