1968 3164
512 229 783 266 LAMPERTI
806 229 1059 267 ANNALES.
1111 230 1158 266 A.
1187 233 1290 268 1070.
1588 233 1656 268 113

288 351 452 396 Clarus
494 367 548 396 eo
589 354 797 408 tempore
837 353 888 394 in
928 352 1137 408 palacioa
1185 355 1232 395 et
1281 366 1476 407 magnae
1516 353 1566 394 in
1607 368 1655 395 re
1672 358 1774 393 1070.

142 413 333 470 publica
378 413 673 455 auctoritatis
715 414 815 455 erat
857 411 971 455 Otto
1017 413 1110 454 dux
1152 412 1486 454 Baioariorum.
1551 412 1653 462 Sed,

144 473 266 516 sicut
297 486 478 528 semper
508 472 703 528 gloriam
737 472 867 527 sequi
899 471 1018 514 solet
1048 471 1227 513 invidia
1241 471 1267 522 ¹,
1310 471 1572 514 invidentes
1615 472 1657 514 ei

143 532 352 588 plerique
384 532 595 575 homines
626 545 838 587 nequam,
872 531 952 586 qui
983 531 1196 574 maliciae
1229 544 1338 573 suae
1365 526 1651 585 potentiamb

114 591 244 635 seius
274 593 441 647 atque‘²
480 592 819 634 inmoderatam
851 591 1047 646 gloriam
1080 591 1266 633 obstare
1292 587 1652 645 querebanturd,

144 650 344 694 sollicite
376 651 744 707 oportunitatem
777 651 837 692 ad
869 651 1224 706 opprimendum
1258 664 1363 692 eum
1386 650 1656 704 querebant.

144 711 312 766 Itaque
353 711 585 766 quendam
626 710 818 766 Egenen
858 711 1045 753 nomine
1058 745 1067 762 ,
1111 710 1346 752 hominem
1386 710 1655 764 ingenuum,

144 770 228 814 sed
266 770 393 814 omni
433 771 722 826 flagiciorum
754 784 922 825 genere
953 770 1254 821 infamatum,
1295 769 1347 811 in
1377 783 1537 811 necem
1571 769 1658 811 exi-

43 882 45 884 ,
146 830 360 886 ciumque
401 830 500 873 eius
538 830 908 873 subornaverunt
923 830 951 871 ².
1015 830 1063 872 Is
1095 830 1270 872 crimen
1302 829 1520 871 adversus
1553 843 1658 871 eum

100 904 135 931 ιο
147 889 332 942 detulit,
367 890 491 945 quod
523 903 571 932 se
604 890 663 932 ad
685 890 991 932 occidendum
1022 903 1179 945 regem
1201 889 1416 944 precibus
1449 891 1496 930 et
1528 888 1657 943 polli-

145 949 448 992 citationibus
488 949 649 991 multis
690 963 992 1005 sepenumero
1033 949 1352 999 sollicitasset,
1395 951 1535 1003 atque
1575 948 1651 988 ine

144 1010 471 1065 argumentum
503 1009 614 1051 fidei
649 1009 858 1065 gladium
890 1009 1179 1060 ostentabat,
1224 1022 1359 1063 quem
1393 1008 1482 1050 sibi
1514 1007 1570 1049 ab
1604 1021 1658 1049 eo

142 1069 196 1111 in
233 1069 319 1112 hos
359 1070 458 1111 tam
499 1064 776 1112 seeleratosf
812 1069 1106 1124 nefariosque
1147 1082 1258 1110 usus
1291 1069 1453 1110 datum
1492 1081 1657 1109 assere-

144 1128 226 1171 bat
239 1129 269 1170 3.
331 1128 383 1171 Si
411 1129 710 1179 inficiaretur,
745 1130 961 1184 paratum
994 1142 1040 1171 se
1074 1129 1235 1183 quovis
1265 1128 1470 1170 indiciog
1505 1127 1656 1169 verbis

96 1202 131 1228 ιο
144 1188 240 1230 suis
279 1188 420 1231 fidem
458 1188 629 1231 facere.
692 1187 796 1240 Qua
836 1189 1131 1230 accusatione
1173 1187 1387 1243 vulgata,
1431 1187 1502 1237 hi,
1543 1200 1657 1241 quos

142 1247 324 1290 ratione
345 1248 602 1290 communis
624 1243 882 1290 commodill
909 1248 1159 1302 aliquando
1192 1247 1465 1298 offenderat,
1499 1259 1657 1288 omnes

141 1307 317 1350 infensi
355 1307 610 1362 infestique
651 1308 846 1350 aderant
883 1310 931 1350 et
961 1307 1251 1350 iracundiam
1283 1307 1405 1362 regis
1438 1306 1656 1348 adversus

144 1380 250 1410 eum
269 1367 558 1410 inflammare
580 1381 760 1409 summa
780 1367 838 1418 vi,
864 1381 1043 1409 summa
1064 1381 1151 1422 ope
1173 1367 1460 1409 nitebantur.
1503 1365 1658 1420 Igitur

142 1439 224 1470 rex
263 1421 392 1470 eum¹
433 1425 723 1482 Mogontiam
761 1441 867 1469 cum
899 1427 1093 1469 caeteris
1125 1422 1442 1482 principibusk
1479 1426 1537 1467 ad
1571 1425 1859 1472 COl·Iun.(‹'.12).

94 1485 352 1541 2010quium
384 1486 606 1538 evocavit,
640 1487 752 1541 quid
779 1486 987 1529 delatum
1021 1489 1154 1537 esset,
1189 1486 1416 1541 exposuit,
1450 1485 1657 1540 neganti-

143 1559 232 1600 que
255 1545 468 1588 inducias
489 1546 540 1588 in
561 1559 640 1588 sex
661 1542 964 1588 ebdomadasi
999 1546 1130 1588 dedit
1142 1546 1171 1596 ⁴,
1205 1548 1302 1587 ut¹¹¹
1324 1545 1431 1586 Kal.
1454 1544 1658 1599 Augusti

143 1603 404 1648 Goslariam
450 1605 640 1648 veniens
687 1605 922 1648 obiectum
976 1606 1150 1648 crimen
1198 1607 1498 1660 congressusn
1552 1618 1655 1645 cum

143 1666 411 1708 accusatore
443 1679 526 1707 suo
558 1668 726 1706 manu⁰
755 1665 942 1720 propria
972 1665 1256 1707 refelleretl'.
1311 1663 1428 1705 Cum
1459 1663 1510 1704 in
1542 1663 1656 1704 haec

142 1723 284 1766 verba
323 1724 575 1767 discessum
617 1726 759 1775 esset,
804 1724 983 1766 causari
1030 1724 1262 1779 principes
1310 1724 1367 1765 de
1407 1722 1656 1776 iniquitate

95 1797 131 1823 25
144 1783 430 1826 condicionis
462 1785 698 1838 ceperunt,
733 1797 817 1825 nec
850 1783 1023 1825 bonum
1056 1797 1140 1825 nec
1173 1796 1341 1836 equum
1375 1795 1473 1824 esse
1507 1781 1656 1823 dicen-

143 1844 236 1894 tes,
284 1844 340 1884 ut
386 1842 525 1884 homo
572 1842 908 1893 nobilissimus,
951 1842 1279 1897 integerrimae
1327 1842 1451 1896 apud
1499 1854 1657 1882 omnes

144 1901 500 1944 existimationis
540 1915 626 1944 nec
667 1901 763 1943 ulla
802 1915 1006 1956 unquam
1039 1901 1215 1943 sinistri
1245 1901 1443 1942 rumoris
1475 1899 1658 1942 macula

144 1961 472 2011 attaminatus,
521 1975 710 2003 manum
757 1961 968 2003 conferre
1020 1961 1261 2003 iuberetur
1313 1974 1418 2002 cum
1470 1960 1657 2002 homine

144 2020 520 2071 sceleratissimo,
570 2021 650 2075 qui
702 2021 741 2062 si
787 2021 899 2075 quid
951 2020 1259 2075 ingenuitatis
1311 2034 1338 2061 a
1385 2019 1657 2075 parentibus

97 2135 175 2169 ³0⁸)
200 2136 327 2169 pallacio
346 2137 458 2170 (sawt)
483 2139 548 2162 erat
573 2139 603 2162 et
621 2143 660 2162 m.
690 2137 720 2162 in
739 2143 802 2169 rep.
822 2138 902 2162 auct.
923 2135 959 2162 Ο.
980 2136 1040 2162 dux
1059 2137 1123 2163 132.
1216 2136 1248 2169 b)
1270 2143 1327 2162 om.
1348 2135 1430 2161 Blb.
1523 2134 1550 2167 c)
1575 2142 1657 2160 suam

145 2172 215 2198 add.
236 2171 317 2198 Blb.
411 2171 442 2205 d)
461 2172 628 2204 querebant
645 2170 728 2198 Bib.
821 2171 849 2204 e)
868 2180 925 2198 om,
946 2173 1025 2198 131⁸.
1118 2172 1143 2205 f)
1163 2172 1308 2198 celei-atos
1327 2172 1407 2197 131⁸.
1499 2173 1529 2203 g)
1549 2171 1657 2196 iudicio

143 2207 198 2234 Rs
215 2208 304 2234 solue.
379 2207 412 2242 11)
430 2207 547 2235 comedi
564 2207 630 2235 Rs.
703 2207 726 2240 i)
743 2214 811 2233 cum
829 2208 894 2234 132.
968 2208 1001 2241 k)
1020 2215 1086 2234 eum
1107 2208 1176 2233 add.
1199 2208 1262 2233 132.
1347 2208 1368 2239 l)
1388 2206 1478 2233 hebd.
1498 2208 1562 2239 A13
1587 2207 1656 2231 heb·

144 2243 285 2304 {innodas
302 2243 386 2271 Bib.
460 2243 501 2277 m)
520 2243 563 2270 VI
582 2244 654 2278 (pro
674 2246 719 2278 vt)
738 2243 818 2270 Bit.
892 2243 923 2277 n)
942 2251 999 2270 om.
1020 2244 1082 2272 ΒΣ.
1156 2243 1185 2277 ο)
1204 2251 1251 2276 pr.
1272 2251 1361 2268 manu
1382 2244 1443 2269 132.
1511 2247 1543 2275 p)
1563 2243 1657 2267 reuel—

156 2282 222 2306 erct
239 2280 305 2306 Al.

98 2383 133 2410 ab
146 2373 182 2418 1)
204 2373 350 2411 Sanun.
369 2375 449 2419 qu.
468 2385 496 2409 c.
510 2376 576 2411 55:
602 2373 812 2409 meminisse
829 2376 914 2419 post
929 2374 1084 2420 gloriam
1103 2373 1278 2408 invidiam
1298 2373 1410 2418 sequi.
1484 2373 1520 2416 2)
1546 2374 1656 2414 Infra

140 2433 180 2466 Ρ.
199 2423 279 2459 172.
306 2422 474 2456 θτέςοηωη
504 2423 660 2456 comitem
696 2425 726 2455 et
751 2422 985 2455 Adalbertum
1010 2422 1139 2466 Lamp.
1170 2422 1294 2455 scribit
1330 2423 1494 2454 e'ncz‘tasse
1519 2420 1656 2463 Eyt'no-

143 2478 234 2511 m»
268 2473 308 2503 αἱ
342 2469 406 2504 hoc
440 2469 583 2512 faceret.
634 2470 748 2511 Infra
783 2481 817 2505 a.
838 2470 943 2512 1071,
972 2481 1012 2514 p.
1034 2472 1114 2506 130.
1147 2470 1365 2513 Liupoldum
1399 2469 1441 2501 de
1466 2468 1658 2509 Mersbury

145 2517 301 2551 maxime
327 2516 448 2551 ottoni
470 2517 555 2550 duci
578 2517 807 2551 adversat-um
831 2527 902 2551 esse
926 2517 1021 2553 dicit.
1108 2517 1144 2561 3)
1168 2518 1254 2551 Rem
1281 2517 1486 2550 accuratius
1512 2525 1624 2558 eoepon
1632 2516 1657 2547 tt

146 2563 332 2597 amalum
356 2564 563 2599 Attalicum
597 2575 631 2600 a.
661 2566 765 2601 1069.
793 2566 898 2606 1070,
933 2565 1054 2598 ducem
1090 2575 1215 2598 revera
1249 2565 1387 2598 sceleris
1421 2563 1531 2596 huius
1555 2573 1654 2595 reum

98 2620 135 2646 40
146 2609 359 2647 arbitratus.
401 2611 471 2645 Sed
494 2615 611 2646 testem
635 2611 746 2646 haber
767 2612 1030 2646 Ekkehardum
1056 2623 1090 2648 a.
1111 2614 1215 2653 1071,
1241 2612 1306 2647 SS.
1330 2611 1391 2650 VI,
1412 2621 1451 2654 Ρ.
1470 2612 1552 2650 200,
1578 2620 1654 2642 cum

146 2657 355 2691 Bmmomm
390 2658 433 2692 de
469 2659 555 2693 bello
593 2659 731 2693 Samon.
769 2670 796 2695 c.
825 2661 882 2695 19.
920 2663 1037 2693 testem
1075 2660 1248 2693 adducere
1284 2669 1357 2691 mm
1396 2658 1506 2695 liceat,
1547 2659 1658 2690 iustos

147 2704 306 2738 horninae
338 2705 459 2738 ducem
492 2706 590 2748 falso
624 2711 828 2740 accusatum
863 2717 934 2740 esse
952 2711 1078 2750 postea
1113 2709 1298 2748 censuisse,
1334 2709 1363 2738 et
1399 2707 1516 2749 ipsum
1541 2715 1654 2747 reyem

141 2754 268 2794 postca
291 2751 412 2786 ducem
435 2752 547 2787 huius
570 2755 736 2787 ‹tr-{minis
760 2756 934 2788 insontem
959 2754 1107 2788 duoeioee
1131 2754 1259 2795 eredes,
1288 2754 1355 2796 qui
1377 2763 1454 2787 eum
1483 2754 1520 2785 in
1546 2753 1658 2794 fami-

149 2798 343 2832 liar-itatem
359 2801 540 2843 acceperit.
584 2800 652 2834 Soa
667 2811 756 2835 num
778 2801 858 2835 dux
882 2806 966 2835 tunc
987 2803 1066 2845 reqi
1082 2802 1195 2844 fidelis
1220 2801 1345 2843 suerit,
1371 2801 1451 2834 itere
1466 2799 1655 2833 dubitabis.

98 2855 136 2880 45
147 2846 186 2889 4)
217 2845 384 2889 Spatium
417 2848 588 2890 temporie
621 2858 645 2881 a
679 2848 850 2892 colloquio
879 2849 1096 2892 Moqmm‘no
1130 2859 1241 2891 usque
1275 2847 1323 2881 ad
1350 2849 1444 2891 Auy.
1465 2849 1497 2883 1.
1527 2848 1657 2891 paucis

147 2892 269 2926 diebus
293 2894 413 2927 maius
436 2903 500 2927 sex
523 2893 797 2930 hebdomadibus
822 2896 937 2938 fuiaee
961 2897 1110 2930 ostendit
1137 2895 1268 2929 Kilian
1288 2906 1327 2939 p.
1345 2897 1499 2932 46—49.

1345 2968 1369 3003 8
