1968 3164
566 238 837 275 LAMPERTI
862 241 1118 280 ANNALES.
1168 244 1215 281 A.
1245 248 1348 283 1074.
1654 253 1723 287 185

206 361 363 404 venire
404 361 645 416 cupientes
688 364 892 417 graviter
931 365 981 406 in
1023 380 1099 408 eos
1138 368 1216 422 qui
1249 369 1344 411 tale
1377 371 1611 425 flagicium
1646 374 1719 415 ad·
1733 366 1840 443 ἓξὲξ
1852 415 1875 439 Α
1902 423 1917 439 ›-

201 421 427 464 miserant
453 421 874 465 animadvertuntl.
924 425 1106 468 Deinde
1139 427 1319 482 legatos
1352 430 1410 471 ad
1436 445 1592 486 regem
1620 434 1719 475 mit-
1750 427 1759 437 ⁴
1832 434 1838 441 '
1877 424 1898 446 Ρ
1919 418 1940 447 ’)

199 482 332 532 tunt,
377 481 672 524 obsecrantes
714 496 796 537 per
836 483 1008 535 Deum,
1053 488 1106 527 ut
1149 500 1196 529 se
1238 488 1410 531 habeat
1453 495 1716 543 excusatos;

203 553 289 582 nec
330 540 536 583 conscios
578 555 625 584 se
667 543 789 584 tanti
831 544 1016 586 sceleris
1058 559 1142 588 nec
1190 547 1451 591 incentores
1494 552 1715 603 extitisse,

167 613 190 640 ·5
202 601 532 655 patratumque
574 615 668 643 non
709 615 840 644 secus
882 618 1019 658 quam
1057 605 1209 660 ipsum
1242 609 1446 662 graviter
1478 612 1525 652 et
1557 611 1716 666 iniquo

198 659 357 702 >animo
389 659 534 712 ferre;
569 662 733 716 quodsi
756 663 908 705 minus
932 665 1040 707 fidei
1067 666 1239 708 habeat
1261 670 1554 723 negantibus,
1590 686 1715 726 para·
1756 692 1759 694 ·

198 720 275 760 tos
307 733 355 762 se
378 715 538 774 quovis
571 734 739 776 genere
772 723 1106 766 satisfactionis
1140 727 1277 768 dictis
1310 728 1449 771 fidem
1481 730 1635 773 facere
1669 734 1715 774 et

196 778 402 822 violatae
424 781 550 835 pacis
573 795 600 822 a
622 795 669 823 se
693 783 1002 837 suspicionem
1025 799 1248 828 amovere.
1305 788 1394 830 Ille
1417 790 1716 834 vehementer

202 838 435 891 efferatus,
469 841 593 894 quod
627 841 833 884 dolorem
866 844 1127 898 pristinum,
1172 847 1251 900 qui
1283 849 1482 890 necdum
1519 850 1569 890 in
1602 851 1713 893 cica-

153 913 187 938 10
201 898 364 941 tricem
406 901 560 942 cutem
599 901 887 951 obduxisset,
931 905 1196 947 recentibus
1238 907 1419 949 iniuriis
1462 909 1712 952 exulceras-

200 959 324 1000 sent:
361 957 789 1014 ‘Quandoquidem',
824 962 988 1017 inquit,
1027 963 1123 1006 ‘nec
1155 965 1362 1009 forenses
1395 968 1520 1023 leges
1551 972 1712 1012 contra

198 1017 469 1060 violentiam
511 1019 742 1062 Saxonum
786 1022 1031 1077 quicquam
1080 1025 1348 1079 proficiunt,
1393 1042 1478 1070 nec
1519 1029 1710 1072 iniurias

198 1090 324 1119 meas
356 1078 566 1121 desertus
598 1094 626 1121 a
657 1081 806 1123 milite
839 1083 977 1124 armis
1015 1085 1257 1139 persequia
1294 1086 1438 1135 valeo,
1483 1089 1542 1129 ad
1585 1089 1710 1144 leges

198 1136 533 1180 ecclesiasticas
564 1135 684 1181 iamb
712 1141 989 1185 necessitate
1023 1146 1210 1186 coactus
1243 1147 1524 1201 confugiam,
1559 1151 1606 1190 et
1629 1150 1710 1191 ubi

148 1209 183 1236 15
195 1195 402 1239 humana
433 1201 615 1241 cessant
647 1200 832 1251 auxilia,
869 1202 1073 1244 divinam
1096 1218 1230 1259 opem
1262 1205 1550 1261 implorabo'.
1604 1209 1709 1251 Pro-

195 1255 323 1298 tinus
363 1257 543 1312 legatos
590 1258 785 1301 Romam
834 1261 959 1302 misit
1002 1263 1158 1305 sedem
1200 1266 1503 1319 apostolicam
1546 1270 1708 1310 contra

191 1318 298 1357 cose
341 1315 641 1372 interpellare
657 1319 683 1369 2,
728 1320 806 1374 qui
849 1321 1119 1364 aecclesiam
1160 1323 1495 1377 incendissent,
1540 1327 1706 1370 altaria

194 1375 550 1432 confregissent,
594 1379 842 1433 sepulchra
882 1381 1133 1424 violassent
1176 1385 1222 1425 et
1264 1385 1370 1426 odio
1412 1386 1610 1428 viventis
1657 1388 1706 1429 in

193 1435 400 1490 sepultos
432 1437 608 1480 cineres
641 1438 838 1481 barbara
869 1441 1147 1484 crudelitate
1181 1443 1430 1486 debachati
1462 1446 1661 1488 fuissent
1676 1448 1704 1488 3.

143 1510 180 1536 20
247 1492 252 1496 ’
336 1493 544 1539 Paschad
582 1498 859 1555 Babenberg
901 1501 1154 1543 celebravit
1168 1503 1195 1554 4,
1241 1507 1464 1559 erantque
1508 1520 1611 1547 cum
1651 1521 1704 1549 eo
1720 1521 1791 1552 Am.
1804 1521 1846 1548 20.

192 1555 566 1612 archiepiscopus
587 1557 904 1613 Mogontinus,
930 1561 1023 1602 dux
1041 1561 1397 1605 Carentinorum
1421 1565 1696 1608 Bertolduse

191 1615 239 1655 et
271 1614 351 1656 alii
383 1629 521 1670 quam
554 1617 710 1671 plures
743 1632 798 1660 ex
830 1619 902 1661 his
936 1621 1014 1675 qui
1048 1621 1171 1663 bello
1199 1622 1424 1666 Saxonico
1458 1625 1515 1666 ab
1550 1639 1603 1667 eo
1632 1627 1703 1668 de-

190 1672 400 1716 fecerant
413 1675 442 1715 4.
491 1675 608 1717 Cum
632 1677 754 1719 enim
778 1679 952 1721 crimen
973 1680 1240 1723 rebellionis
1263 1683 1521 1726 Saxonibus
1545 1686 1703 1727 donas-

192 1734 274 1782 set,
299 1733 403 1775 aliis
424 1735 557 1790 regni
579 1736 879 1792 principibus,
906 1740 985 1793 qui
1008 1741 1340 1784 coniurationis
1364 1744 1476 1785 socii
1499 1744 1700 1795 fuerant,

142 1808 178 1834 25
191 1793 315 1846 quod
346 1793 467 1836 iuste
500 1799 804 1846 succenseret,
838 1812 932 1839 non
965 1799 1182 1842 habebat.

334 1852 444 1908 Ipso
486 1856 694 1910 tempore
727 1855 948 1900 Coloniae
990 1872 1061 1900 res
1103 1860 1275 1902 accidit
1317 1862 1458 1916 digna
1495 1864 1701 1904 omnium

190 1911 417 1954 bonorum
439 1913 674 1956 miseratio
768 1918 815 1958 et
847 1916 1062 1969 lacrimis,
1098 1919 1343 1971 incertum,³
1359 1921 1550 1965 levitate
1573 1923 1702 1978 vulgi

190 1984 249 2012 an
290 1971 496 2015 factione
538 1987 647 2015 eoru
738 1976 816 2030 qui
858 1977 1163 2033 [icem-regis
1211 1980 1260 2021 in
1302 1974 1723 2076 archiepiscopum,
1749 2010 1797 2066 f«

188 2029 352 2073 ulcisci
384 1989 761 2090 cupiebantjl'Id
795 2037 940 2091 magis
963 2038 1091 2079 venit
1123 2039 1171 2080 in
1205 2041 1526 2095 suspicionem,
1562 2044 1697 2096 quod,
1764 2030 1805 2090 ἢ

141 2103 294 2134 30011111
327 2091 508 2135 celebre
550 2094 675 2148 apud
716 2109 874 2138 omnes
907 2100 1027 2139 esset
1066 2113 1234 2141 nomen
1267 2100 1697 2153 Wormaciensium,

187 2204 218 2237 a)
236 2207 376 2239 prosequi
395 2207 456 2236 ΒΞ,
531 2208 561 2238 b)
579 2217 635 2237 om.
655 2211 732 2239 131⁸.
806 2211 833 2245 c)
852 2219 887 2238 eo
907 2213 934 2238 B
946 2213 985 2241 1⁸.
1059 2212 1090 2245 d)
1111 2215 1175 2240 Rex
1195 2215 1331 2249 pasc(h)a
1349 2216 1462 2244 Blb·c,
1532 2220 1559 2248 e)
1578 2219 1619 2243 xic
1640 2219 1666 2246 Ιι.
1681 2219 1699 2246 Ι,

189 2248 293 2270 omnes.

187 2336 223 2380 1)
244 2337 321 2372 Hoc
344 2339 484 2381 falsum
500 2341 652 2385 videtur,
678 2353 757 2376 cum
780 2345 965 2388 principes
981 2345 1163 2380 Samoniae
1189 2348 1227 2380 in
1244 2349 1391 2391 epistola
1417 2347 1561 2394 (Bo-nno
1583 2361 1609 2383 c.
1628 2351 1698 2389 42,-

185 2385 232 2427 cf.
259 2386 305 2422 ib.
339 2397 367 2422 c.
393 2386 456 2433 34)
489 2388 583 2422 hanc
615 2401 691 2424 rem
725 2397 922 2426 narrantes
955 2394 1100 2427 minime
1135 2395 1197 2428 hoc
1222 2395 1406 2433 discerent,-
1443 2397 1491 2437 cf.
1518 2397 1699 2430 Delbrt‘c'ck·

138 2443 220 2477 351).
246 2434 303 2470 39.
426 2436 463 2479 2)
487 2436 563 2470 Hoc
588 2439 627 2470 in
651 2438 799 2472 dubium
825 2441 1018 2474 vocandum
1044 2446 1106 2484 est,
1142 2453 1221 2476 cum
1249 2443 1446 2485 Greyorz'us
1475 2446 1514 2476 in
1540 2445 1698 2487 epistolis

184 2481 262 2515 sui-3
284 2481 370 2516 huis
393 2484 449 2517 rei
471 2494 542 2518 non
567 2487 774 2520 mentionem
800 2487 936 2528 seem-it.
986 2488 1055 2522 Sed
1078 2490 1124 2531 cf.
1151 2490 1263 2523 Pauli
1291 2491 1474 2526 Bernre'ed.
1505 2492 1586 2524 Vita.
1608 2492 1697 2525 Gre-

182 2529 282 2571 qort'i
302 2529 384 2566 VII.
415 2541 442 2567 c.
469 2533 526 2567 64.
577 2534 622 2568 A.
650 2535 752 2570 1075.
779 2539 859 2578 post
887 2535 955 2570 Oct.
981 2538 1037 2572 25.
1074 2548 1141 2570 rex
1177 2538 1308 2580 leyatos
1343 2540 1441 2572 tm'sit
1472 2550 1590 2583 papae
1624 2542 1697 2583 epi-

184 2585 304 2619 scopos
327 2577 524 2613 saxonicos
547 2580 692 2615 rebelles
717 2587 956 2626 accusaturos,
993 2588 1031 2617 ut
1058 2585 1185 2619 Bruno
1218 2597 1244 2620 c.
1274 2587 1330 2620 (34.
1358 2587 1483 2620 tradit.
1582 2587 1619 2630 3)
1637 2587 1694 2628 Cf.

185 2622 315 2659 Horat.
341 2625 456 2669 Epod.
481 2627 539 2670 16,
560 2629 720 2664 11—14:
746 2629 931 2664 Barbarus
956 2630 1048 2665 heu!
1077 2632 1216 2667 cineres
1243 2632 1384 2667 insistet
1410 2633 1526 2666 victor
1551 2636 1587 2667 et
1615 2662 1622 2669 .
1650 2662 1658 2669 .
1687 2662 1694 2670 .

136 2679 265 2706 mossa
289 2669 432 2715 Quirini
459 2700 467 2709 .
492 2701 499 2708 .
525 2701 533 2710 .
559 2674 749 2720 dissipabit
773 2677 941 2713 insolens,
1040 2680 1078 2723 4)
1102 2680 1331 2714 Consentiunt
1355 2681 1553 2714 Marianus
1579 2682 1693 2724 Scott„

185 2717 250 2751 SS-
271 2718 311 2761 V,
333 2731 372 2763 P·
391 2721 484 2761 561,·
519 2721 703 2759 Berlhold.
728 2722 842 2770 (Arm.
868 2726 905 2761 S.
930 2726 1070 2769 Blasii)
1092 2739 1129 2771 p.
1148 2730 1229 2762 277.
1281 2728 1361 2760 Hm·
1385 2730 1563 2770 pertinent
1588 2731 1692 2763 etlam

184 2775 274 2808 quae
290 2766 471 2810 Ber-nolti„
499 2769 552 2803 De
567 2770 689 2806 damn.
706 2773 822 2808 eciem.
848 2783 875 2808 c.
894 2775 952 2816 36,
978 2774 1056 2809 Lib.
1078 2775 1129 2816 II,
1155 2787 1191 2819 p.
1210 2776 1266 2810 43.
1293 2786 1326 2810 a.
1347 2778 1451 2811 1075.
1477 2781 1573 2818 (festa
1599 2778 1695 2819 falso

184 2813 316 2856 tradit,
355 2815 448 2848 unde
487 2819 587 2860 patet
619 2820 726 2852 etiam
759 2820 970 2854 Liemarum
1008 2822 1311 2866 archiepiscopum
1352 2823 1572 2858 Bronten-sem
1612 2829 1694 2858 runc

183 2859 345 2902 affuisse.
458 2864 496 2900 4)
521 2864 576 2906 Cf.
603 2865 788 2902 Bertholcl.
814 2870 928 2910 (Ann.
957 2869 992 2903 S.
1014 2870 1151 2911 masii)
1174 2882 1211 2914 p.
1229 2871 1319 2905 276:
1348 2869 1529 2905 Rudolfus
1555 2871 1630 2906 dux
1657 2877 1694 2906 et

134 2918 171 2944 45
184 2908 317 2943 caeteri
342 2909 495 2944 rebelles
521 2912 803 2948 reconciliant-ur
827 2915 915 2960 regi.
