1968 3164
355 249 402 282 80
725 247 993 283 LAMPERTI
1018 248 1270 285 ANNALES.
1321 249 1367 285 A.
1398 252 1500 286 1062.

243 374 341 408 [062.
356 369 682 422 indignitatem
707 370 771 411 rei
793 384 886 411 non
907 371 1122 421 ferentes,
1147 372 1306 413 crebra
1323 373 1645 415 conventicula·
1660 374 1813 416 facere
1827 373 1856 425 1,

357 428 477 469 circa
500 428 707 482 publicas
730 429 993 471 functiones
1025 430 1257 472 remissius
1289 446 1436 486 agere,
1471 433 1688 474 adversus
1719 433 1857 488 impe-

356 487 569 528 ratricem
592 488 884 542 popularium
907 489 1082 530 animos
1105 489 1367 538 sollicitare,
1392 493 1622 546 postremo
1644 492 1856 534 omnibus

356 547 502 587 modis
544 546 652 597 niti,
696 549 749 588 ut
797 562 823 588 a
864 550 1009 590 matre
1051 563 1244 602 puerum
1286 550 1596 593 distraherent
1638 553 1684 593 et
1725 551 1856 606 regni

356 606 802 648 administrationem
835 607 882 647 in
917 621 962 649 se
995 609 1314 651 transferrent.
1378 610 1451 650 Ad
1483 610 1700 651 ultimum
1727 609 1888 652 Colo-5

356 665 526 706 niensis
559 666 811 719 episcopus,
847 667 1224 708 communicatisa
1262 683 1365 709 cum
1407 665 1652 711 Ecbertoa*
1686 669 1855 712 comite

356 726 401 765 et
435 738 536 765 cum
562 723 733 766 Ottone
767 725 881 766 duce
909 722 1247 767 Bawariorum¹'
1277 728 1524 778 consiliisss,
1558 728 1742 783 navigio
1774 743 1858 784 per

355 780 561 824 Βο111111Γ1
609 784 667 824 ad
709 784 860 825 locum
899 785 976 838 qui
1019 785 1189 826 dicitur
1222 786 1380 828 Sancti
1413 787 1664 829 Suitbertie
1702 787 1855 830 insula

240 852 342 883 (Apu)
356 843 481 884 venit
494 838 527 882 f.
592 843 665 884 Ibi
698 846 828 883 tumg
865 858 942 885 rex
975 847 1086 885 erat.
1147 844 1236 896 Qui
1270 846 1379 886 dum
1412 846 1610 900 quadam
1642 847 1716 889 die
1748 849 1854 902 post

355 897 607 943 solemnes¹¹
655 902 813 956 epulas
855 903 1007 943 factus
1054 904 1219 946 fuisset
1267 905 1478 956 hilarior,
1527 906 1703 947 hortari
1750 919 1855 948 eum
1870 921 1904 947 10

355 961 594 1015 episcopus
628 962 762 1015 cepit,
799 964 850 1002 ut
883 962 1035 1003 navim
1069 964 1298 1016 quandam
1332 978 1472 1015 suam,
1507 979 1644 1019 quam
1676 965 1735 1007 ad
1766 966 1854 1008 hoc

353 1020 503 1074 ipsum
558 1020 672 1062 miro
725 1035 860 1075 opere
908 1022 1210 1073 instruxerat,
1261 1026 1520 1078 spectatum
1572 1025 1855 1079 procederet.

355 1079 508 1121 Facile
541 1080 627 1121 1100
651 1080 878 1134 persuasit
901 1095 1042 1135 puero
1066 1082 1263 1136 simplici
1296 1085 1343 1124 et
1374 1083 1493 1124 nihil
1515 1084 1666 1125 minus
1699 1079 1854 1138 *quam
1867 1099 1968 1132 *11161

353 1138 542 1179 insidias
591 1139 857 1193 suspicanti.
933 1140 1139 1195 Cumque
1192 1142 1344 1182 navim
1396 1143 1628 1196 ingressus
1673 1143 1851 1195 fuisset,

354 1198 633 1252 stipantibus
666 1212 769 1240 eum
793 1199 877 1247 his,
912 1214 1024 1253 quos
1047 1201 1287 1255 episcopus
1318 1202 1535 1243 factionis
1568 1215 1676 1244 suae
1709 1202 1854 1244 socios
1868 1218 1902 1246 1⁶

354 1271 405 1298 ac
429 1257 662 1298 ministros
685 1261 939 1312 paraverat,
975 1262 1163 1313 repente
1196 1261 1390 1314 remiges
1423 1261 1682 1315 insurgunt,
1716 1261 1853 1303 remis

352 1316 648 1367 incumbunt,
692 1317 845 1358 navim
887 1318 1011 1359 dicto
1054 1318 1194 1359 cicius
1227 1319 1275 1359 in
1307 1319 1508 1361 medium
1540 1320 1743 1361 fluminis
1773 1320 1852 1361 im-

354 1375 548 1429 pellunt.
611 1375 707 1417 Rex
755 1391 872 1418 nova
918 1391 1070 1418 rerum
1117 1378 1236 1420 facie
1289 1379 1508 1420 confusus
1558 1379 1853 1434 incertusque

353 1434 506 1483 animi,
541 1448 624 1475 nec
658 1435 784 1475 aliud
817 1449 953 1489 quam
984 1436 1076 1476 vim
1109 1438 1156 1478 et
1187 1451 1345 1478 necem
1379 1437 1466 1479 sibi
1497 1440 1706 1492 paratam
1738 1437 1853 1480 arbi-

353 1495 524 1543 tratus,
567 1493 614 1533 in
656 1494 827 1536 fiumen
869 1509 915 1536 80
957 1495 1227 1549 precipitem
1269 1497 1419 1547 dedit;
1469 1497 1700 1551 ciciusque
1747 1511 1902 1542 eumso

354 1566 471 1605 aqua
511 1552 757 1594 violentior
804 1555 1093 1605 suffocasset,
1143 1555 1231 1595 nisi
1273 1555 1498 1597 Ecbertus
1545 1570 1695 1598 comes
1743 1557 1852 1598 dato

353 1614 456 1665 post
489 1625 592 1652 eum
626 1612 747 1653 saltu
771 1613 1123 1666 periclitantem,
1157 1614 1254 1668 ipse
1286 1628 1465 1668 quoque
1498 1629 1590 1657 non
1612 1615 1854 1656 minimum

353 1670 663 1724 periclitatus,
707 1672 781 1712 vix
824 1674 870 1713 et
911 1686 1045 1727 aegre
1088 1673 1225 1714 morti
1267 1674 1464 1728 eriperet
1505 1676 1552 1716 et
1588 1674 1695 1716 navi
1725 1674 1851 1716 resti-

353 1732 518 1771 tueret.
597 1726 737 1771 Exini
796 1728 1074 1773 blandiciisk
1126 1732 1292 1786 quibus
1339 1735 1555 1787 poterant
1606 1733 1853 1775 delinitum

354 1787 593 1830 Coloniam
641 1790 914 1843 perducunt.
999 1790 1193 1833 Caetera
1245 1792 1498 1834 multitudo
1551 1807 1632 1847 per
1682 1794 1902 1837 terrama

354 1848 659 1901 subsequitur,
695 1849 1046 1891 criminantibus
1069 1851 1291 1904 plurimis,
1326 1852 1448 1905 quod
1479 1852 1607 1906 regia
1637 1852 1853 1894 maiestas

352 1907 525 1948 violata
557 1908 716 1961 suique
748 1909 895 1963 impos
921 1909 1047 1950 facta
1069 1910 1204 1951 foret.
1257 1910 1523 1965 Episcopus,
1557 1913 1610 1951 ut
1631 1910 1852 1953 invidiam

353 1966 467 2006 faeti
500 1966 748 2020 mitigaret,
783 1982 839 2009 ne
862 1968 1079 2010 videlicet
1101 1969 1306 2023 privatae
1329 1969 1502 2024 gloriae
1524 1970 1684 2024 pocius
1715 1983 1852 2024 quam

354 2025 607 2065 communis
655 2027 882 2068 commodi
929 2028 1107 2069 ratione
1155 2029 1268 2070 haec
1316 2029 1552 2070 admisisse
1603 2029 1850 2080 videretur,

354 2084 531 2133 statuit,
566 2086 619 2124 ut
642 2085 881 2139 episcopus
913 2087 1120 2140 quilibet,
1154 2087 1203 2127 in
1236 2087 1365 2128 cuius
1398 2088 1568 2129 diocesi
1598 2102 1678 2130 rex
1709 2083 1843 2129 duml
1865 2106 1902 2132 ao

354 2143 572 2196 temporis
595 2147 862 2194 moraretur,
897 2160 953 2187 ne
976 2146 1086 2199 quid
1110 2146 1377 2188 detrimenti
1407 2160 1479 2188 res
1511 2147 1698 2201 publica
1728 2148 1851 2201 pate-

353 2203 491 2251 retur,
535 2203 796 2255 provideret
838 2206 884 2245 et
895 2208 926 2226 ¹¹¹
968 2205 1137 2255 causis,
1187 2219 1302 2259 quae
1344 2205 1429 2246 adn
1472 2219 1628 2260 regem
1669 2205 1851 2248 delatae

352 2260 562 2311 fuissent,
597 2261 885 2314 potissimum
907 2264 1204 2318 responderet
1219 2265 1246 2304 ².
1300 2264 1576 2318 Imperatrix
1597 2278 1682 2306 nec
1703 2264 1851 2305 filium

354 2319 481 2372 sequi
513 2333 596 2360 nec
629 2320 819 2362 iniurias
857 2335 961 2363 suas
993 2323 1091 2365 iure
1124 2323 1332 2377 gentium
1366 2323 1656 2377 expostulare
1687 2323 1848 2386 voluit,

353 2435 381 2464 a)
405 2434 617 2459 eonnnunicato
637 2434 663 2458 B
675 2436 697 2462 1.
710 2436 734 2461 2.
825 2434 873 2468 a*)
898 2436 1031 2468 Egberto
1051 2438 1114 2464 B2.
1203 2437 1234 2470 b)
1258 2439 1298 2462 sic
1317 2439 1344 2465 h.
1359 2439 1376 2465 l,
1396 2438 1458 2466 Al,
1476 2438 1544 2470 1313
1570 2438 1771 2463 baioariorum
1787 2435 1900 2467 3235

353 2468 380 2500 0)
400 2469 524 2494 consilio
538 2470 564 2494 B
574 2470 589 2493 2
604 2470 691 2496 solus,
749 2469 778 2501 d)
798 2471 839 2495 sic
858 2472 884 2498 h.
899 2472 918 2498 Ζ,
933 2479 1036 2500 omnes.
1093 2472 1120 2505 0)
1140 2473 1306 2498 Suuitberti
1319 2473 1403 2506 Bi¹›;
1425 2474 1574 2499 Suuiberti
1590 2475 1658 2505 post
1670 2480 1746 2500 corr.
1758 2472 1848 2499 Sunt-

353 2505 430 2529 berti
449 2506 529 2536 Bl³;
551 2504 716 2530 Swittberti
729 2506 789 2532 132.
845 2506 868 2538 f)
886 2512 1033 2532 venerunt
1053 2508 1128 2535 Blb.
1183 2508 1215 2541 g)
1236 2516 1302 2534 cum
1321 2510 1382 2536 Al.
1396 2509 1463 2542 B13
1485 2513 1555 2534 tunc
1573 2509 1634 2536 132.
1647 2509 1687 2536 H.
1741 2509 1772 2540 h)
1790 2507 1849 2534 sol-

352 2540 463 2565 lemnes
483 2539 565 2573 Bib;
587 2541 754 2572 solempnes
774 2541 822 2565 32
837 2542 1016 2574 plerumque,
1084 2543 1106 2576 i>
1125 2543 1243 2569 Exinde
1263 2543 1342 2572 Bib.
1409 2545 1440 2576 k)
1460 2544 1596 2570 bladieiis
1614 2544 1676 2571 Al.
1739 2542 1760 2577 l)
1779 2546 1850 2570 tunc

353 2577 378 2599 Α
390 2577 414 2603 1,
487 2575 527 2608 111)
547 2579 577 2601 et
595 2590 629 2594 -—
650 2575 844 2607 responderet
862 2585 916 2604 om.
935 2578 1014 2605 Bib.
1087 2578 1118 2611 n)
1138 2587 1162 2606 c.
1182 2579 1280 2610 quoad
1300 2580 1375 2607 Bia.

353 2659 387 2700 1)
414 2658 511 2692 Haec
527 2659 642 2702 verba,
669 2669 758 2701 quae
778 2659 906 2701 Lamp.
932 2662 1135 2702 saepissime
1155 2663 1299 2705 scripsit
1321 2662 1605 2704 (Dieffenbaeher
1622 2673 1662 2704 p.
1681 2663 1727 2697 55
1743 2662 1846 2705 sqq),
1860 2671 1898 2697 40

352 2705 413 2738 hoe
439 2706 508 2739 loco
533 2707 638 2738 etiam
656 2707 752 2741 Anu.
771 2706 895 2741 Altah.
915 2718 954 2750 p.
974 2709 1030 2742 59.
1058 2708 1204 2744 habent:
1231 2709 1357 2743 crebra
1382 2708 1632 2743 conventicula
1655 2707 1846 2743 faciebant.

351 2753 387 2795 2)
414 2752 505 2796 Hoc,
533 2754 626 2795 quod
651 2764 771 2787 verum
795 2764 865 2786 mm
890 2758 954 2796 est,
983 2756 1101 2796 ipsum
1126 2756 1253 2800 Lamp.
1280 2758 1320 2789 in
1345 2756 1461 2791 Instit.
1486 2756 1650 2791 Herveld.
1675 2755 1849 2798 refellisse

350 2800 485 2832 monuit
502 2799 623 2842 Meyer
639 2812 668 2835 v.
686 2801 844 2834 Knonau
868 2800 898 2844 I,
919 2811 962 2843 p.
983 2802 1063 2844 288,
1091 2813 1126 2837 n.
1146 2805 1225 2838 100.
1267 2803 1326 2836 Ibi
1348 2805 1440 2836 enim
1461 2803 1589 2847 Lamp.
1614 2807 1702 2836 recte
1725 2802 1848 2836 retulit

350 2847 534 2880 Annonem
559 2858 637 2880 cum
654 2858 733 2890 reye
749 2849 854 2890 requi
873 2848 1115 2890 yubernacula
1133 2852 1330 2893 suscepisse.
1371 2851 1427 2891 Cf.
1445 2852 1551 2884 etiam
1569 2850 1674 2891 infra
1691 2860 1724 2884 a.
1740 2850 1844 2892 1063,

346 2904 384 2935 Ρ.
403 2894 459 2928 87.
478 2894 535 2935 88,
562 2905 596 2929 n.
614 2895 661 2934 4‚·
686 2905 718 2929 (ι.
740 2896 843 2937 1066,
863 2906 902 2937 p.
922 2897 1000 2930 102.
1857 2906 1894 2931 45
