2014 3184
382 224 453 259 422

382 339 545 375 locoriim
563 338 817 375 difficultatem
843 365 852 375 .
879 368 887 376 .
915 366 924 375 .
949 341 1105 376 inacces-

382 386 523 422 sibilem
560 389 640 432 198,
655 397 699 423 15.
737 408 778 412 —
814 387 979 423 locorum
1010 387 1105 422 diffi-

382 434 516 469 cultate
543 437 684 479 233,10.

430 479 566 516 Omnes
603 509 610 518 .
644 509 651 517 .
685 507 693 516 .
728 481 767 515 in
801 492 866 516 sua
900 483 983 516 ciim
1015 493 1106 526 pace

382 527 572 562 dimissi
598 530 682 562 sunt
709 530 846 571 112‚15.
874 549 915 554 —-
943 529 1106 575 singulos

380 575 419 609 in
445 586 509 610 sua
534 587 617 610 cum
641 586 731 620 pace
757 575 894 610 dimisit
920 578 998 613 117.
1013 587 1041 612 5.
1062 597 1103 601 —

381 634 463 657 cum
491 650 498 658 .
519 651 525 658 .
546 651 553 658 .
581 622 741 668 singulos
765 622 804 657 in
829 631 894 657 sua
910 622 1106 658 dimisisset

382 671 462 714 120,
477 680 521 706 15.
550 690 591 694 —-
619 669 770 715 singulis
795 669 834 704 in
859 673 923 704 ssia
948 670 1105 704 dimissis

380 717 462 761 283,
476 727 503 752 5.
542 737 582 741 —-
618 717 766 752 tandem
792 717 831 751 in
856 728 944 761 pace
972 720 1027 752 est
1053 717 1105 752 di-

380 763 509 798 missus
543 765 660 808 58,1o.
694 785 737 789 —
774 775 858 798 eum
895 792 901 799 .
936 792 943 800 .
978 792 985 800 .
1022 776 1105 799 cum

379 822 468 855 pace
493 810 539 845 ad
565 821 648 845 suos
675 837 683 846 .
711 839 718 847 .
746 838 754 847 .
781 810 918 845 dimisit
942 812 1060 854 298‚1.

429 859 469 891 ut
499 858 544 892 ab
569 857 680 892 armis
716 886 724 894 .
751 886 759 894 .
787 885 796 894 .
831 860 974 893 mature
1008 858 1105 892 dis-

381 904 616 939 cederent
643 906 763 950 154,1.

428 951 526 996 quod
564 980 572 988 .
610 981 617 988 .
655 980 662 988 .
700 963 826 998 regem
859 952 897 986 in
935 952 1106 987 ultimum

380 998 646 1034 discrimen
694 999 946 1044 precipitasset
988 1002 1105 1044 93,15

381 1066 425 1071 —-
460 1057 506 1080 ne
542 1057 579 1081 se
613 1057 768 1090 suosque
802 1046 839 1080 in
864 1049 1008 1081 tantum
1034 1046 1104 1081 dis-

380 1093 518 1128 crimen
543 1093 780 1138 precipitaret
806 1096 924 1138 120,1.
944 1115 988 1119 -
1007 1094 1106 1138 quod

380 1151 464 1174 eum
507 1169 514 1176 .
551 1169 558 1176 .
596 1167 603 1175 .
645 1141 684 1175 in
724 1143 868 1175 tantum
909 1141 1105 1176 discrimen

380 1187 475 1222 ultro
516 1199 554 1223 se
594 1188 812 1233 precipitare
858 1188 1106 1233 permisissent

381 1237 461 1279 176,
476 1246 519 1271 30.

427 1282 555 1316 statuit
585 1293 664 1317 rem
698 1282 736 1316 in
771 1284 976 1317 extremum
1005 1282 1103 1317 dis—

380 1403 388 1412 .
416 1403 424 1412 .
451 1402 459 1410 .
495 1376 533 1410 in
559 1378 763 1410 extremum
788 1387 882 1421 pene
907 1375 1103 1411 discrimen

378 1425 526 1457 cunctas
551 1423 655 1468 regni
679 1423 885 1467 provincias
902 1426 1103 1458 attraxerat

380 1471 458 1514 155,
473 1480 518 1505 25.
542 1490 587 1495 -
613 1470 651 1504 in
677 1472 882 1505 extremum
908 1470 1102 1506 discrimen

376 1527 610 1562 progressum
636 1519 716 1562 179,
731 1528 775 1554 30.

423 1564 548 1598 villam
574 1592 581 1600 .
611 1592 617 1600 .
645 1592 653 1600 .
680 1575 774 1608 quae
799 1564 845 1599 ab
871 1564 949 1608 ipso
969 1564 1100 1600 itinere

376 1611 497 1656 spacio
531 1610 706 1646 mediocri
737 1611 958 1646 distabat
983 1614 1040 1656 94,
1054 1623 1099 1648 20.

423 1658 508 1692 hinc
549 1658 613 1703 ira,
654 1658 740 1693 hinc
777 1658 1021 1694 sollicitudine
1060 1659 1099 1694 in

376 1705 570 1740 diversa
594 1707 759 1750 raptatus
784 1708 865 1750 262,
879 1717 924 1742 25.

422 1752 513 1786 nihil
529 1753 632 1797 pensi
647 1753 794 1798 habere,
819 1764 930 1797 quam
946 1753 1098 1788 minimo

375 1799 581 1834 discrimine
599 1799 765 1835 divina
782 1802 817 1835 et
839 1800 999 1835 humana
1015 1811 1098 1846 per-

374 1846 551 1882 misceant
584 1849 664 1892 331,
679 1858 723 1884 30.
754 1868 799 1872 —
831 1847 954 1882 divina
988 1850 1098 1892 atque

374 1893 534 1928 humana
567 1894 690 1928 omnia
723 1895 859 1939 absque
889 1894 1097 1930 discrimine

373 1941 653 1984 permiscentem
684 1943 765 1985 246,
780 1952 824 1978 30.
852 1962 896 1966 ——
923 1953 1005 1976 cum
1031 1969 1040 1978 .
1061 1967 1069 1976 .
1088 1971 1095 1978 .

374 1987 495 2022 divina
530 1990 639 2032 atque
668 1988 829 2022 humana
854 1989 976 2023 omnia
1001 1989 1096 2024 solli-

374 2034 547 2069 citantem
580 2034 747 2070 viderent
778 2037 916 2079 179,15.
949 2056 993 2061 —
1027 2036 1097 2070 nisi

372 2081 468 2126 regis
504 2081 691 2116 temeritas
728 2081 851 2116 divina
887 2084 996 2126 atque
1028 2083 1095 2117 hu-

372 2139 481 2162 mana
498 2128 621 2162 omnia
645 2127 868 2163 confudisset
893 2131 974 2172 266,
991 2141 1034 2165 10.
1051 2151 1095 2154 —

373 2186 475 2210 sacra
509 2178 545 2210 et
578 2175 778 2220 prophana,
814 2175 937 2210 divina
967 2179 1003 2210 et
1027 2176 1094 2211 hu-

372 2233 491 2265 mana,
517 2223 642 2267 fasque
660 2222 834 2266 nefasque
852 2222 1001 2258 confusa
1019 2235 1095 2258 esse

372 2271 453 2313 278,
469 2281 512 2305 15.

418 2410 540 2444 Huius
553 2410 808 2445 auctoritatem
821 2412 1007 2455 tamquam
1025 2410 1069 2445 d‘
1058 2423 1092 2445 ι-

370 2457 415 2492 vi
426 2458 472 2491 ni
483 2460 533 2491 tu
544 2469 559 2492 s
593 2457 661 2492 sibi
693 2457 911 2492 destinatam
952 2460 1032 2502 253,
1047 2469 1091 2495 30.

371 2525 415 2529 —
441 2504 621 2539 intellexit
644 2504 741 2539 hunc
758 2505 930 2540 divinitus
952 2505 990 2539 in
1007 2504 1091 2540 Gal-

369 2551 456 2585 liam
482 2551 703 2586 destinatum
727 2554 808 2596 311,
822 2563 849 2588 5.

419 2598 566 2633 evidens
584 2598 722 2633 cunctis
741 2600 819 2633 erat
836 2598 860 2632 d
871 2610 892 2633 o
903 2610 922 2633 c
933 2610 956 2632 u
966 2610 1004 2632 m
1015 2610 1034 2634 e
1044 2610 1091 2632 ιι-

368 2647 466 2679 tum
490 2645 714 2690 respicientis
737 2656 798 2680 eos
822 2645 1091 2680 misericordiae

368 2691 436 2726 Dei
462 2694 542 2736 261,
558 2705 583 2728 1.
611 2713 655 2717 —
680 2692 822 2738 insigne
857 2693 946 2727 dans
982 2692 1090 2728 docu-

368 2740 532 2773 mentum
558 2739 751 2783 spectantis
775 2750 817 2774 eo
841 2740 951 2774 animi
977 2742 1013 2774 et
1029 2739 1090 2774 be—

367 2785 587 2820 nivolentiae
612 2797 697 2820 suae
714 2789 795 2830 330,
810 2798 854 2823 10.
870 2807 912 2811 —
933 2788 976 2821 ut
991 2786 1089 2821 Deus

367 2831 509 2876 insigne
527 2833 786 2868 documentum
804 2833 908 2868 daret
924 2836 1087 2878 spectan-

867 222 1034 265 INDEX*
1055 222 1404 261 LOOUTIONUM.

1202 483 1279 520 Act.
1307 485 1362 527 15,
1381 486 1438 520 33.
1469 483 1659 519 dimissi
1683 485 1770 519 sunt
1794 494 1880 520 eum
1931 460 1962 535 ἐξ,

1154 541 1261 574 pace,
1289 531 1373 567 Gen.
1391 532 1448 576 26,
1466 533 1523 568 29.
1549 542 1633 567 cum
1657 542 1747 576 pace
1772 530 1880 567 dimi-

1155 577 1278 622 simus,
1305 583 1362 614 etc.

1203 860 1290 896 Sall.
1318 860 1392 895 Cat.
1420 861 1478 897 34.
1516 860 1561 895 ab
1586 860 1695 895 armis
1718 859 1879 896 disce·
1947 872 1963 879 ’

1155 906 1290 951 dant3
1339 909 1395 943 36.
1438 907 1483 942 ab
1525 907 1634 942 armis
1673 906 1878 954 discedere3
1954 922 1959 929 .

1155 954 1235 998 qu.
1266 933 1322 990 21.
1361 965 1422 989 eos
1457 954 1502 989 ab
1536 954 1646 989 armis
1679 953 1877 991 discedere.
1942 933 1971 990 J.
1999 978 2004 984 ·

1157 1021 1198 1026 -—
1232 1001 1362 1036 Iustin.
1396 1001 1458 1045 VI,
1483 1003 1577 1046 6,1.
1615 1001 1717 1037 iubet
1750 1012 1878 1038 omnes

1155 1048 1200 1082 ab
1227 1048 1335 1083 armis
1361 1027 1556 1086 discedeie.

1202 1284 1272 1320 Cic.
1297 1285 1393 1320 Phil.
1418 1285 1500 1325 VII,
1516 1287 1548 1327 1,
1564 1285 1594 1320 1.
1625 1283 1797 1321 Adducta
1821 1286 1877 1320 est
1956 1317 1968 1322 .

379 1329 562 1363 crimen
588 1329 768 1364 adducere
795 1332 928 1374 119,15.
950 1350 991 1355 —
1011 1340 1103 1374 quae
1154 1358 1161 1366 .
1182 1358 1190 1366 .
1209 1359 1216 1366 .

1152 1379 1356 1412 extremum
1385 1388 1501 1422 paene
1526 1377 1802 1414 discrimen.
1829 1398 1873 1404 —

1151 1425 1229 1460 Liv.
1254 1425 1375 1468 XLV,
1400 1427 1432 1461 8.
1472 1436 1543 1470 quo
1578 1436 1616 1460 se
1646 1436 1875 1472 regnumque

1243 1341 1300 1365 res
1325 1331 1363 1365 in
1384 1331 1586 1366 maximum
1609 1331 1813 1376 periculum
1837 1333 1876 1367 et

1150 1482 1256 1505 suum
1281 1471 1327 1506 ad
1352 1450 1520 1506 iiltimum
1543 1472 1736 1508 discrimen
1761 1472 1875 1508 addu-

1150 1520 1274 1601 cet-3¹⁵0.
1298 1566 1368 1610 IV,
1387 1569 1445 1610 27,
1465 1569 1498 1603 3.
1525 1568 1644 1602 castra
1669 1594 1678 1603 .
1697 1594 1705 1603 .
1723 1592 1733 1602 .
1757 1577 1872 1612 parvo

1148 1612 1245 1647 inter
1269 1623 1307 1647 se
1333 1613 1448 1658 spatio
1475 1613 1729 1650 distantia.

1177 1661 1259 1713 ,Iob
1274 1662 1332 1703 20,
1349 1663 1383 1696 2.
1409 1671 1511 1695 mens
1535 1661 1574 1695 in
1599 1661 1792 1696 diversa
1814 1671 1872 1696 ra·

1146 1709 1284 1790 Pltgdll.
1304 1755 1380 1790 Cat.
1399 1756 1455 1791 12.
1482 1754 1649 1790 divina
1673 1757 1783 1800 atque
1803 1754 1871 1791 hu-

1146 1812 1255 1836 mana
1278 1801 1495 1846 promiscua,
1519 1801 1611 1836 nihil
1625 1802 1730 1847 pensi
1751 1812 1872 1847 neque

1146 1848 1326 1883 moderati
1341 1849 1494 1892 habere,
1520 1849 1600 1893 Iuy.
1615 1850 1648 1886 5.
1675 1860 1768 1894 quae
1785 1859 1871 1884 con-

1145 1895 1260 1930 tentio
1278 1895 1401 1930 divina
1426 1898 1534 1940 atque
1558 1895 1719 1931 humana
1739 1898 1871 1932 cuncta
1944 1915 1960 1937 ,ς

1144 1942 1367 1987 permiscuit.
1409 1963 1451 1968 —-
1489 1944 1566 1980 Iuv.
1604 1944 1645 1987 V,
1681 1945 1761 1980 123.
1802 1954 1871 1979 neo

1145 1989 1297 2024 minimo
1331 2001 1416 2024 sane
1442 1990 1650 2026 discrimine
1672 1989 1798 2027 refert.
1825 2010 1868 2016 -—-

1145 2037 1224 2072 Liv.
1256 2038 1295 2080 V,
1322 2039 1386 2080 40,
1414 2039 1468 2074 10.
1508 2037 1606 2073 salvo
1641 2037 1750 2072 etiam
1779 2039 1869 2073 tunc

1145 2083 1353 2119 discrimine
1378 2084 1584 2119 divinarum
1608 2083 1868 2120 humanarum-

1145 2141 1216 2174 que
1228 2142 1368 2175 rerum3
1386 2132 1456 2176 IV,
1468 2134 1503 2174 2,
1513 2134 1545 2168 7.
1564 2131 1663 2176 quod
1679 2131 1868 2167 omniadi·

1143 2177 1228 2211 vina
1240 2177 1472 2222 humanaque
1485 2178 1697 2222 turbentur,
1719 2178 1867 2222 XXXL

1144 2225 1200 2259 30.
1227 2224 1290 2267 qui
1316 2252 1323 2260 .
1350 2252 1358 2261 .
1386 2250 1394 2259 .
1421 2224 1511 2260 adeo
1534 2225 1657 2260 omnia
1680 2225 1789 2260 simul
1813 2224 1868 2260 di-

1142 2270 1228 2304 vina
1251 2270 1482 2315 humanaque
1507 2272 1588 2306 iura
1611 2271 1865 2317 polluerit.—

1143 2317 1234 2353 Hor.
1259 2318 1328 2361 Ep.
1354 2318 1386 2360 I,
1406 2320 1461 2362 16,
1480 2320 1536 2354 64.
1570 2318 1736 2355 miscebis
1764 2329 1867 2354 sacra

1141 2363 1315 2408 profanis,
1355 2384 1397 2388 —
1435 2366 1527 2401 Sall.
1560 2366 1635 2401 Cat.
1670 2367 1724 2402 11.
1762 2375 1867 2401 sacra

1141 2410 1366 2455 profanaque
1380 2411 1502 2446 omnia
1517 2412 1693 2456 polluere.
1707 2432 1749 2436 —
1765 2413 1862 2449 Ovid

1141 2458 1223 2494 Met.
1245 2459 1305 2500 VI,
1323 2459 1404 2494 585.
1430 2458 1556 2502 fasque
1581 2458 1755 2503 nefasque
1778 2470 1865 2494 con-

1140 2504 1265 2539 fusura
1288 2505 1371 2541 ruit.
1400 2506 1604 2540 —zascam
1629 2507 1669 2549 V,
1692 2507 1773 2543 312.
1797 2517 1865 2552 per

1141 2562 1248 2587 omne
1274 2525 1442 2596 fasque—
1423 2552 1597 2606 nefasque
1625 2563 1720 2590 rues.

1187 2599 1265 2635 Liv.
1291 2600 1322 2642 I,
1349 2600 1408 2643 28,
1435 2601 1467 2635 7.
1506 2600 1575 2634 nisi
1607 2600 1646 2634 in
1679 2600 1778 2635 hunc
1807 2599 1862 2634 in-

1139 2645 1240 2726 {igi'e
1275 2645 1863 2737 d⁰⁰u0¹³³ei²223mxi¹¹3ff3mh¹¹2

1165 2703 1185 2727 e
1212 2703 1285 2729 ero.
1314 2713 1355 2717 —
1411 2705 1443 2727 w
1536 2706 1550 2728 ι

1344 2740 1605 2775 documentum
1639 2719 1860 2785 nos’capere

1484 2808 1526 2812 -
1563 2788 1653 2823 Sall.
1687 2788 1766 2830 qu.
1802 2789 1858 2823 31.

1523 2835 1656 2870 —Lia
1669 2834 1750 2868 XX
1754 2834 1859 2878 VHI

1163 2750 1211 2774 uo
1238 2767 1245 2775 .
1274 2768 1280 2775 .
1310 2768 1317 2776 .

1137 2750 1284 2821 iiortsma
1319 2787 1447 2823 voluit.

1137 2833 1382 2877 superioribus
1396 2834 1508 2870 annis.
