2046 3190
192 368 294 402 1075.

82 675 295 706 Exod.8,26.27.

81 1268 107 1292 1.
117 1266 182 1293 Cor.
193 1267 236 1299 15,
246 1268 291 1293 41.

127 1362 166 1392 cf.
179 1363 203 1387 l.
217 1362 280 1388 Cor.

118 1398 161 1430 12,
174 1398 290 1424 12—26.

309 243 380 277 204
682 241 950 278 LAMPERTI
975 242 1227 280 ANNALES.
1278 243 1325 280 A.
1353 246 1457 281 1075.

310 365 599 405 uterentura.
664 364 881 407 Preterea
913 365 1195 415 aecclesiam,
1235 381 1372 421 quam
1404 367 1585 409 noviter
1614 367 1712 422 ipse
1745 380 1816 410 ex-

309 418 574 473 truxissetb,
618 423 720 465 loco
753 424 922 466 celebri
964 425 1013 465 in
1045 426 1207 467 mediis
1239 426 1330 468 huc
1364 428 1410 468 et
1442 426 1554 468 illuc
1588 427 1814 468 diversan-

309 481 428 522 tium
468 482 710 524 turbarum
749 483 966 525 fluctibus
1009 484 1144 526 sitam
1186 499 1270 527 nec
1312 500 1339 527 a
1379 486 1550 528 maiore
1592 486 1815 528 aecclesia

310 541 685 596 Babenbergensi
727 542 830 596 plus
872 543 1035 584 XXX⁰
1074 545 1283 599 passibus
1326 545 1619 600 disparatam,
1663 545 1813 588 multo

310 600 487 642 clericis
528 602 873 656 oportuniorem
915 616 1012 644 esse
1054 617 1190 657 quam
1223 605 1481 655 monachis;
1525 604 1604 659 qui
1635 604 1843 647 sciliceta

309 660 541 711 monachi,
587 675 690 702 cum
732 659 1162 705 abhominationesd
1208 663 1499 718 Egiptiorum
1540 663 1804 707 immolaree

307 719 557 761 iubeantur
599 720 784 762 domino
827 721 926 762 Deo
969 735 1062 771 suo,
1114 723 1289 764 secerni
1333 737 1360 764 a
1400 723 1703 766 multitudine
1749 725 1809 775 et,

309 778 428 820 sicut
470 779 691 834 scriptum
734 781 815 830 est,
858 780 979 821 viam
1021 781 1163 822 trium
1205 782 1383 824 dierum
1423 782 1489 824 ire
1532 782 1732 824 debeant
1762 783 1812 824 in

309 838 621 887 solitudinem,
657 853 726 887 ne,
763 839 800 879 si
833 853 898 889 ea,
934 854 1050 893 quae
1083 840 1243 882 colunt
1281 843 1327 882 et
1360 841 1508 896 prima
1540 841 1718 883 ducunt
1749 854 1812 884 se-

308 897 503 947 culares,
558 898 826 939 immolentss
882 912 1034 940 coram
1087 900 1233 941 oculis
1281 914 1457 951 eorum,
1513 900 1812 943 scandalizati
1827 914 1860 940 ιο

307 955 540 1010 lapidibus
566 957 829 999 irrisionum
853 971 1038 999 suarum
1061 959 1261 1000 obruant
1283 962 1330 1001 et
1351 960 1581 1002 infament
1605 962 1812 1002 sanctam

307 1017 353 1057 et
406 1016 706 1070 apostolicam
753 1017 910 1058 vitam.
991 1017 1038 1059 Si
1086 1018 1185 1060 Deo
1232 1019 1508 1060 familiarius
1555 1019 1811 1062 adhereant

307 1075 522 1116 monachi
553 1078 789 1130 tamquam
813 1077 1051 1119 honestior
1083 1080 1129 1120 et
1162 1078 1402 1120 sublimior
1433 1078 1584 1134 portio
1608 1079 1811 1134 corporis

308 1133 494 1185 Christi,
538 1149 630 1176 non
671 1136 843 1177 idcirco
885 1136 1074 1178 clericos
1115 1140 1352 1192 tamquam
1384 1138 1590 1180 membra
1623 1138 1811 1193 putrida

308 1194 492 1247 penitus
524 1191 856 1236 abscidendosf
884 1209 980 1237 esse
1012 1196 1069 1238 ab
1103 1197 1337 1248 aecclesia,
1366 1197 1486 1251 quia,
1514 1197 1626 1239 licet
1648 1197 1810 1240 stellae
1825 1211 1859 1238 1⁵

308 1253 364 1294 ab
389 1253 535 1295 stellis
559 1254 778 1295 differant
810 1255 859 1295 in
882 1255 1108 1306 claritate,
1143 1270 1283 1297 unam
1315 1259 1472 1298 tamen
1495 1257 1612 1298 caeli
1642 1257 1809 1299 faciem

307 1312 626 1355 decentissime
660 1314 951 1368 distinguant
983 1328 1065 1355 sua
1096 1315 1338 1366 varietate;
1383 1317 1430 1357 et
1463 1315 1572 1357 licet
1604 1316 1810 1358 membra

305 1371 507 1426 disparia
554 1373 646 1412 sint
694 1374 740 1414 et
789 1373 882 1414 suis
924 1373 1107 1428 singula
1147 1374 1311 1416 functa
1360 1375 1543 1425 officiis,
1593 1375 1809 1417 concordi

302 1432 478 1481 tamen,
533 1431 643 1473 licet
696 1432 886 1487 dispari,
934 1433 1167 1474 famulatu
1219 1434 1544 1476 necessitatem
1592 1434 1808 1489 expleant

303 1490 440 1530 unius
463 1490 757 1545 eiusdemque
781 1491 995 1546 corporis.
1045 1492 1299 1548 Episcopus
1332 1507 1416 1535 nec
1449 1493 1629 1535 ratione
1662 1507 1807 1536 move·
1821 1509 1857 1542 20

304 1549 441 1590 batur
463 1563 547 1591 nec
571 1550 922 1605 supplicatione,
952 1565 1158 1593 asserens
1181 1553 1415 1603 honorem,
1447 1566 1582 1606 quem
1605 1553 1807 1595 deferret

304 1609 553 1659 monachis,
588 1610 636 1650 in
659 1609 788 1651 nullo
811 1610 1099 1664 preiudicare
1123 1611 1313 1659 clericis,
1348 1612 1470 1653 bona
1492 1613 1660 1662 autem,
1689 1626 1805 1666 quae

302 1668 351 1708 in
382 1682 492 1709 usus
524 1683 779 1723 pauperum
812 1669 996 1724 proprio
1029 1670 1185 1712 labore
1219 1671 1535 1725 congessisset,
1577 1671 1648 1712 sui
1678 1671 1804 1722 iuris,

303 1727 373 1767 sui
394 1728 644 1769 arbitratus
668 1742 777 1779 esse,
804 1731 962 1769 utrum
985 1729 1162 1771 clericis
1185 1730 1448 1772 attitularet
1471 1744 1531 1771 an
1552 1731 1804 1772 monachis.

306 1785 472 1828 Clerici
505 1789 552 1828 et
583 1788 741 1842 inopia
772 1788 992 1829 familiari
1026 1791 1072 1830 et
1103 1789 1384 1844 indignitate
1416 1790 1483 1832 rei
1507 1790 1806 1832 vehementer
1819 1805 1854 1831 25

302 1846 562 1887 exacerbati
594 1847 714 1901 regis
747 1850 794 1889 et
816 1848 1021 1889 omnium
1054 1849 1314 1903 principum
1346 1849 1478 1903 regni
1511 1863 1643 1891 aures
1677 1850 1805 1903 quot-

301 1905 510 1946 tidianag
554 1906 916 1960 proclamatione
965 1903 1314 1950 obtundebanth
1361 1922 1444 1963 pro
1491 1908 1662 1949 iniuria
1707 1921 1803 1950 sua.

303 1963 508 2018 Cumque
549 1965 668 2005 nihil
709 1979 903 2019 usquam
944 1962 1088 2021 opisi‚
1132 1967 1250 2008 nihil
1288 1967 1385 2022 spei
1417 1969 1548 2018 esset,
1591 1967 1711 2009 versi
1743 1967 1804 2009 ad

299 2022 633 2063 validissimum
674 2024 811 2075 illud,
856 2026 978 2078 quod
1019 2026 1068 2066 in
1109 2022 1297 2068 sanctak
1343 2026 1565 2068 aecclesia
1611 2026 1804 2068 ultimae

301 2095 479 2136 semper
526 2083 813 2124 necessitatis
865 2084 1061 2125 unicum
1109 2099 1205 2126 esse
1254 2085 1504 2139 presidium
1551 2085 1853 2136 consuevit,3o

299 2140 492 2181 Romam
540 2144 757 2195 pergunt,
807 2138 878 2183 etl
934 2144 1135 2184 recitata
1174 2144 1422 2186 Romanonn
1468 2145 1677 2198 pontifici
1722 2158 1804 2200 per

300 2200 507 2241 ordinem
534 2213 641 2242 suae
665 2200 942 2242 calamitatis
965 2202 1172 2252 historia,
1207 2203 1489 2256 apostolicae
1512 2203 1631 2245 sedis
1653 2205 1802 2258 patro-

300 2259 472 2299 cinium
505 2261 665 2300 contra
696 2260 818 2300 tanti
850 2260 1196 2302 calumniatoris
1227 2261 1495 2302 violentiam
1531 2262 1802 2316 suppliciter

298 2318 549 2372 implorant
565 2318 592 2358 1.
662 2319 808 2360 Adest
860 2319 997 2360 simul
1044 2320 1193 2361 tocius
1241 2320 1351 2361 cleri
1399 2320 1800 2375 Babenbergensis

298 2422 327 2452 a)
346 2421 514 2446 niterentur
532 2421 595 2446 ΒΞ.
670 2421 700 2455 b)
720 2424 811 2447 exstr.
831 2422 901 2454 323
923 2422 1112 2448 exn-ussisset
1131 2422 1210 2449 Blb.
1293 2423 1319 2453 c)
1339 2422 1464 2454 trIginta
1482 2423 1543 2448 132.
1620 2422 1650 2455 d)
1669 2423 1797 2449 abomin.
1813 2426 1848 2452 35

297 2456 323 2480 A
335 2457 364 2489 13
386 2457 595 2483 abhominaces
609 2457 635 2482 B
646 2458 687 2483 1³.
744 2456 773 2490 e)
792 2458 911 2490 ymmol.
926 2457 1004 2483 Blb.
1016 2458 1042 2482 2.
1099 2457 1123 2490 f)
1142 2456 1359 2483 abscindendos
1378 2458 1404 2482 B
1414 2457 1459 2483 lb.
1471 2458 1498 2484 2.
1553 2459 1583 2490 g)
1603 2459 1714 2489 quotid.
1729 2458 1755 2484 A
1766 2460 1780 2484 1
1790 2467 1797 2474 ·

297 2492 400 2517 cottid.
421 2493 537 2518 B1⁸.2.
612 2493 642 2523 h)
662 2493 865 2518 obtendabant
884 2494 909 2518 Α
922 2495 948 2518 1.
960 2494 991 2518 1³
1010 2493 1146 2527 (Schrad.
1166 2500 1244 2518 corr.
1265 2492 1491 2526 obtundebant).
1553 2493 1574 2527 i)
1593 2495 1656 2526 opis
1675 2478 1799 2528 (operias

296 2528 375 2553 131¹.
449 2528 480 2559 k)
500 2528 570 2554 eccl.
591 2531 694 2554 sancta
712 2529 791 2554 131⁸.
865 2528 886 2562 1)
905 2536 961 2554 om.
981 2529 1061 2554 Bia.
1133 2530 1174 2562 lm)
1194 2536 1306 2554 summo
1325 2529 1405 2555 Bia.

299 2610 333 2652 1)
356 2610 453 2644 Haec
478 2611 519 2645 de
543 2612 682 2645 ecclesia
714 2611 750 2646 S.
779 2612 899 2645 Iacobi
922 2611 1050 2655 Lamp.
1085 2612 1125 2644 in
1159 2612 1278 2644 maius
1311 2612 1424 2646 nimis
1448 2612 1587 2655 eastum,
1614 2617 1797 2656 tamquam

296 2657 380 2691 haec
408 2660 606 2702 praecipua
640 2669 750 2692 causa
785 2659 922 2702 fuisset,
959 2662 998 2691 ut
1022 2658 1268 2692 Herimannus
1300 2659 1542 2702 deponeretur,
1578 2670 1657 2693 eum
1681 2664 1845 2695 tamenn>

297 2705 336 2736 in
370 2706 493 2738 multis
524 2706 689 2749 epistolis,
726 2717 816 2749 quas
849 2707 916 2739 hac
948 2706 989 2739 de
1017 2716 1057 2739 re
1080 2708 1299 2750 conscriptas
1324 2706 1502 2748 habemus,
1527 2707 1655 2741 codicis
1686 2707 1797 2741 Udal-

294 2752 440 2794 ricuini,
462 2753 629 2795 Greqorii
644 2753 725 2788 VII.
744 2754 913 2795 Reqistri,
939 2754 1149 2787 collationis
1166 2754 1397 2796 epistolarum
1415 2764 1438 2786 a
1455 2754 1666 2796 Sudendorf
1682 2755 1796 2788 editae

294 2798 398 2831 nulla
423 2799 531 2833 huius
555 2801 711 2834 ecclesiae
735 2802 865 2834 mentio
890 2802 987 2843 facta
1013 2802 1071 2836 sit.
1114 2800 1226 2842 Infra
1252 2800 1317 2836 SS.
1338 2801 1377 2842 V,
1397 2812 1437 2844 p,
1455 2802 1538 2837 244.
1563 2802 1648 2835 dica
1665 2802 1792 2846 Lamp.

295 2845 492 2889 Poppcmem
512 2849 760 2890 praepositum
778 2848 1098 2890 Babenberyensem
1114 2849 1270 2881 maxime
1286 2852 1463 2882 auctorem
1480 2849 1604 2891 fluisse,
1630 2852 1669 2882 ut
1686 2849 1796 2882 Heri-

295 2903 449 2926 mannus
474 2894 716 2936 deponeretur.
766 2895 884 2938 Neque
909 2895 971 2928 hoc
995 2896 1085 2928 satis
1108 2898 1238 2928 certum
1264 2896 1412 2930 videtur.
1807 2905 1842 2931 45
