1968 3164
328 275 457 311 LXIV
864 277 999 313 PRAE
1007 278 1164 314 FATIO
1191 278 1229 315 O.
1244 279 1291 316 V.

327 396 416 498 Ξςῖη
455 396 651 498 editionet
666 398 868 452 principe
907 399 1080 453 vulgata
1122 401 1182 442 ad
1219 414 1361 443 omnes
1391 400 1576 444 eruditos
1607 401 1828 456 Lamperti

344 469 356 497 i
387 470 433 498 er
454 471 662 510 perveni.

470 527 741 571 Posterorum
772 529 978 571 editorum
1009 534 1184 584 praeter
1213 535 1473 585 postremum
1509 535 1548 574 et
1577 531 1825 588 Pistorium,

327 600 448 640 quem
478 586 566 628 iam
598 587 795 641 diximus,
830 603 949 631 nemo
981 589 1118 632 codice
1148 590 1436 644 manuscripto
1452 591 1696 634 Annalium
1725 606 1828 636 usus

326 650 397 699 est,
430 647 504 688 sed
533 660 674 689 omnes
705 647 930 690 editionem
951 648 1194 702 principem
1224 651 1489 704 recuderunt,
1523 650 1643 693 cuius
1673 652 1856 695 mendau

326 704 493 758 quidem
523 709 570 748 ut
600 706 800 760 tollerent,
834 708 1097 761 studuerunt,
1131 710 1205 751 sed
1234 707 1324 750 alia
1346 709 1482 763 plura
1512 709 1759 754 intulerunt.

471 776 708 819 Secundam
748 777 971 820 editionem
986 778 1000 803 ¹
1031 779 1210 832 paravit-
1246 779 1504 823 Lutovichus
1546 780 1824 836 Selii-adinus,

327 834 394 877 cui
434 835 705 878 inscribitur:
754 836 1087 879 Germanorum
1128 853 1201 881 res
1242 840 1475 894 praeclare
1516 840 1628 882 olim
1667 843 1826 896 gestae

417 926 426 935 .
469 895 716 938 Lamberto
759 896 1184 951 Schafnaburgensi
1225 900 1438 950 authore,
1487 900 1617 942 cuius
1657 914 1827 943 nomen

326 955 552 996 hactenus
600 955 801 997 delituit.
885 956 1123 1011 Tubingae
1175 971 1230 999 ex
1276 958 1467 1000 aedibus
1513 959 1874 1002 Morhardinism

325 1013 655 1065 MDXXXIII,
698 1013 873 1067 epistola
913 1014 1176 1057 dedicatoria
1216 1017 1318 1058 data
1355 1018 1415 1059 ad
1451 1017 1735 1060 Schertlinum
1775 1019 1826 1062 de

324 1071 610 1114 Burtenbaclt.
676 1073 942 1115 Scliradinus
973 1073 1086 1116 enim
1117 1075 1204 1118 loco
1240 1074 1289 1118 in
1325 1075 1548 1118 Trithemii
1578 1076 1826 1121 Annalibus

325 1130 711 1184 Hirsauyiensibus
742 1133 791 1174 de
813 1133 1040 1186 Lamperto
1073 1134 1184 1187 lecto,
1218 1147 1338 1187 quem
1368 1134 1545 1178 editioni
1575 1149 1677 1178 suae
1698 1149 1824 1190 prae-

324 1189 422 1242 fixit
436 1191 462 1243 2,
506 1205 657 1233 nomen
697 1191 882 1233 auctoris
923 1191 1083 1246 didicit,
1125 1194 1199 1235 sed
1228 1193 1276 1236 in
1306 1194 1492 1245 formam
1523 1194 1743 1238 Lamberti
1772 1209 1824 1238 ex

325 1248 504 1291 arbitrio
535 1249 646 1291 idem
676 1250 798 1292 vertit
811 1251 834 1292 3.
1837 1267 1872 1294 ιε

474 1320 618 1361 Tertia
657 1320 784 1362 editio
817 1321 982 1375 prodiit
1011 1321 1124 1364 inter
1156 1323 1201 1365 S.
1226 1323 1428 1365 Schardii
1465 1323 1824 1368 Germanicarum

324 1392 468 1420 rerum
484 1383 665 1432 quatuor
681 1380 923 1423 celebriores
938 1381 1259 1435 vetustioresque
1276 1383 1616 1437 chronoyraphos
1632 1384 1822 1427 Franco-

325 1437 434 1489 furti
469 1442 595 1479 1566.
629 1438 702 1490 fol.
758 1440 921 1492 Quarta
943 1444 1116 1482 curante
1145 1440 1369 1495 Grynaeo:
1392 1442 1655 1485 Chronicon
1683 1444 1822 1486 histo-

324 1498 470 1539 ricum
503 1498 626 1552 apud
659 1497 911 1541 Germanos
945 1531 954 1540 .
989 1531 998 1540 .
1034 1531 1043 1540 .
1079 1531 1088 1540 .
1123 1502 1317 1543 authore
1355 1503 1581 1544 monacho
1622 1503 1823 1558 quodam

325 1556 643 1599 Herveldensi.
726 1557 928 1600 Basileae
975 1572 1025 1599 eoe
1071 1559 1252 1611 officina
1297 1560 1358 1602 H.
1401 1560 1520 1602 Petri
1569 1564 1696 1603 1569.
1743 1561 1869 1614 solato

331 1614 530 1668 Quintam
562 1616 842 1669 complectitur
874 1618 919 1659 S.
939 1617 1140 1660 Schardii
1161 1618 1427 1662 Historicum
1459 1634 1560 1673 opus
1590 1620 1639 1662 in
1669 1621 1705 1662 I
1710 1621 1753 1662 V
1767 1624 1821 1663 to·

323 1688 411 1715 mos
451 1674 644 1716 divisum.
718 1675 807 1717 Vol.
841 1676 882 1717 Ι.
944 1676 1145 1719 Basileae
1190 1681 1316 1719 1574.
1357 1679 1432 1730 fol.
1497 1679 1669 1721 Sextam
1709 1679 1823 1723 dedit

323 1733 369 1775 J.
389 1733 602 1775 Pistorius
622 1733 735 1776 inter
755 1734 917 1776 Rerum
944 1735 1300 1779 Germanicarum
1323 1737 1569 1791 Scriptores,
1602 1738 1651 1780 in
1671 1738 1760 1781 Vol.
1776 1738 1817 1793 I,

314 1807 361 1845 p.
389 1796 634 1846 149-265,
668 1793 952 1846 Francofurti
988 1799 1114 1837 1583.
1147 1795 1236 1849 fol„
1270 1810 1413 1839 recuso
1435 1797 1665 1840 Hanoviae
1690 1801 1817 1840 1613.

321 1851 396 1902 fol.
451 1851 532 1905 Qui
564 1852 743 1895 codicem
773 1853 1108 1907 manuscriptum
1139 1859 1332 1909 excerpta
1362 1855 1480 1898 haud
1509 1857 1653 1910 ampla
1667 1857 1819 1900 Anna·
1830 1870 1867 1898 2⁶

323 1910 428 1952 lium
474 1910 749 1953 continentem
795 1912 1008 1966 adhibuit,
1066 1927 1116 1955 ecc
1162 1927 1242 1967 quo
1289 1914 1416 1956 etiam
1462 1915 1819 1958 continuationem

322 1984 362 2010 a.
390 1973 502 2010 1078
525 1993 573 1997 ——
588 1974 713 2011 1352.
755 1970 887 2013 edidit
899 1972 928 2013 4.
1002 1973 1236 2015 Schradini
1276 1973 1403 2016 editio
1443 1987 1592 2017 recusa
1631 1978 1691 2017 est
1719 1979 1820 2028 post

329 2027 573 2070 Chronicon
603 2029 885 2082 Ursperyense
905 2031 1184 2084 Aryentorati
1216 2036 1343 2074 1609.
1374 2033 1450 2085 fol.
1474 2048 1523 2087 p.
1541 2037 1776 2076 449—539
1787 2033 1817 2075 ⁶.

322 2087 394 2127 Ea
427 2087 628 2129 Schardii
659 2101 807 2130 recusa
837 2088 886 2130 in
917 2090 1151 2133 collectione
1189 2091 1257 2134 cui
1287 2091 1536 2134 inscribitur
1567 2093 1818 2135 Sohardius

320 2146 551 2188 redivivus
573 2147 667 2188 sive
691 2147 944 2202 Scriptores
966 2164 1120 2192 rerum
1143 2150 1522 2194 Germanicarum
1542 2153 1658 2194 varii
1679 2165 1865 2207 operam

322 2205 451 2247 Hier.
474 2206 689 2247 Thomae.
748 2206 836 2248 Vol.
872 2207 912 2248 I.
972 2208 1147 2251 Giessae
1183 2213 1309 2251 1673.
1341 2210 1416 2261 fol.
1478 2209 1660 2252 Pistorii
1689 2210 1817 2253 editio

321 2263 495 2317 repetita
556 2268 616 2305 est
674 2264 722 2306 in
783 2265 1035 2309 collectionis
1095 2267 1186 2310 eius
1236 2267 1362 2310 tertia
1411 2268 1592 2311 editione
1643 2273 1818 2312 curante

320 2322 378 2364 B.
403 2322 455 2364 G.
476 2322 646 2364 Struvio
678 2324 717 2376 I,
743 2338 790 2376 p.
811 2328 1059 2367 301-424,
1093 2326 1353 2370 Ratisbonae
1387 2331 1514 2369 1726.
1547 2328 1644 2380 fol.⁶
1710 2329 1817 2370 Tum

322 2382 392 2424 Jo.
418 2381 522 2423 Chr.
542 2382 727 2435 Krause,
761 2382 834 2435 qui
865 2385 1101 2427 Lamberti
1133 2387 1579 2442 Schafnaburgensis
1611 2388 1816 2430 Annales

322 2454 362 2482 a,
386 2444 688 2494 1039-1077,
722 2441 877 2484 omissa
893 2443 1042 2496 priore
1065 2449 1192 2497 parte
1223 2459 1352 2498 usque
1379 2447 1438 2488 ad
1457 2460 1497 2487 a.
1519 2450 1644 2499 1038,
1671 2446 1863 2488 Halaesa
1879 2461 1890 2473 ·

323 2592 357 2635 1)
380 2592 505 2624 Etiam
530 2591 670 2634 quidem
695 2602 727 2626 a.
748 2592 851 2628 1530.
876 2593 1059 2636 Tubinyae
1085 2595 1189 2628 editio
1211 2594 1400 2639 Lamperti
1415 2596 1615 2628 Annalium
1634 2596 1816 2638 prodiisse

321 2640 465 2682 dicitur,
497 2640 558 2672 sed
588 2639 650 2672 hoc
683 2639 819 2680 falsum
853 2641 1011 2680 violetur,-
1051 2642 1097 2682 οἱ.
1124 2642 1188 2676 SS.
1209 2643 1248 2685 V,
1269 2653 1310 2684 p.
1330 2644 1409 2684 151,
1436 2653 1471 2677 n.
1490 2643 1547 2677 88.
1692 2644 1729 2686 2)
1756 2642 1814 2684 Cf.

324 2687 380 2721 ‘N.
400 2687 548 2719 Archiv’
572 2686 682 2730 XIX,
704 2697 744 2729 p.
765 2687 844 2721 177.
942 2686 979 2731 3)
1005 2688 1051 2720 In
1073 2689 1299 2732 praefatione
1323 2690 1424 2723 modo
1447 2689 1688 2733 Lambertum,
1715 2690 1815 2723 modo

321 2733 552 2776 Lampertum
579 2734 733 2777 scripsit.
802 2733 838 2776 4)
861 2732 1079 2768 Additiones
1105 2735 1151 2768 ad
1173 2734 1411 2769 Lamber‘cum
1438 2735 1815 2781 Sohafnaburgensem

322 2780 508 2823 appositae
534 2780 578 2814 ab
604 2779 907 2824 Erphesfordensi
942 2781 1132 2816 monacho.
1183 2783 1238 2824 Cf.
1264 2793 1380 2826 supra
1406 2793 1446 2826 p.
1475 2789 1539 2819 LV.
1683 2785 1720 2828 5)
1747 2783 1861 2817 euim

321 2828 554 2860 inscribitur:
580 2826 750 2861 Ohronioi
773 2826 963 2861 Lamberti
981 2827 1328 2874 Sehafnaburgensis
1356 2857 1362 2864 .
1383 2857 1389 2865 .
1411 2858 1417 2864 .
1443 2829 1617 2865 Annales.
1692 2830 1728 2874 6)
1751 2830 1814 2863 Ea:

321 2884 392 2917 qua
427 2875 634 2916 fragmenta
670 2874 842 2918 quaedam
878 2876 1028 2917 repetita
1065 2881 1148 2909 sunt
1183 2878 1277 2910 inter
1308 2877 1438 2920 Script.
1463 2888 1587 2911 rerum
1614 2878 1710 2912 Gall.
1737 2877 1810 2920 III,

321 2932 355 2964 p.
375 2923 453 2957 348.
489 2922 530 2964 V,
552 2933 591 2965 p.
609 2923 688 2957 367.
722 2921 783 2964 VI,
805 2934 843 2965 p.
860 2923 940 2957 227.
973 2923 1057 2965 VH,
1076 2934 1116 2966 p.
1134 2925 1216 2959 240.
1242 2923 1312 2966 XI,
1335 2936 1371 2968 p.
1390 2926 1543 2960 59—69.
