1968 3164
33 815 161 884 8⁴33}ss
318 814 460 869 Prima
478 834 539 860 *Α
570 836 671 870 aetas
703 835 750 870 ab
781 835 906 871 Adam
939 848 1054 882 usque
1089 838 1137 873 ad
1167 838 1271 882 Noe,
1306 841 1499 877 continens
1533 854 1685 889 genera·
1700 853 1780 879 Beda
1792 853 1816 880 1.

175 879 294 915 tiones
318 879 375 925 X,
407 892 523 916 annos
558 893 646 917 vero
681 883 782 918 mille
806 883 975 921 DOLVI.
1026 885 1130 931 Quae
1161 888 1241 922 tota
1264 889 1375 933 periit
1400 889 1560 936 diluvio,
1592 892 1686 927 sicut

174 926 369 963 infantiam
393 939 562 975 mergere
587 930 681 965 solet
706 930 853 967 oblivio.

319 974 491 1011 Secunda
516 988 538 1012 a
562 976 643 1012 Noe
668 989 783 1023 usque
810 978 857 1013 ad
879 979 1083 1026 Abraham,
1107 983 1366 1027 generationes
1392 985 1562 1021 similiter
1587 998 1686 1022 com—

144 1022 284 1067 5plexa
318 1022 373 1068 X,
411 1035 527 1060 annos
564 1027 688 1060 autem
727 1025 909 1063 CGXOII.
973 1027 1020 1063 In
1061 1040 1134 1073 qua
1170 1030 1407 1076 linguarum
1444 1032 1578 1069 facta
1615 1038 1687 1070 est

175 1069 384 1108 divisio².
434 1073 472 1106 A
496 1073 660 1117 puericia
690 1085 849 1119 namque
881 1074 992 1110 homo
1025 1076 1155 1122 incipit
1188 1077 1316 1123 loquib
1355 1091 1478 1125 posse
1512 1084 1597 1127 post
1631 1083 1685 1118 in-

173 1117 348 1162 fantiam3
373 1130 468 1163 quae
494 1122 532 1155 et
555 1120 643 1156 inde
667 1133 804 1157 nomen
830 1123 984 1168 accepit,
1010 1124 1109 1168 quia
1133 1125 1214 1170 fari,
1239 1126 1279 1161 id
1300 1129 1356 1162 est
1380 1128 1525 1173 loquiss,
1550 1132 1684 1175 potest.

317 1165 451 1201 Tereia
475 1167 523 1202 ad
539 1167 730 1204 Abraham
757 1181 872 1214 usque
898 1171 946 1206 ad
970 1171 1102 1216 David,
1127 1174 1386 1218 generationes
1412 1175 1544 1222 XIIII,
1571 1189 1685 1214 annos

173 1223 359 1258 quoque
395 1213 667 1251 DOOOOXLII
711 1217 913 1254 continens.
972 1218 1022 1254 Et
1059 1220 1147 1264 quia
1186 1221 1233 1256 ab
1271 1222 1518 1259 adolescentia
1556 1225 1686 1271 incipit

125 1268 160 1294 10
173 1259 301 1343 homrgi
317 1272 424 1306 posse
458 1273 657 1309 generare,
694 1263 869 1300 Matheus
901 1266 946 1301 ab
972 1266 1164 1303 Abraham
1189 1270 1500 1314 generationumd
1530 1274 1685 1319 sumpsit

173 1319 242 1343 exo
302 1320 378 1346 um.

315 1356 455 1403 Quarta
480 1369 502 1392 a
526 1357 646 1394 David
680 1371 796 1404 usque
828 1360 875 1395 ad
899 1363 1262 1408 transmigrationem
1286 1364 1495 1409 Babilonis„
1532 1380 1684 1413 genera-

171 1402 335 1439 tionibus
370 1415 464 1449 eque
500 1405 604 1441 iuxta
639 1406 835 1443 Matheum
872 1408 1011 1455 XIIII,
1050 1411 1155 1446 annis
1192 1414 1316 1448 autem
1355 1413 1677 1451 OOOOLXXIIIe

171 1454 353 1495 porrecta.
393 1452 459 1488 De
478 1451 496 1479 f
526 1465 599 1498 qua
622 1466 753 1501 regum
778 1458 947 1502 tempora
973 1461 1163 1504 ceperunt,
1189 1461 1304 1504 quia
1329 1461 1490 1507 dignitas
1515 1463 1684 1500 iuvenilis

124 1506 159 1533 15
172 1505 286 1545 regno
313 1502 369 1534 est
391 1499 567 1538 habiliss.

111 1588 115 1591 Α
315 1547 454 1593 Quinta
478 1548 613 1584 deinde
637 1561 754 1595 usque
789 1551 837 1586 ad
862 1551 1060 1588 adventum
1087 1555 1277 1591 salvatoris
1302 1556 1340 1591 in
1367 1568 1496 1603 carne,
1557 1571 1683 1595 enera-

171 1593 332 1630 tionibus
363 1598 401 1631 et
432 1596 511 1641 ipsa
534 1596 674 1643 XIIII,
705 1597 845 1644 porroh
882 1601 986 1635 annis
1011 1601 1296 1639 DLXXXVHI
1328 1608 1489 1643 extenta.
1562 1619 1586 1642 n
1612 1620 1684 1653 qua

171 1644 214 1676 ut
246 1642 351 1688 gravi
384 1646 575 1680 senectute
608 1645 703 1680 fessa
737 1647 841 1682 malis
867 1648 1136 1684 crebrioribusi
1170 1651 1275 1696 plebs
1301 1651 1454 1689 Hebrea
1479 1658 1682 1698 quassatur.

57 1696 104 1730 '1⁰-
114 1697 158 1725 23.
314 1689 438 1736 Sexta,
457 1703 551 1736 quae
569 1704 668 1728 nunc
689 1694 821 1739 agitur,
844 1696 946 1730 nulla
968 1698 1248 1742 generationum
1266 1701 1324 1734 vel
1341 1703 1552 1746 temporum
1572 1704 1683 1739 *serie

122 1745 158 1771 20
172 1739 283 1782 certa,
310 1738 375 1773 sed
399 1741 442 1773 ut
467 1741 566 1774 aetas
591 1740 780 1786 decrepita
803 1742 883 1787 ipsa
907 1745 1026 1779 tocius
1051 1745 1166 1780 seculi
1190 1749 1310 1782 morte
1335 1747 1508 1785 finienda.

315 1784 449 1821 Secula
484 1788 783 1833 generationibus
821 1794 1012 1836 constant,
1051 1792 1118 1827 etk
1158 1793 1244 1829 inde
1282 1794 1511 1831 dicuntur
1548 1798 1681 1843 secula,
1696 1810 1910 1842 ιεῑα,Ει,ι’,38.

170 1831 270 1876 quod
303 1843 342 1868 se
375 1837 586 1878 sequantur.
636 1835 872 1872 Abeuntibus
904 1839 1002 1873 enim
1041 1840 1120 1874 aliis
1159 1841 1229 1876 alia
1259 1843 1483 1887 succedunt,
1523 1856 1680 1889 quorum

170 1879 345 1915 decursus
369 1892 437 1926 per
460 1883 716 1928 generationes
742 1887 779 1919 et
803 1896 918 1931 regna
942 1887 1007 1921 ita
1032 1888 1314 1926 scribiturl.

313 1927 440 1963 Prima
465 1932 564 1965 aetas
589 1932 755 1967 continet
779 1933 1003 1969 creationem
1028 1935 1170 1973 mundi.
1219 1936 1345 1972 Primo
1372 1938 1470 1973 8111111
1497 1939 1555 1975 die
1581 1941 1681 1976 Deus

121 1978 156 2003 25
169 1973 206 2008 in
230 1973 322 2010 lucis
346 1977 497 2012 nomine
522 1978 688 2014 condidit
713 1980 874 2026 angelos.
924 1981 1096 2018 Secundo
1122 1983 1160 2018 111
1185 1983 1410 2021 firmamenti
1434 1988 1680 2032 appellatione

169 2022 308 2057 creavit
342 2024 473 2061 caelos.
523 2025 656 2061 Tercio
690 2027 729 2062 in
764 2027 994 2064 discretionis
1024 2031 1204 2067 vocabulo
1235 2033 1396 2078 speciem
1429 2046 1607 2080 aquarum
1642 2040 1681 2072 et

167 2071 298 2105 terrae.
348 2070 488 2116 Quarto
523 2073 719 2109 luminaria
753 2076 855 2112 caeli.
905 2076 1044 2123 Quinto
1081 2079 1283 2116 animantia
1319 2093 1366 2116 ex
1403 2093 1508 2127 aqua.
1566 2084 1680 2119 Sexto

166 2116 366 2153 animantia
389 2130 436 2154 ex
460 2122 559 2156 terra
583 2124 622 2157 et
644 2122 849 2167 primum
875 2123 1063 2161 hominem
1088 2127 1224 2165 Adam.

166 2248 195 2278 a)
214 2248 305 2280 prior
324 2257 402 2281 pars
427 2251 579 2277 annalium
607 2259 695 2285 usque
721 2254 761 2279 ad
786 2262 813 2282 a.
835 2255 894 2283 701,
920 2259 1014 2282 exstat
1039 2260 1151 2283 tantum
1177 2259 1208 2284 in
1228 2260 1290 2288 Al.
1311 2262 1351 2287 1⁸.
1377 2262 1454 2289 Blb.
1474 2263 1499 2290 2.
1599 2263 1629 2294 b)
1650 2263 1678 2288 ’ἠ

116 2280 154 2306 30
166 2290 260 2315 ηοω-9.
280 2284 343 2309 alia
362 2293 451 2311 manu
469 2288 564 2319 suppl.
585 2288 611 2313 B
623 2287 666 2316 lb.
686 2290 711 2316 2.
803 2292 830 2322 0)
855 2299 926 2323 non,
952 2293 1029 2324 quod
1052 2300 1087 2318 ex
1109 2295 1190 2320 Beda
1209 2297 1398 2327 supplendum
1420 2300 1469 2329 est,
1498 2298 1573 2323 deest
1592 2300 1677 2323 etiam

166 2319 197 2343 in
206 2319 391 2351 Ano-,Quodh
441 2320 473 2353 d)
492 2322 651 2349 christiin
664 2332 758 2356 mara.
773 2329 841 2358 poet
854 2328 949 2359 suppl.
962 2328 989 2353 Β
1001 2330 1039 2357 lb.
1090 2331 1118 2361 e)
1138 2330 1389 2357 cccchxxxm
1410 2334 1436 2358 A
1451 2335 1477 2361 1.
1526 2335 1550 2365 f)
1572 2335 1605 2359 lu
1619 2342 1678 2367 qua

166 2361 269 2386 regum
290 2359 470 2388 tempestate
490 2357 596 2393 [dign]
616 2360 671 2388 del.
690 2363 716 2386 et
735 2362 766 2386 in
786 2370 880 2394 mar-9.
899 2370 978 2391 corr.
1003 2364 1048 2390 De
1068 2372 1128 2396 qua
1148 2374 1170 2393 r.
1191 2370 1328 2399 tempora
1353 2372 1501 2400 ceperunt
1526 2370 1597 2401 quia
1617 2371 1678 2398 ΒΣ.

165 2391 195 2422 g)
214 2390 302 2416 abilis
323 2392 399 2420 Blb.
419 2393 446 2425 2,
463 2397 531 2425 poet
550 2402 626 2422 corr.
646 2395 715 2424 hab.
734 2397 811 2425 Blb.
868 2399 898 2429 h)
920 2406 975 2427 om.
995 2399 1056 2428 Bs.
1112 2401 1134 2432 i)
1154 2402 1356 2429 exterioribus
1377 2405 1439 2432 ΒΞ,
1495 2405 1527 2436 k)
1548 2413 1603 2433 om.
1617 2407 1640 2431 A
1655 2408 1678 2434 1.

168 2425 190 2459 l)
208 2424 391 2453 describitur
409 2428 472 2457 32.

115 2544 203 2587 351)
232 2544 344 2580 Prior
379 2547 469 2581 libri
487 2560 581 2593 pars
613 2561 692 2584 oum
722 2552 819 2589 Ann.
846 2553 982 2598 Quedl„
1018 2555 1083 2590 SS.
1109 2556 1183 2600 III,
1215 2569 1255 2601 p.
1279 2559 1327 2594 22
1352 2569 1425 2603 sqq.
1459 2560 1540 2602 (ubi
1558 2571 1677 2604 pauca

166 2592 295 2626 addita
319 2595 422 2637 sunt)
446 2597 497 2630 ad
520 2597 663 2632 verbum
688 2599 763 2642 fere
787 2602 955 2645 convenit,
982 2613 1006 2635 a
1023 2602 1216 2648 Lamperto
1241 2606 1357 2648 ἰθεῖαν
1381 2618 1425 2639 ecc
1442 2607 1538 2643 Anu.
1564 2607 1677 2642 Hers-

167 2639 252 2680 feld.
284 2641 463 2686 descripta
497 2648 557 2680 est.
609 2646 705 2688 Quae
737 2650 928 2692 composita
963 2654 1013 2684 est
1045 2661 1090 2684 ex
1115 2651 1254 2686 Isidori
1276 2653 1454 2687 chronic-is
1487 2655 1584 2688 brevi
1606 2656 1674 2699 (I),

169 2685 263 2720 libro
296 2687 610 2733 Etymoloyiarum
642 2694 681 2729 V.
717 2695 869 2739 inem-to,
905 2700 938 2730 et
972 2698 1108 2732 maiore
1132 2699 1231 2742 (II),
1267 2702 1465 2745 separatim
1499 2702 1609 2745 edito,
1645 2708 1676 2736 et

167 2733 285 2768 Bedae
309 2735 487 2772 chronicis
511 2740 648 2775 minore
673 2741 742 2785 (I),
771 2743 865 2777 libro
889 2744 931 2778 de
956 2746 1171 2790 temporibus
1196 2748 1339 2791 inserto,
1366 2753 1398 2782 et
1423 2750 1559 2784 maim-e
1583 2750 1673 2793 (II),

117 2783 155 2808 40
169 2780 262 2815 libro
285 2781 326 2815 de
350 2785 491 2818 ratione
515 2790 712 2831 temporum
737 2790 880 2834 inserto,
917 2802 988 2826 uno
1021 2794 1128 2827 etiam
1164 2794 1236 2828 loco
1264 2806 1308 2829 ea:
1334 2796 1451 2830 Bedae
1475 2796 1572 2832 Hist.
1598 2799 1675 2832 eccl.

168 2832 318 2872 sumpto.
433 2831 470 2874 2)
493 2834 630 2868 Auctor
654 2837 729 2880 ipse
753 2837 838 2872 haec
862 2841 1023 2876 mutavit.
1074 2841 1173 2875 Beda
1198 2846 1229 2876 et
1255 2843 1350 2878 Ama.
1379 2844 1525 2886 deL:
1551 2844 1675 2888 lingua

166 2873 340 2911 Hebraea
364 2878 420 2911 est
443 2877 603 2918 inventa.

1342 2960 1385 2997 1*
