1968 3164
558 213 830 250 LAMPERTI
853 213 1111 251 ANNALES.
1160 215 1208 251 A.
1236 219 1340 254 1069.
1641 220 1709 254 107

199 395 333 440 daret
353 396 625 452 postulanti,
658 397 989 452 indignitatem
1011 411 1106 440 non
1126 398 1293 447 ferens,
1327 399 1438 454 regi,
1472 414 1553 455 per
1575 414 1710 454 quem

199 455 492 512 potissimum
533 456 762 506 stetisset,
805 470 863 499 ne
897 457 1132 508 darentur,
1176 457 1351 500 bellum
1394 459 1588 513 parabat
1621 474 1710 501 cre—

200 515 387 572 brisque
438 515 681 571 colloquiis
727 516 991 571 'thuringos
1044 517 1103 558 ad.
1157 517 1426 560 societatem
1479 532 1709 560 armorum

167 574 499 619 ssollicitabat.
561 575 835 631 Promptum
867 577 956 618 hoc
988 577 1088 619 fore
1121 577 1350 631 sperabat,
1390 591 1444 619 eo
1477 578 1599 631 quod
1631 592 1710 620 rex

199 634 598 691 archiepiscopum
639 635 904 678 adiuvando
946 636 995 677 in
1037 636 1275 691 exigendis
1323 637 1710 679 decimationibus

198 694 401 737 multum
441 709 470 737 a
509 709 557 738 se
589 695 832 738 avertisset
869 695 1047 737 animos
1080 710 1238 738 eorum
1254 697 1281 737 ².
1346 696 1709 739 Incitamentum

198 749 384 798 tamenb
429 754 503 797 illi
541 755 713 797 furoris
753 755 827 798 vel
860 755 1111 797 maximum
1153 758 1253 798 erat
1285 770 1401 798 uxor
1433 757 1709 798 saevissima.

198 813 330 857 Haec
361 813 546 870 placido
578 815 779 857 hominis
810 815 998 870 ingenio
1036 818 1084 858 et
1115 829 1198 870 per
1229 818 1431 858 aetatem
1464 816 1555 857 iam
1589 831 1710 857 man-

150 889 186 916 10
198 873 409 917 suefacto
449 874 675 917 iuveniles
707 874 885 917 animos
921 875 1201 930 inspirabat,
1246 875 1400 930 sepius
1432 876 1708 925 obtundens,

138 932 139 935 ’
198 933 329 989 quia,
377 934 435 975 si.
456 934 527 976 vir
567 936 709 986 esset,
758 948 853 977 non
893 934 1073 976 inultus
1113 935 1306 976 iniurias
1354 935 1584 990 acciperet
1626 949 1710 977 nec

198 993 343 1049 priori
381 993 550 1036 marito
591 994 690 1036 eius
721 994 918 1036 audacia
949 1008 997 1037 se
1029 995 1252 1050 imparem
1285 997 1487 1050 gereret,
1532 1009 1621 1050 quo
1663 997 1710 1037 et

198 1052 372 1096 virtute
404 1055 452 1096 et
473 1053 716 1109 opulentia
746 1054 955 1110 superior
981 1057 1115 1097 esset·
1168 1055 1292 1097 Rexe
1322 1057 1513 1109 accepto
1540 1055 1710 1096 nuncio

199 1113 403 1168 graviter
448 1115 686 1168 permotus
731 1114 946 1169 ingentes
988 1114 1161 1170 copiaS,
1212 1117 1259 1156 et
1301 1128 1417 1168 quae
1466 1110 1704 1169 pluribusd

151 1187 185 1214 ιτ»
199 1171 341 1216 etiam
373 1172 508 1215 bellis
540 1173 654 1215 satis
686 1175 853 1225 essent,
887 1173 1126 1216 celerrime
1159 1174 1404 1216 eontra-xit.
1453 1174 1568 1215 Tum
1602 1188 1709 1216 vero

198 1231 441 1288 episcopus
481 1233 784 1288 Mogontinus
826 1235 1010 1289 tempus
1052 1247 1099 1276 se
1147 1234 1377 1289 accepisse
1425 1236 1575 1284 ratus,
1620 1247 1710 1288 quo

197 1305 281 1348 per
330 1292 619 1336 occasionem
671 1293 849 1348 publici
901 1293 1012 1336 belli
1067 1294 1298 1349 privatum
1350 1293 1401 1334 in
1447 1293 1709 1347 Thuringos

197 1351 356 1394 odium
378 1352 648 1404 vindicaret,
682 1353 1012 1396 infestissimus
1035 1354 1209 1405 aderat,
1243 1367 1398 1408 regem
1426 1367 1562 1407 quam
1593 1355 1709 1394 atro-

198 1410 379 1454 cissime
409 1425 507 1454 rem
539 1425 676 1467 agere
707 1413 986 1468 instigabat;
1029 1413 1128 1468 ipse
1170 1427 1351 1468 quoque
1393 1413 1505 1454 totis
1547 1413 1709 1454 amico-

149 1484 312 1523 sorum,
346 1471 486 1514 totise
514 1468 808 1527 Mogontinif
844 1473 1138 1528 episcopatus
1170 1473 1335 1528 opibus
1368 1475 1502 1528 cepto
1536 1473 1710 1514 annite-

198 1529 350 1573 batur.
412 1531 521 1574 Non
560 1531 736 1575 fefellit
777 1532 1040 1587 Thuringos
1081 1533 1302 1575 efferatus
1347 1532 1397 1573 in
1439 1546 1485 1574 se
1528 1532 1709 1573 animus

46 1623 53 1639 ,-
197 1590 423 1646 episcopi,
471 1605 556 1634 nec
603 1591 691 1647 ipsi
739 1592 790 1633 in
836 1607 942 1634 eum
989 1592 1196 1634 mitiores
1244 1592 1434 1646 spiritus
1481 1594 1707 1646 gerentes,

40 1657 184 1693 'ni-15.
196 1649 376 1706 legatos
408 1650 468 1692 ad
489 1664 646 1706 regem
678 1648 934 1702 *miserunt,
970 1666 1017 1693 se
1040 1651 1159 1692 nihil
1181 1651 1405 1705 iniquum,
1440 1651 1557 1692 nihil
1586 1651 1707 1705 quod

197 1722 328 1752 secus
369 1709 431 1752 sit
471 1710 625 1752 moliri
666 1711 885 1753 adversus
927 1725 1031 1753 eum
1045 1745 1054 1761 ,
1098 1725 1182 1753 nec
1225 1725 1352 1752 arma
1385 1713 1571 1752 contra⁰
1611 1724 1707 1752 rem

147 1769 430 1825 „publicam
463 1783 546 1811 suo
579 1770 772 1812 consilio
805 1773 887 1811 aut
918 1770 1076 1812 favore
1110 1772 1325 1824 sumptag
1361 1783 1480 1819 esse;
1522 1772 1706 1823 paratos

195 1841 244 1871 se
275 1829 436 1884 pocius
477 1829 659 1871 hostem
701 1829 941 1884 publicum
983 1829 1149 1884 capitis
1182 1843 1362 1884 quoque
1396 1829 1467 1870 sui
1500 1828 1706 1883 periculo

196 1901 483 1943 expugnare;
527 1888 786 1944 promptius
803 1884 822 1911 ¹¹
861 1891 1017 1931 autem
1060 1903 1113 1930 ac
1155 1889 1368 1931 devotius
1408 1888 1457 1929 id
1498 1889 1706 1930 facturos

195 1960 316 1998 esse,
359 1947 399 1989 si
439 1947 801 1990 decimationum
834 1948 982 2003 leges,
1025 1948 1229 2003 priorum
1262 1962 1423 2002 regum
1457 1950 1504 1989 et
1537 1948 1705 2002 episco-

195 2020 360 2062 porum
390 2006 687 2063 indulgentia
717 2008 807 2050 sibi
838 2010 1052 2058 statutas,
1086 2010 1211 2050 ratas
1238 2007 1576 2062 inviolatasque
1605 2007 1705 2049 fore

146 2068 447 2122 sopateretur.
517 2062 716 2119 Quodsi¹
759 2067 1002 2123 episcopus
1039 2068 1099 2109 ad
1131 2081 1208 2110 eos
1246 2081 1342 2109 rem
1376 2067 1578 2108 divinam
1612 2081 1704 2108 non

193 2125 384 2178 divinis,
427 2127 508 2170 sed
540 2127 756 2169 humanis
787 2127 926 2169 armis
959 2123 1306 2183 expugnatumk
1342 2126 1520 2169 veniret
1553 2129 1599 2168 et
1633 2126 1703 2168 de-

193 2181 362 2228 eimasb
398 2185 500 2229 iure
537 2186 650 2229 belli
690 2186 779 2229 sibi
811 2189 1083 2242 extorquere
1115 2186 1279 2238 vellet,
1323 2200 1436 2241 quas
1478 2200 1561 2228 1166
1603 2186 1703 2227 iure

192 2244 505 2289 ecclesiastico
546 2259 631 2289 nec
662 2246 766 2301 lege
797 2246 972 2289 forensi
1008 2247 1258 2302 potuisset,
1301 2246 1393 2287 iam
1435 2246 1613 2300 pridem
1656 2259 1702 2287 se

192 2307 481 2348 sacramento
513 2306 761 2348 obstrictos
783 2306 1105 2362 obligatosque
1137 2306 1294 2357 fuisse,
1328 2308 1382 2347 ut
1414 2317 1623 2360 raptores
1655 2307 1702 2347 et

144 2430 223 2500 85⁸3
240 2438 308 2464 neq.
328 2432 408 2459 131⁸.
419 2433 448 2460 2.
530 2432 562 2466 b)
586 2441 643 2460 om.
670 2433 732 2460 ΒΞ.
816 2433 844 2467 c)
874 2434 937 2459 Rex
956 2447 992 2453 —
1011 2434 1159 2460 contraxit
1186 2441 1242 2459 om.
1263 2434 1325 2459 32.
1414 2432 1445 2466 d)
1471 2433 1603 2465 plurimis
1622 2433 1649 2458 B
1662 2432 1702 2459 1¹¹.

192 2473 209 2492 ο
241 2474 299 2494 om.
318 2468 399 2495 131⁸.
474 2468 498 2502 0
517 2469 684 2502 moguntini
703 2470 767 2496 ΒΞ.
842 2469 874 2503 g)
893 2473 980 2502 supta
999 2470 1079 2496 31⁸.
1154 2469 1184 2502 h)
1205 2470 1322 2502 pronius
1342 2470 1421 2494 Blfl.
1497 2470 1517 2501 i)
1538 2467 1605 2500 qui
1627 2469 1703 2495 131³.

193 2501 225 2535 k)
243 2508 470 2538 expugnaturus
489 2505 516 2531 B
528 2503 571 2534 lb.

195 2597 231 2642 l)
252 2598 471 2633 Praesertim
489 2600 623 2644 procul
645 2600 752 2634 dubio
777 2600 942 2642 beneficia
968 2600 1228 2644 archiepiscope·
1252 2600 1470 2642 Mammam,
1506 2599 1547 2632 de
1572 2599 1703 2642 «lacibus

191 2655 309 2690 &upra
342 2657 379 2682 a.
405 2648 510 2690 1062,
539 2658 580 2691 p.
607 2649 664 2684 79.
699 2648 833 2681 dietum
868 2652 928 2689 est,
964 2652 1003 2681 ut
1030 2648 1247 2682 Giesebrecht
1280 2647 1302 2682 I.
1328 2647 1350 2682 Ι,
1381 2658 1420 2690 p.
1442 2648 1519 2682 139.
1555 2648 1703 2682 neonem,

143 2693 231 2737 ⁴02)
254 2691 392 2738 Optem
415 2694 565 2728 ostendit
590 2695 745 2737 Ausfeld
764 2707 803 2739 p.
828 2698 872 2732 51
897 2707 971 2739 sqq.
1017 2695 1225 2738 Tharn‘nyos
1249 2698 1417 2727 secretum
1445 2694 1537 2727 illud
1557 2698 1703 2737 pactum

191 2741 288 2784 νῳίε
321 2745 352 2775 et
385 2742 654 2786 archiepiscopi,
688 2743 783 2787 quod
811 2743 924 2787 paulo
959 2747 1042 2776 ante
1075 2743 1211 2784 factum
1247 2753 1316 2775 esse
1354 2742 1481 2785 Lamp.
1517 2742 1702 2783 confinoeit,

191 2789 328 2823 misae
351 2799 425 2823 non
444 2791 616 2834 potuisse,
651 2790 885 2834 Lampertum
910 2801 978 2823 saa
999 2792 1292 2834 praesumptione
1326 2793 1500 2822 caecatum
1528 2790 1704 2833 qaaestio-

187 2845 271 2870 nem
303 2836 346 2871 de
378 2837 522 2871 decimis
552 2837 779 2881 Thurinqt'ae
812 2838 1008 2880 falsissime
1037 2838 1251 2871 narrationi
1274 2837 1384 2869 aecius
1411 2836 1611 2870 rebellioni-s·
1638 2838 1703 2869 im-

191 2884 384 2926 miscui-see,
409 2884 504 2928 quod
529 2886 634 2918 etlam
660 2895 704 2918 ex
730 2887 846 2928 apcius
870 2887 1085 2919 narratione
1110 2889 1298 2928 appareat,

199 337 429 380 habuerat
445 335 471 388 ¹,
505 351 685 379 summa
715 337 761 378 vi
793 337 1033 380 nitebatur
1065 338 1354 393 adquirerea.
1403 339 1519 381 Cum
1553 340 1709 382 nullus
1725 346 1828 381 1069.
