2014 3184
357 200 430 237 454

844 201 1007 238 INDEX
1031 203 1380 243 LOOUTIONUM.

1078 324 1137 360 N.

406 387 514 422 supra
554 377 654 423 leges
696 380 733 413 et
769 379 959 414 natales
1001 391 1084 416 suos

1179 384 1214 419 2.
1240 384 1358 420 Mach.
1385 387 1441 429 14,
1466 387 1525 423 42.
1559 389 1686 423 contra
1719 390 1857 442 nata-

359 426 440 468 230,
456 435 500 460 15.
522 445 563 450 —
583 425 693 460 etiam
711 437 821 471 supra
845 427 983 462 natales
1001 439 1083 463 suos
1132 429 1202 465 les
1228 441 1311 466 suos
1336 431 1495 478 indignis
1519 433 1660 470 iniuriis
1684 446 1754 482 agi.

358 474 438 515 248,
452 482 479 507 5.
501 492 542 496 -
562 472 673 507 etiam
697 476 821 518 preter
845 475 983 510 natales
1001 487 1083 510 suos

359 521 438 563 114,
452 530 479 555 5.
508 539 550 544 -
576 519 680 554 iuxta
705 520 956 556 condicionem
980 525 1082 557 nata-

356 565 446 600 lium
471 577 619 601 suorum
648 570 726 612 148,
742 579 785 604 15.
813 589 857 594 —
882 581 950 614 pro
980 573 1082 605 nata-

355 613 445 647 lium
471 625 619 649 suorum
645 615 809 650 claritate
834 619 890 661 87,
905 628 951 654 35.

402 663 508 706 pater
541 661 618 696 eius
653 691 660 699 .
689 690 697 699 .
724 689 733 697 .
768 666 972 699 naturae
997 676 1081 700 con-

356 711 511 743 cesserat
538 711 619 754 123,
634 722 658 746 1.
678 730 723 735 -
741 721 824 745 cum
841 714 971 747 nature
997 723 1082 747 con—

356 755 504 791 cesserit
516 758 632 801 317,5.
650 777 692 782 -
706 761 833 802 postea
851 770 960 803 quam
976 762 1082 805 pater

356 803 431 837 eius
451 832 458 839 .
479 832 485 839 .
507 830 514 837 .
532 806 683 839 naturae
701 808 927 840 concesserat
944 809 1025 852 327,
1037 819 1080 844 30.

356 870 401 875 —
426 853 578 886 naturae
604 852 780 887 concessit
805 855 945 897 335,15.

403 897 470 932 etsi
505 923 513 933 .
540 926 548 935 .
576 927 583 935 .
619 899 732 944 copiis
766 900 950 947 omnibus,
989 913 1082 947 quae

354 944 640 980 administrando
659 947 754 982 bello
771 950 1081 985 necessariae

355 995 468 1036 erant,
495 992 632 1028 affatim
659 994 852 1030 effluerent
878 998 958 1041 115,
971 1008 1016 1034 25.
1036 1018 1078 1024 --

354 1039 522 1074 omnibus
547 1052 639 1086 quae
670 1041 766 1077 bello
791 1043 1079 1080 administrando

353 1087 554 1122 necessaria
604 1092 708 1124 erant
749 1089 886 1125 affatim
926 1093 1079 1137 provisis

353 1134 426 1168 iam
453 1137 489 1169 et
513 1135 699 1171 instructis
724 1139 805 1183 211,
820 1150 864 1175 20.

401 1183 701 1219 necessitate
719 1186 925 1230 compulsus
945 1189 1078 1231 123‚25.

355 1249 397 1254 —-
415 1229 556 1274 pudore
581 1232 788 1276 compulsus
808 1234 947 1278 pariter
963 1237 1000 1269 et
1016 1247 1079 1270 ne-

353 1277 518 1312 cessitate
544 1280 679 1323 174,30.
700 1300 744 1305 —
763 1279 811 1316 Se
829 1284 992 1316 extrema
1016 1294 1078 1317 ne-

353 1324 518 1359 cessitate
553 1326 758 1371 compulsos
792 1328 830 1362 in
856 1329 970 1364 aciem
994 1341 1078 1374 pro-

351 1371 498 1406 cessisse
524 1374 604 1416 177,
620 1384 663 1409 15.
690 1395 735 1399 -
761 1386 930 1420 suprema
954 1388 1077 1412 neces·
1129 1404 1164 1414 ..
1184 1405 1192 1413 .

352 1418 456 1453 sitate
494 1420 701 1465 compulsus
741 1424 820 1466 180,
838 1434 883 1459 20.
918 1444 964 1449 -
998 1423 1078 1469 Qua

350 1465 565 1501 necessitate
578 1469 784 1512 compulsus
800 1472 878 1514 198,
893 1482 938 1507 20.
954 1492 996 1496 —
1016 1483 1076 1506 ex-

350 1515 468 1547 trema
484 1515 697 1550 necessitate
716 1517 923 1562 compulsus
939 1520 1020 1560 289,
1031 1531 1076 1555 20.

349 1562 430 1605 299,
445 1571 472 1596 5.

397 1607 481 1642 Non
516 1608 642 1644 eadem
679 1639 686 1646 .
715 1636 723 1645 .
751 1639 758 1646 .
794 1613 944 1646 caeteris
973 1613 1077 1659 regni

348 1654 573 1700 principibus
603 1659 640 1691 et
664 1657 767 1692 nobis
792 1659 970 1696 incumbit
995 1673 1075 1696 ne-

349 1703 555 1737 cessitas
580 1704 790 1740 rebellionis
817 1709 954 1751 154,15.
980 1729 1022 1733 -
1047 1709 1077 1743 si

349 1761 391 1784 ea
397 1751 590 1785 necessitas
601 1751 787 1788 incumbat
796 1757 874 1798 163,
884 1765 928 1790 25.
943 1758 1074 1799 191,15.

351 1817 392 1822 -—
419 1808 502 1832 cum
537 1799 571 1833 ei
604 1799 822 1836 inevitabilis
846 1801 1076 1838 incumberet

348 1845 540 1879 necessitas
576 1848 699 1891 286,1.
737 1868 779 1874 ——
814 1848 958 1894 Quanta
995 1879 1002 1886 .
1031 1877 1038 1885 .
1067 1879 1073 1887 .

346 1891 477 1926 harum
511 1904 635 1928 rerum
667 1894 735 1929 tibi
768 1907 865 1931 nunc
896 1897 1075 1933 incumbit

346 1939 539 1974 necessitas
564 1943 704 1985 315‚‚15.

394 1986 462 2020 nisi
478 1987 696 2022 inevitabilis
721 1991 995 2026 necessitas
1020 1992 1074 2026 in-

346 2032 492 2068 cidisset
516 2036 598 2077 224,
612 2046 657 2071 25.
684 2056 730 2060 ——
755 2037 823 2070 nisi
853 2037 947 2073 forte
972 2039 1072 2074 inex-

345 2079 523 2124 plicabilis
538 2082 732 2116 necessitas
748 2083 932 2119 incidisset
949 2088 1030 2129 271,
1044 2097 1072 2123 5.

393 2127 496 2162 fratri
521 2139 585 2162 suo
610 2128 771 2164 nefariae
794 2133 1072 2168 concertationis

345 2175 697 2211 necessitatem
723 2178 857 2212 exemit
881 2181 962 2223 327,
978 2191 1022 2215 25.

393 2221 422 2255 si
472 2233 514 2257 ea
562 2224 835 2260 necessitas
891 2225 1072 2261 adimatur

346 2270 425 2313 177,
439 2280 483 2305 20.
513 2290 554 2294 —
581 2274 657 2305 tam
683 2271 751 2306 sibi
773 2283 881 2316 quam
906 2273 1072 2318 pontifici

381 2341 389 2350 .
417 2345 424 2352 .
458 2318 712 2353 necessitatem
741 2319 904 2354 adimant
931 2323 1010 2366 199,
1025 2333 1069 2358 30.

346 2384 388 2387 --
424 2364 521 2408 quod
555 2365 726 2411 adempta
760 2366 828 2401 sibi
857 2366 984 2403 fuisset
1008 2380 1069 2403 ne-

342 2410 488 2445 cessitas
513 2414 593 2456 238,
609 2424 652 2449 10.

347 2465 349 2467 ’
389 2457 698 2504 Archiepiscopus
734 2460 843 2507 digne
873 2462 1069 2507 penitenti-

341 2503 409 2538 bus
434 2516 472 2539 se
496 2506 639 2541 veniam
673 2518 747 2542 non
782 2512 1068 2554 negaturum

341 2552 529 2596 respondit
557 2556 635 2598 191,
650 2566 694 2591 30.
716 2575 758 2580 --
776 2567 841 2590 rex
867 2556 917 2591 ait
941 2568 979 2592 se
1002 2568 1069 2592 nec

342 2598 393 2633 eis
417 2611 486 2634 nec
504 2600 672 2645 cuiquam
696 2602 830 2637 iustam
854 2604 1067 2639 satisfactio-

341 2657 426 2680 nem
460 2647 505 2681 de
539 2648 646 2692 culpa
678 2651 899 2694 proponenti
923 2651 1066 2686 veniam

340 2696 558 2738 negaturum
583 2697 665 2740 229,
677 2707 723 2732 30.
750 2717 792 2722 --
818 2696 889 2732 Ille
914 2698 980 2742 his,
1005 2699 1066 2743 qui

340 2741 518 2775 veraciter
541 2745 732 2786 peccatum
765 2755 870 2778 suum
895 2756 1065 2790 agnosce-

340 2789 421 2821 rent
457 2813 464 2822 .
492 2816 499 2824 .
527 2814 535 2822 .
570 2800 644 2823 non
679 2801 755 2825 esse
781 2791 901 2826 aiebat
926 2793 1064 2827 miseri-

340 2833 500 2868 cordiam
526 2835 778 2881 denegandam
803 2840 884 2883 289,
899 2851 943 2876 30.

1179 666 1268 703 Sall.
1295 667 1374 712 luy.
1395 670 1450 704 14.
1474 671 1581 714 pater
1606 699 1614 708 .
1641 700 1650 709 .
1678 697 1686 707 .
1711 673 1855 709 natu-

1130 725 1150 748 r
1160 725 1181 748 a
1191 725 1211 749 e
1236 719 1473 752 concesserat.

1177 1191 1210 1225 1.
1235 1190 1321 1234 Req.
1349 1193 1409 1236 13,
1436 1194 1492 1228 12.
1525 1196 1556 1227 et
1582 1192 1679 1230 Dan.
1706 1194 1768 1238 14,
1792 1195 1850 1231 29.

1128 1237 1433 1273 necessitate
1481 1239 1708 1286 compulsus3
1769 1241 1850 1278 Iud.

1130 1286 1186 1328 11,
1198 1286 1231 1320 7.
1249 1285 1465 1322 necessitate
1478 1286 1666 1333 compulsi.
1679 1308 1721 1314 —-
1732 1289 1850 1324 Amm.

1128 1332 1242 1366 Marc.
1269 1333 1353 1377 XV,
1381 1335 1414 1376 6,
1439 1336 1472 1369 2.
1499 1333 1537 1368 id
1562 1345 1647 1369 eum
1671 1335 1848 1382 cogitasse

1218 1380 1432 1415 necessitate
1457 1382 1705 1427 compulsum;
1735 1382 1846 1428 XXI,

1127 1427 1165 1470 5,
1196 1427 1229 1462 5.
1267 1438 1462 1472 rerumque
1498 1428 1713 1464 necessitate
1750 1441 1849 1465 com·

1126 1473 1262 1518 pulsus.
1291 1495 1333 1499 —
1366 1475 1467 1519 Sulp.
1493 1476 1566 1512 Sev.
1593 1476 1694 1513 Dial.
1729 1477 1787 1522 II,
1815 1479 1847 1515 1.

1126 1521 1339 1557 necessitate
1368 1523 1587 1568 compulsus.

1173 1615 1262 1651 Sall.
1290 1617 1365 1653 Cat.
1393 1619 1449 1653 58.
1483 1629 1558 1652 non
1592 1617 1720 1654 eadem
1743 1618 1848 1654 nobis

1126 1663 1164 1697 et
1199 1662 1269 1697 illis
1304 1665 1531 1700 necessitudo
1567 1665 1766 1711 impendet.
1803 1686 1846 1692 —

1127 1711 1159 1746 1.
1187 1711 1266 1747 Cor.
1294 1713 1326 1756 9,
1351 1714 1406 1748 16.
1444 1713 1716 1748 necessitas
1749 1713 1848 1748 enim

1124 1757 1214 1792 mihi
1238 1758 1427 1795 incumbit.

1175 2137 1214 2171 V.
1240 2136 1352 2172 Mart.
1378 2139 1412 2173 4.
1437 2148 1582 2183 pugnae
1608 2137 1743 2174 exemit
1765 2147 1844 2173 ne-

1121 2183 1415 2220 cessitatem.
