2014 3184
391 179 463 213 274
761 180 1030 217 LAMPERTI
1054 183 1307 221 ANNALES.
1357 186 1400 222 A.
1429 190 1532 225 1076.

276 299 377 354 1976-
392 299 547 340 XVII.
582 301 687 342 Kal.
721 302 994 346 Novembris
1026 306 1284 349 Triburiam
1327 311 1624 353 convenirent
1666 315 1713 355 et
1753 315 1891 357 variis

272 348 378 377 ‘'³⁶ffi‘)
392 358 613 409 cladibus,
658 362 823 414 quibus
867 379 948 418 per
988 365 1186 407 multosa
1232 367 1323 408 iam
1368 383 1511 411 annos
1553 385 1642 425 pax
1683 373 1890 416 ecclesia-

392 418 507 459 stica
548 419 837 471 turbabatur,
885 425 1074 466 tandem
1122 425 1370 480 aliquando
1416 429 1643 472 malorum
1686 429 1884 486 pertesib

392 477 530 518 finem
562 478 783 521 facerent.
848 481 951 524 Hoc
984 483 1188 535 Sueviae,
1230 486 1316 527 hoc
1350 487 1601 540 Baioariae,
1636 490 1723 533 hoc
1756 491 1890 535 Saxo-

389 536 505 586 niae,
546 537 632 578 hoc
665 538 1042 595 Lutheringiaess,
1086 543 1172 585 hoc
1206 545 1426 588 Franciae
1458 547 1738 592 Teutonicae
1770 551 1919 606 prin-⁵

390 595 568 648 cipibus
621 597 978 652 denunciarunt,
1033 603 1358 658 universosque
1415 606 1464 646 in
1515 621 1756 651 commune
1807 624 1890 665 per

389 653 539 695 Deum
593 655 958 710 obtestabantur,
1013 663 1067 701 ut
1118 663 1243 703 omni
1295 666 1588 708 excusatione
1634 666 1885 723 relegatad‚

389 715 557 754 cuncta
587 715 794 768 privatae
826 718 892 758 rei
918 719 1231 763 sollicitudine
1258 724 1536 776 posthabita,
1571 726 1690 768 hanc
1716 727 1888 783 singuli

387 773 732 814 communibus⁰
773 778 1023 819 commodis
1064 775 1165 821 velf
1202 783 1452 823 extremam
1494 797 1679 838 operam
1722 786 1886 841 depen-

388 831 563 872 derent.
618 831 719 883 Qua
741 837 1061 889 expectatione
1084 840 1315 893 suspensis
1347 842 1486 895 atque
1508 844 1720 886 attonitis
1745 846 1886 888 omni·
1901 862 1934 888 10

387 889 484 940 bus,
519 891 760 946 episcopus
783 893 1113 949 Mogontinusig
1143 900 1189 940 et
1221 899 1301 939 alii
1333 913 1470 953 quam
1503 901 1670 956 plures,
1705 905 1784 958 qui
1817 919 1884 947 ea-

384 950 520 990 tenus
554 952 707 1003 partes
739 953 859 1006 reg-is
882 955 1199 998 vehementius
1232 958 1497 1010 tuebantur,
1532 961 1589 1003 ab
1623 975 1676 1004 eo
1709 963 1884 1006 defece-

384 1010 495 1048 runt
528 1010 574 1050 et
597 1009 806 1051 adiuncti
839 1015 1114 1067 supradictis
1147 1017 1432 1072 principibus
1464 1020 1523 1060 ad
1548 1021 1884 1064 meliorandum

385 1067 516 1121 regni
549 1070 722 1109 statum
756 1071 1077 1115 ardentissimo
1119 1075 1215 1117 zelo
1248 1080 1528 1120 exarserunt.
1592 1080 1711 1123 Miro
1744 1082 1884 1124 etiam

384 1128 522 1179 atque
564 1127 803 1181 inopinato
851 1145 1002 1173 rerum
1050 1147 1274 1186 successu,
1317 1138 1370 1176 ut
1411 1138 1532 1191 quod
1573 1139 1885 1183 moliebantur
1899 1157 1932 1184 ιε

384 1185 525 1226 nullis
572 1186 663 1227 iam
710 1189 1025 1232 retardaretur
1070 1193 1424 1248 impedimentis
1474 1197 1668 1249 obsides,
1717 1199 1883 1254 quibus

384 1245 597 1286 nonnulli
631 1259 684 1286 ex
717 1248 1001 1303 principibus
1035 1253 1267 1306 superiore
1294 1268 1414 1296 anno
1438 1255 1575 1297 fidem
1607 1271 1736 1299 suam
1758 1259 1882 1313 apud

382 1317 537 1358 regem
579 1304 910 1358 obligaverant,
954 1314 1143 1363 repente
1185 1313 1256 1353 his
1298 1314 1376 1366 qui
1409 1327 1484 1355 eos
1517 1315 1741 1358 dederant
1773 1319 1882 1359 sunt

383 1363 588 1403 restituti
604 1364 628 1403 1.
694 1363 822 1406 Duos
866 1368 994 1408 ducis
1027 1368 1212 1411 Ottonis
1245 1371 1375 1422 filios,
1420 1373 1618 1415 alterum
1658 1388 1738 1418 rex
1767 1375 1879 1430 ipse,

382 1421 580 1462 alterum
628 1423 666 1462 is
717 1424 796 1476 qui
843 1439 869 1466 a
909 1439 1016 1482 rege
1064 1431 1338 1471 servandum
1382 1435 1646 1487 susceperat
1661 1434 1687 1486 ²,
1735 1435 1930 1478 insci020

380 1494 488 1534 rege
502 1481 529 1531 3,
567 1482 689 1535 patri
721 1496 804 1542 nec
837 1486 1048 1540 opinanti
1079 1489 1268 1530 remisit.

524 1541 668 1583 Filius
710 1540 905 1585 Utonish
948 1547 1254 1588 marehionis4
1296 1551 1342 1590 et
1383 1550 1505 1591 filius
1546 1550 1722 1594 Adelae
1737 1551 1764 1603 5,
1807 1553 1880 1595 de-

379 1599 568 1642 relictae
602 1602 722 1644 Dedi
754 1605 1045 1655 marchionis,
1079 1607 1214 1648 ambo
1246 1609 1432 1651 tenerae
1465 1610 1630 1651 aetatis
1663 1612 1711 1652 et
1741 1611 1879 1666 longe

380 1658 531 1700 adhuc
563 1660 687 1702 infra
718 1663 977 1716 pubertatis
1010 1679 1153 1707 annos
1186 1667 1380 1720 pueruli,
1416 1682 1520 1710 cum
1551 1668 1602 1709 in
1621 1669 1879 1713 munitione

381 1717 619 1760 cuiusdam
631 1718 910 1763 Eberhardii
932 1723 1131 1765 ministri
1148 1726 1268 1780 regis
1286 1727 1641 1779 custodirentur,
1659 1741 1878 1783 magnum
1891 1746 1926 1772 2⁵

379 1777 609 1829 quoddam
651 1782 698 1820 et
739 1779 1056 1834 posterorumk
1092 1785 1311 1826 memoria
1343 1786 1535 1840 dignum
1566 1786 1877 1830 nobilissimae

377 1835 546 1876 indolis
570 1837 898 1880 documentum
925 1841 1182 1883 ediderunt.
1232 1844 1437 1886 Iusserat
1468 1859 1547 1887 rex
1569 1846 1718 1887 eidem
1739 1846 1876 1889 Eber-

377 1890 546 1935 hardoi
573 1893 675 1937 velf
697 1900 885 1953 propter
906 1897 1050 1940 tanti¹
1076 1903 1256 1956 generis
1284 1903 1543 1945 claritatem
1564 1900 1666 1946 velf
1687 1907 1876 1960 propter

377 1953 543 1993 aetatis
584 1955 792 1998 infirmae
834 1959 1206 2012 compassionem,
1250 1963 1303 2002 ut
1350 1976 1426 2004 eos
1471 1963 1874 2018 indulgentissime

377 2011 577 2053 nutriret
610 2016 668 2063 et,
708 2029 765 2056 ne
798 2018 879 2056 aut
910 2017 1049 2058 inerti
1081 2019 1180 2061 ocio
1213 2022 1295 2061 aut
1326 2021 1446 2076 iugis
1479 2022 1714 2064 custodiae
1744 2023 1872 2065 tedio
1886 2036 1922 2062 ³0

375 2069 679 2121 tabescerent,
724 2074 936 2115 sineretm
969 2089 1044 2117 eos
1084 2077 1319 2119 interdum
1361 2094 1464 2121 cum
1506 2081 1746 2134 equalibus
1777 2082 1872 2123 suis

376 2126 594 2169 ludicrisn
632 2131 885 2183 puerilibus
919 2136 1131 2175 exerceri.
1195 2137 1297 2178 Hoc
1329 2138 1480 2192 ipsum
1511 2141 1738 2193 parentes,
1781 2154 1871 2182 cre-

377 2185 459 2226 bra
481 2189 748 2230 custodibus
775 2192 1049 2233 munuscula
1071 2194 1368 2246 destinantes,
1402 2197 1692 2251 flagitabant.
1739 2199 1871 2240 Fecit

375 2244 454 2286 ille
477 2247 531 2286 ut
557 2247 803 2300 petebatur
829 2252 876 2290 et
902 2251 1037 2291 modo
1063 2251 1187 2292 intra
1212 2254 1529 2306 munitionem,
1563 2257 1699 2298 modo
1726 2258 1867 2308 extra,

376 2303 597 2345 adhibitis
631 2308 910 2359 custodibus,
945 2312 1082 2362 prout
1114 2310 1299 2352 libitum
1329 2315 1439 2363 erat,
1473 2314 1632 2356 ludere
1664 2315 1916 2368 pacieba-afi

375 2363 464 2412 tur,
507 2363 625 2404 nihil
658 2365 894 2407 sinistrum
925 2368 973 2407 in
1006 2370 1158 2410 aetate
1191 2370 1387 2424 simplici
1429 2374 1476 2413 et
1506 2373 1684 2414 fraudis
1715 2375 1870 2416 nescia

375 2453 404 2484 a)
425 2460 454 2483 q.
476 2455 636 2484 permultos
655 2456 707 2480 Al
727 2459 753 2481 et
772 2457 814 2481 ed.
830 2458 919 2488 prior
936 2465 1100 2489 perperam.
1192 2459 1223 2492 b)
1242 2463 1328 2492 parte
1347 2461 1372 2486 si
1390 2461 1470 2488 Blb.
1563 2465 1590 2495 c)
1608 2463 1767 2496 luteringia
1785 2464 1866 2491 1³11».

375 2486 406 2517 d)
426 2488 558 2520 relagata
577 2490 658 2516 Bib.
739 2493 767 2523 e)
786 2493 947 2518 communis
966 2493 1029 2519 B2.
1091 2495 1114 2525 f)
1134 2498 1163 2520 et
1181 2495 1260 2521 Bia.
1316 2496 1347 2529 g)
1366 2497 1557 2530 Moguntinus
1576 2499 1655 2524 131².
1712 2498 1743 2532 h)
1761 2499 1867 2526 Utonis

375 2525 402 2548 A
413 2524 443 2556 l;
465 2531 538 2549 vero
552 2524 639 2551 Conis
656 2526 704 2559 (em
717 2518 827 2560 fitonis)
838 2528 865 2552 B
875 2529 918 2553 1²2.
992 2528 1014 2562 i)
1027 2529 1194 2555 Everhard.
1209 2531 1270 2557 Β1.
1281 2532 1307 2563 2,
1325 2533 1374 2556 sed
1387 2533 1470 2563 infra
1484 2541 1517 2565 p.
1529 2534 1591 2566 276,
1611 2534 1631 2560 l.
1647 2535 1691 2560 10.
1711 2535 1755 2562 22.
1773 2542 1869 2561 omnes

375 2557 543 2584 Eberhard.
617 2561 648 2592 k)
667 2563 863 2593 posteriorum
883 2565 909 2589 A
920 2564 946 2589 1.
959 2565 1000 2590 1².
1064 2565 1085 2596 1)
1105 2568 1166 2590 tam
1184 2565 1265 2591 Blb.
1322 2566 1362 2600 m)
1380 2568 1494 2594 sineret
1510 2569 1573 2595 B2.
1629 2571 1660 2601 n)
1679 2568 1784 2596 Iudicis
1802 2570 1866 2597 ΒΞ.
1878 2577 1915 2603 40

378 2627 412 2670 1)
436 2628 570 2663 Multos
594 2631 728 2665 obsides
751 2635 830 2675 reqi
854 2635 959 2667 etiam
984 2638 1066 2668 tunc
1089 2638 1301 2670 remansisse
1324 2638 1430 2672 elucet
1454 2650 1498 2672 ex
1522 2650 1559 2673 eo
1587 2641 1680 2683 quod
1702 2642 1743 2674 in
1762 2645 1868 2684 pacto

382 2675 673 2718 Oppenheimensi
695 2683 867 2712 statutum
892 2685 950 2724 est,
986 2686 1027 2714 ut
1050 2682 1254 2717 Saxonibus
1278 2683 1412 2718 obsides
1442 2687 1685 2730 redderentur,
1717 2692 1758 2720 ut
1780 2688 1867 2722 Ber-

379 2721 488 2756 thold.
526 2722 638 2767 (Arm.
673 2725 710 2760 S.
737 2727 876 2768 Blasiz)
900 2739 940 2770 p.
966 2729 1046 2764 286.
1081 2730 1205 2764 tradit.
1325 2732 1362 2775 2)
1387 2733 1443 2774 Cf.
1476 2744 1591 2776 supra
1616 2746 1652 2777 p.
1671 2735 1752 2777 251,
1778 2745 1814 2770 n.
1831 2737 1866 2770 2.

373 2768 409 2809 3)
432 2768 549 2802 [nscio
568 2773 691 2813 potius
715 2773 918 2817 Lamperto,
945 2779 984 2807 ut
1008 2786 1100 2818 reor,
1128 2777 1216 2819 quid
1238 2788 1304 2811 rex
1328 2780 1496 2820 iusserit,·
1521 2782 1565 2822 cf.
1591 2792 1705 2824 supra
1723 2792 1764 2824 p.
1782 2783 1863 2817 261.

372 2815 409 2854 4)
437 2816 494 2855 Cf.
519 2827 632 2860 supra
654 2830 690 2862 p.
711 2821 791 2863 225,
819 2831 854 2856 n.
875 2823 905 2856 1.
1003 2822 1040 2866 5)
1065 2823 1120 2864 Of.
1146 2835 1260 2867 supra
1281 2837 1318 2868 p.
1337 2827 1417 2869 232,
1443 2838 1479 2862 n.
1498 2829 1529 2862 6.
1874 2838 1910 2864 45
