1968 3164
0 3107 1 3110 Α
0 3084 6 3094 ’“
0 3048 11 3075 θ’·
0 2537 14 3037 ’ὌΤῙΨἯἮΡΝΨΜν-Ψω-
0 2503 6 2519 ³-
0 2464 8 2487 v<
0 2427 3 2430 ’
0 2387 5 2390 ·
3 2372 6 2373 ,
3 2323 6 2326 ι
0 2244 2 2247 <
0 2195 4 2198 v

728 231 1032 270 PRAEFATIO
1059 231 1099 269 O.
1113 231 1161 268 V.
1607 229 1700 265 LXI

344 360 401 414 V)
444 357 566 401 Vitae
606 356 811 400 Annonis
857 359 1005 399 auctor
1047 352 1381 408 Siqeberqensis,
1430 352 1503 406 qui
1551 352 1700 406 lonqas

182 419 427 476 particulas
457 432 496 460 a.
525 421 653 459 1074.
687 421 726 460 et
761 419 887 458 1075.
921 416 980 458 ad
1008 415 1180 457 verbum
1220 413 1311 466 fere
1353 411 1576 465 descripsit
1607 412 1632 453 l.
1658 411 1698 464 Ι,

192 495 226 524 c.
250 483 381 523 2—5.
404 481 596 520 22—24.
620 481 690 520 28.
724 476 795 530 II,
820 478 1010 518 20—22.
1035 477 1104 527 25,
1139 473 1221 516 SS.
1242 472 1331 526 XI,
1347 487 1395 526 p.
1419 471 1700 514 468—4971.

337 539 390 594 S)
422 536 661 581 Annalista
694 536 823 590 Saxo,
865 534 939 588 qui
979 548 1072 578 cum
1103 547 1250 588 pauca
1290 535 1455 574 tantum
1493 544 1544 573 eac
1575 531 1701 572 Lam-

162 598 301 655 operti
330 597 581 642 Annalibus
620 599 788 650 sumpta
820 594 1027 650 praebeat
1057 608 1098 635 a.
1126 596 1316 634 1044—
1336 595 1462 645 1076,
1508 590 1587 633 SS.
1623 590 1700 643 VI,

185 674 234 715 p.
258 661 525 710 686—707,
567 655 745 709 facilius
785 653 1037 698 crediderim
1076 667 1171 695 eum
1211 652 1314 695 haec
1354 665 1405 694 eac
1445 649 1532 693 alio
1573 649 1701 702 fonte,

195 718 269 774 qui
298 716 493 773 perierit,
535 715 785 759 Annalibus
823 713 1014 757 videlicet
1055 711 1464 766 Nienburyensibus,
1506 714 1554 752 ut
1594 708 1704 752 coni-

196 778 391 822 ciendum
411 781 482 830 est,
509 774 762 830 excerpsisse
783 788 911 828 quam
931 773 1072 828 ipsum
1092 771 1314 826 Lamperti
1337 770 1492 813 librum
1514 768 1661 823 leqisse
1675 770 1702 809 2.

340 837 409 892 H)
452 835 671 879 Henricus
712 835 761 877 de
802 832 1067 886 Hervordia,
1120 831 1194 885 qui
1233 831 1282 873 in
1322 829 1450 873 Libri
1491 830 1541 872 de
1581 829 1706 871 rebus

151 914 185 939 10
196 895 606 940 memorabilioribus
637 909 727 948 cap.
747 897 817 937 85.
842 897 911 946 86,
945 907 986 934 a.
1009 894 1303 934 1040-——1070
1339 887 1514 943 (Lamp.
1533 903 1574 930 a.
1592 891 1703 930 1041

197 957 412 1011 —1073),
445 957 508 998 ed.
541 955 655 1008 Auy.
678 953 873 996 Potthast
906 950 1159 1006 (Gottinqae
1195 951 1346 1005 1859),
1380 964 1428 1003 p.
1456 951 1705 991 104—118.

199 1031 287 1060 non
326 1015 494 1072 quidem
533 1014 667 1057 multa
707 1027 758 1056 ex
797 1012 887 1055 illis
926 1010 1143 1065 excerpsit.
1222 1010 1355 1052 Hunc
1402 1009 1537 1052 locum
1583 1006 1708 1059 infra

191 1092 238 1131 p.
264 1079 318 1118 67
342 1089 402 1129 sq.
435 1074 656 1128 repetitum
687 1074 737 1116 de
758 1072 967 1115 Brunone
998 1075 1122 1124 atque
1144 1069 1336 1112 Eilberto
1368 1067 1572 1122 episcopis
1588 1066 1707 1109 Min-

199 1134 410 1188 densibus,
443 1148 564 1188 quem
594 1134 670 1176 sub
703 1147 743 1175 a.
766 1135 894 1174 1053.
918 1131 1107 1185 praebet,
1141 1144 1192 1172 ex
1212 1143 1288 1172 suo
1311 1128 1448 1172 codice
1464 1126 1709 1170 Annalium

154 1193 422 1250 15Lamperti
461 1192 688 1247 sumpsisse
727 1191 834 1234 mihi
866 1204 1124 1245 persuasum
1165 1189 1314 1242 habeo,
1357 1187 1444 1230 sive
1485 1200 1580 1230 eum
1620 1185 1710 1239 ipse

201 1255 469 1309 Lampertus,
501 1252 589 1296 sive
619 1251 795 1306 quidam
811 1249 1060 1293 Mindensis
1090 1262 1280 1292 sermone
1297 1246 1576 1300 Lampertino
1607 1259 1711 1288 usus

193 1318 343 1369 postea
374 1312 590 1356 addiderit
601 1313 629 1354 3.

346 1373 556 1416 Locorum
597 1373 650 1414 ab
691 1370 759 1413 his
798 1369 1102 1424 exscriptorum
1141 1367 1313 1410 variam
1354 1366 1569 1410 lectionem
1609 1378 1710 1407 non-

203 1446 423 1487 nunquam
453 1430 668 1484 adnotavi,
702 1430 859 1474 omissa
889 1429 1056 1484 quidem
1087 1443 1149 1482 ea,
1183 1441 1311 1482 quam
1342 1427 1395 1469 ab
1426 1425 1534 1480 ipsis
1564 1424 1711 1467 immu-

156 1497 336 1537 sotatam
367 1505 454 1535 esse
483 1490 591 1534 mihi
622 1490 809 1545 patebat.
888 1488 1107 1532 Pauciora
1137 1487 1265 1530 etiam
1297 1484 1501 1529 adnotavi
1532 1498 1583 1527 ex
1615 1485 1712 1526 duo-

205 1554 281 1596 bus
319 1550 585 1606 sequentibus
625 1550 747 1593 libris
787 1553 1006 1592 auctorum
1045 1545 1491 1602 Erphesfurtensium,
1535 1558 1628 1587 cum
1667 1542 1713 1584 hi

206 1611 416 1656 codicibus
462 1625 513 1654 ex
554 1610 600 1653 B
645 1608 850 1653 derivatis
894 1608 964 1651 usi
1009 1607 1097 1650 sint
1141 1606 1314 1660 ideoque
1361 1604 1473 1647 nihil
1518 1604 1609 1656 fere
1657 1603 1716 1644 ad

206 1675 362 1715 textum
392 1670 695 1714 restituendum
726 1667 970 1711 attulerint:

351 1731 419 1786 N)
453 1729 628 1773 Nicolai
660 1730 710 1772 de
743 1727 896 1782 Sieqen
934 1726 1145 1770 Chronico
1176 1723 1453 1768 ecclesiastico
1486 1724 1549 1766 ed.
1573 1722 1628 1764 F.
1654 1721 1711 1763 X.
1784 1772 1787 1773 ⁷

161 1808 196 1834 25
216 1790 382 1845 Weyele
416 1787 555 1841 (Jena
591 1790 741 1843 1855).
807 1788 892 1830 Sed
930 1786 1065 1829 editor
1105 1785 1333 1827 nonnullos
1365 1784 1474 1826 locos
1506 1795 1556 1824 ex
1588 1781 1714 1823 Lam-

201 1849 317 1905 perti
346 1848 596 1891 Annalibus
636 1851 821 1900 sumptos
861 1845 1014 1888 omisit.
1078 1845 1146 1887 De
1188 1843 1325 1886 codice
1366 1857 1394 1884 a
1427 1841 1609 1885 Nicolao
1650 1853 1715 1882 esc-

209 1909 364 1963 scripto
395 1908 490 1951 vide
522 1906 596 1950 ίΝ.
619 1906 795 1950 Archiv’
830 1906 970 1958 XIX,
995 1919 1043 1958 p.
1070 1908 1168 1946 158.

364 1968 489 2022 Var.)
523 1965 835 2020 Erphurdiano
866 1964 1186 2018 Antiquitatum
1213 1962 1456 2015 Variloquo,
1490 1959 1715 2011 Mencken,

214 2028 294 2072 SS.
311 2027 367 2071 R.
391 2027 536 2071 Germ.
555 2027 624 2080 II,
648 2026 723 2070 col.
743 2028 994 2067 463—475.
1049 2023 1182 2067 Cuius
1209 2026 1356 2065 auctor
1377 2025 1452 2063 aut
1479 2019 1616 2063 codice
1637 2018 1682 2060 B
1694 2022 1714 2059 1

165 2091 287 2133 soant
326 2086 414 2130 alio
453 2087 636 2140 quodam
676 2099 727 2128 ex
757 2085 802 2128 B
814 2089 834 2127 1
870 2083 1058 2127 derivato
1088 2097 1192 2126 usus
1223 2086 1293 2135 est,
1337 2095 1430 2124 cum
1459 2083 1559 2134 post
1591 2079 1717 2120 Lam-

204 2146 321 2202 pe‘rti
370 2146 568 2189 Annales
619 2149 764 2189 auctos
814 2142 1117 2187 additamentis
1167 2139 1603 2196 Eiplzesfurtensibus
1654 2151 1718 2180 θεε-

215 2289 268 2323 bis
293 2288 399 2322 etiam
423 2288 463 2320 in
487 2286 604 2329 Β1α),
638 2284 879 2329 scandalisati,
905 2283 1109 2319 thezaurus.
1160 2283 1245 2318 Blb
1270 2293 1406 2326 semper
1431 2281 1533 2315 habet
1565 2291 1623 2325 gw
1650 2289 1722 2322 pro

214 2347 264 2382 gu
289 2337 330 2370 in
354 2335 413 2369 his
436 2333 573 2369 verbis:
607 2333 753 2379 lingwa,
786 2332 952 2378 sangwis,
987 2341 1148 2376 ungweS,
1182 2329 1353 2376 ingwine,
1380 2327 1607 2374 langwentis,
1643 2326 1720 2360 lan-

215 2382 380 2430 gwidiu8‚
407 2381 655 2426 distingwant‚
681 2379 979 2426 extingwendum
1005 2384 1077 2419 etc.‚
1101 2382 1142 2412 ut
1167 2388 1424 2422 nonnunquam
1450 2376 1590 2420 quidem
1615 2376 1721 2408 etiam

170 2432 323 2476 sepnor
347 2441 478 2464 manus
501 2431 541 2463 in
566 2429 628 2465 B2
660 2430 816 2473 scripsit,
851 2428 912 2461 sed
945 2427 1029 2461 haec
1061 2427 1207 2471 saepius
1237 2426 1339 2459 habet
1370 2425 1480 2470 ligua,
1519 2422 1721 2468 saguinem,

217 2477 498 2524 consaguinitas,
533 2475 839 2521 saguinolentum,
875 2474 1086 2519 distiguant.
1137 2474 1335 2517 Proprium
1361 2477 1409 2507 est
1435 2472 1571 2506 scribae
1595 2471 1724 2504 codicis

218 2526 313 2569 Blb,
338 2525 433 2570 quod
456 2535 593 2569 semper
617 2523 794 2566 eostodes,
820 2521 994 2566 costodia,
1021 2520 1202 2556 costodire
1229 2525 1259 2554 et
1277 2519 1427 2562 Cristus,
1455 2517 1628 2559 cristiani,
1655 2516 1723 2551 cri-

218 2573 393 2618 stianitas,
418 2573 482 2607 ubi
504 2573 588 2607 haec
611 2571 717 2606 verba
738 2582 809 2605 non
830 2581 900 2614 per
916 2570 1122 2614 compendia
1145 2569 1252 2614 Ξξῇιιε,
1279 2568 1403 2612 ’ΧΡὶειῃί
1422 2567 1607 2610 ‹ea-pressit,
1635 2565 1725 2597 scri-

213 2622 341 2666 pserit,
357 2621 550 2666 proprium
562 2621 706 2664 prioris
722 2619 859 2653 scribae
873 2618 1002 2652 codicis
1016 2618 1088 2661 BQ,
1107 2618 1200 2661 quod
1216 2627 1353 2659 semper
1367 2614 1595 2659 eppisoopus,
1613 2622 1724 2656 appo-

172 2678 208 2703 40
219 2667 378 2712 stelione,
403 2666 610 2712 eppistolas,
635 2665 812 2711 cappituli
835 2666 1032 2710 scripserit.
1137 2666 1172 2709 1)
1199 2665 1362 2698 Moneam
1387 2665 1520 2706 oportet
1546 2660 1725 2704 quondam

220 2716 454 2760 Lampertum
469 2719 633 2750 nostrum
659 2726 681 2748 a
697 2715 851 2758 quodam
872 2713 1134 2758 perspicaciore
1152 2714 1228 2746 viro
1244 2713 1350 2746 etiam
1368 2721 1447 2743 cum
1463 2712 1567 2753 poeta
1585 2709 1726 2741 nomine

221 2763 418 2808 Lampreht
442 2763 616 2797 carminis
640 2762 785 2806 vulyari
808 2762 934 2805 linqua
958 2761 1001 2794 (le
1025 2762 1175 2794 Annone
1198 2759 1389 2802 composito
1419 2757 1610 2799 confusum
1637 2765 1726 2794 esse,-

223 2810 442 2844 Holtzmaaem
463 2811 503 2844 in
524 2810 710 2853 ‘Pfeiffers
728 2809 940 2843 Germanice
959 2808 1010 2851 ΙΙ,
1030 2819 1068 2852 p.
1086 2809 1212 2843 1—48.
1240 2806 1309 2841 Sed
1325 2808 1459 2839 constat
1476 2804 1571 2837 hunc
1586 2807 1726 2848 poetam

222 2858 361 2892 saeculo
377 2857 469 2894 XII.
493 2859 636 2893 vixisse.
686 2857 742 2900 Cf.
765 2856 1003 2898 Wattenbach,
1031 2855 1170 2898 ‘DGQJ
1196 2855 1248 2890 ed.
1267 2857 1301 2890 5.
1328 2853 1381 2896 II,
1404 2863 1443 2896 p.
1462 2854 1519 2888 99.
1605 2852 1643 2893 2)
1668 2849 1725 2890 Cf.

175 2906 282 2942 45‘N.
306 2904 455 2939 Archiv’
486 2904 594 2948 XIX,
616 2916 655 2949 p.
683 2907 752 2940 163
768 2916 818 2948 sq.
917 2906 954 2947 3)
978 2903 1037 2945 Cf.
1065 2903 1149 2939 ibid.
1170 2914 1210 2946 p.
1231 2903 1299 2938 164
1317 2912 1390 2944 sqq.
