1942 3198
630 199 928 237 PRAEFATIO
953 199 993 235 G.
1019 199 1087 236 IV.
1520 199 1613 235 XLI

101 323 236 378 sisset,
269 325 329 367 ad
357 337 500 367 veram
532 323 658 366 telam
689 336 812 365 suam
843 323 1066 365 texendam
1097 321 1357 375 ayyreditur.
1428 323 1498 364 Ab
1535 323 1612 366 hoc

101 387 307 427 momento
351 382 400 426 in
445 382 706 426 uberrimam
753 386 791 425 et
835 380 1174 424 verbosissimam
1228 381 1523 424 narrationem
1568 396 1613 424 se

101 442 295 496 effundit.

244 501 403 546 Evenit
442 503 555 556 quod
601 501 767 544 evenire
807 501 920 544 solet.
999 500 1238 554 Eleqanti'a
1286 504 1408 554 atque
1456 505 1612 543 ornatu

71 561 328 616 uorationis,
376 562 564 604 ubertate
610 560 897 614 narrationis,
951 559 1259 603 invectionibus
1304 559 1613 602 vehementibus

101 620 324 676 Lamperti
363 620 412 664 in
451 622 656 675 quosdam
695 621 831 663 malos
867 619 1058 662 homines
1089 624 1127 662 et
1156 619 1204 662 in
1236 620 1371 662 malos
1408 621 1612 673 quosdam

102 694 238 724 mores
285 679 406 724 illius
454 680 607 723 aetatis
653 679 811 734 decepti
850 679 937 722 viri
977 679 1135 722 eruditi
1167 694 1250 734 per
1289 680 1460 722 saecula
1500 680 1613 722 hunc

101 739 242 784 virum
287 739 665 795 sapientissimum,
713 738 1050 792 veracissimum,
1099 739 1418 792 aequissimam,
1468 753 1612 782 rerum

98 803 314 854 gestarum
345 798 495 854 optime
523 813 710 854 ynarum
746 799 1055 852 iudicaverunt,
1097 799 1224 842 etiam
1263 802 1406 841 nostro
1446 798 1613 841 saeculo

56 875 90 900 ιο
101 858 188 902 viri
207 859 318 902 antis
339 858 511 902 criticae
533 859 730 902 callentes
750 863 797 901 ut
823 858 876 902 G.
895 863 952 901 A.
971 859 1032 900 H.
1054 859 1220 901 Stenzel
1235 859 1261 912 1,
1286 859 1339 900 L.
1358 859 1414 900 F.
1433 859 1570 900 Hesse
1583 859 1609 911 ²,

108 918 162 962 G.
188 918 362 973 Waitz³
383 918 474 962 eius
495 919 642 961 laudes
664 918 1038 972 praedicaverunt.
1093 918 1269 960 Primus
1290 918 1351 960 H.
1370 919 1497 960 Floto
1510 918 1527 942 ⁴
1558 919 1612 959 ab

101 978 253 1021 horum
275 977 436 1021 iudicio
462 991 643 1021 consono
669 977 871 1031 discessit,
896 982 984 1020 tum
1007 977 1147 1020 (locuit
1168 978 1406 1031 Leopoldus
1429 977 1614 1019 Ranlce5

103 1038 380 1092 Lampertum
419 1051 495 1080 nec
535 1041 623 1080 tam
657 1051 843 1092 ynarum
884 1051 1028 1080 rerum
1059 1038 1112 1079 ab
1144 1051 1189 1079 eo
1221 1041 1506 1079 narratarum
1537 1051 1613 1079 nec

47 1116 50 1117 ⁷
101 1101 189 1140 tam
220 1109 400 1151 aequum
429 1097 679 1151 iustumque,
711 1101 759 1140 ut
789 1111 966 1150 eousque
998 1095 1202 1139 creditum
1224 1101 1339 1150 esset,
1372 1098 1447 1139 sed
1469 1110 1612 1138 mona-

55 1172 89 1198 ιε
102 1157 224 1200 chum
255 1156 428 1210 anyusti
459 1155 611 1199 iudicii
631 1156 778 1210 fuisse,
813 1170 860 1198 eo
881 1155 1057 1199 consilio
1078 1156 1154 1199 hoc
1176 1170 1279 1210 opus
1301 1155 1610 1210 conscripsisse,

101 1219 148 1259 ut
178 1217 410 1259 ostenderet
439 1215 534 1259 iure
563 1215 805 1270 meritoque,
839 1215 1049 1258 Heinrico
1070 1229 1165 1270 reye
1186 1217 1420 1270 reprobato,
1455 1215 1611 1258 Rudol-

101 1275 195 1328 sum
235 1289 374 1330 reyem
413 1275 584 1319 electum
624 1289 724 1318 6336.
794 1276 931 1330 Quam
968 1274 1219 1318 sententiam
1251 1275 1292 1317 I.
1315 1275 1373 1317 A.
1397 1275 1583 1327 Lefarth
1596 1274 1613 1299 ⁶

100 1334 294 1388 refellere
323 1334 462 1378 noluit
492 1349 567 1378 nec
598 1334 752 1389 potuit,
795 1336 870 1378 3θά
898 1334 1045 1377 mitius
1077 1336 1127 1377 de
1158 1335 1387 1388 Lamperto
1419 1334 1611 1377 iudican-

101 1395 202 1437 dum
232 1407 319 1437 esse
350 1394 522 1448 censuit,
556 1408 650 1438 cum
679 1394 839 1437 videret
868 1394 1003 1437 multa
1034 1394 1082 1437 in
1113 1394 1362 1436 Annalibus
1393 1394 1484 1437 eius
1515 1393 1609 1447 leyi,

54 1467 209 1508 mquae
239 1455 450 1498 credenda
480 1458 616 1497 essent
646 1458 684 1496 et
715 1453 830 1497 credi
861 1455 1067 1496 deberent.
1140 1454 1237 1497 Hoc
1267 1453 1436 1507 quidem
1465 1467 1611 1496 verum

102 1517 164 1556 est
192 1527 269 1556 nec
298 1513 451 1568 neyari
472 1517 622 1568 potest,
655 1515 730 1557 3θά
757 1513 830 1556 ille
861 1513 1043 1568 neyleoeit
1065 1513 1263 1567 plurima
1293 1527 1356 1567 ea,
1390 1527 1498 1566 quae
1529 1513 1610 1565 fal-

102 1571 268 1616 sissime
312 1573 569 1628 Lampertus
614 1572 832 1627 narravit,
880 1587 988 1627 quae
1035 1577 1289 1616 commentus
1335 1577 1405 1615 est.
1478 1573 1612 1615 Hanc

101 1631 302 1676 lacunam
338 1632 399 1675 H
427 1632 645 1676 Delbru'elc
684 1633 872 1687 explevit,
915 1632 989 1686 qui
1028 1632 1198 1686 eyreyia
1238 1632 1582 1675 commentatione
1598 1633 1611 1656 ⁷

101 1691 281 1746 triyinta
325 1696 508 1746 quatuor
554 1691 655 1735 locis
701 1692 944 1735 Annalium
1000 1691 1258 1734 examinatis
1313 1691 1610 1745 castiyatisque

54 1767 89 1793 25
101 1749 283 1794 ostendit
325 1751 602 1805 Lampertum
651 1751 746 1794 odio
792 1751 906 1805 reyis
945 1755 1102 1794 motum
1133 1750 1330 1804 plurima
1370 1750 1522 1794 callide
1562 1750 1609 1792 in

101 1809 314 1853 invidiam
351 1810 466 1864 reyis
503 1810 802 1864 fautorumque
842 1810 933 1853 eius
972 1810 1190 1853 veritatem
1227 1812 1487 1853 excedentem
1519 1824 1610 1853 con-

101 1868 286 1923 vertisse,
319 1868 447 1912 etiam
477 1869 584 1922 falsi
614 1869 698 1913 sibi
729 1869 942 1913 conscium
973 1883 1067 1912 eum
1098 1870 1232 1912 multa
1259 1869 1502 1912 ementitum
1524 1884 1610 1912 esse

102 1927 259 1983 aryuit.

256 1987 354 2031 Vim
383 1987 511 2031 huius
541 1988 754 2032 escaminis
784 1989 858 2043 qui
880 1993 1030 2043 postea
1061 1989 1172 2032 hanc
1203 2003 1292 2031 rem
1323 1992 1612 2032 tractaverunt

56 2065 92 2091 ³0
102 2046 331 2101 reprimere
370 2061 458 2091 non
487 2051 738 2102 potuerunt,
788 2052 1079 2092 concesserunt
1126 2047 1293 2102 quidem
1335 2049 1611 2102 Lampertum

96 2107 312 2160 permulta
351 2106 584 2160 falsissime
623 2122 840 2162 narrasse,
880 2107 929 2151 in
961 2108 1103 2150 odium
1135 2107 1248 2162 reglis
1279 2112 1427 2150 contra
1467 2122 1613 2150 verum

105 2165 366 2220 convertisse,
407 2166 535 2210 immo
566 2167 702 2221 plura
741 2167 869 2210 etiam
909 2182 1036 2221 quam
1073 2167 1291 2211 Delbru'ck
1332 2167 1614 2222 castiyaverat

95 2239 325 2279 perperam
363 2226 502 2269 relata
541 2228 824 2281 ostenderunt,
866 2229 941 2270 sed
970 2227 1245 2282 Lampertum
1287 2227 1499 2270 conscium
1530 2226 1612 2268 sibi

104 2283 279 2336 fraudis
317 2284 539 2328 mentitum
579 2300 666 2329 esse
706 2291 978 2341 negaverunt.
1057 2287 1189 2330 Hanc
1228 2287 1320 2340 fere
1360 2286 1611 2330 sententiam

59 2445 93 2472 35
107 2436 142 2480 l)
167 2435 305 2472 (Θεανώ.
330 2436 593 2471 Deutschlands
617 2441 722 2472 ηκτοι·
745 2438 812 2472 den
837 2439 1088 2472 Frank-iselam
1114 2438 1292 2473 Kai'sern’
1318 2439 1370 2483 II,
1393 2450 1433 2482 p.
1454 2441 1519 2475 101
1539 2450 1610 2483 sqq.

105 2484 143 2528 2)
169 2483 234 2520 SS.
259 2484 298 2527 V,
319 2495 360 2528 p.
380 2485 580 2521 143—147.
678 2486 715 2530 3)
740 2486 964 2528 ‘Zeitsrhrift
997 2487 1025 2529 f.
1054 2486 1507 2528 Geschichtswissensohaft
1531 2487 1612 2519 het·-

106 2541 208 2575 ausy.
233 2541 298 2566 von
331 2531 401 2567 Ad.
428 2532 606 2567 Schmidt'
633 2533 685 2576 II,
707 2543 747 2577 p.
768 2535 847 2569 105.
953 2535 991 2577 4)
1017 2534 1163 2568 ‘Kaisar
1188 2534 1364 2568 Heinrich
1398 2535 1462 2567 der
1498 2534 1613 2567 Vterte

106 2588 142 2611 u.
167 2578 244 2612 sein
267 2579 453 2613 Zeitalter’
478 2579 509 2615 Ι.
537 2580 589 2616 II.
614 2580 797 2624 Stuttqart
831 2592 865 2614 u.
892 2581 1084 2625 Hambury
1112 2583 1214 2618 1855.
1245 2583 1349 2624 1856,
1382 2583 1448 2625 qui
1470 2582 1612 2624 quidem

108 2625 282 2659 iudicium
311 2637 417 2661 suum
448 2637 521 2661 non
551 2628 811 2672 comprehendit
842 2628 906 2670 (of.
934 2628 985 2672 II,
1007 2640 1046 2672 p.
1067 2632 1139 2672 11⁷),
1176 2629 1235 2663 sed
1267 2630 1395 2662 mcdtos
1431 2630 1522 2662 locos
1553 2629 1611 2662 de-

59 2682 95 2707 40
105 2673 271 2708 strinxit.
387 2675 424 2717 5)
456 2675 550 2708 ‘Zur
584 2675 715 2709 Kritik
748 2675 1162 2718 frankisch-deatscher
1196 2676 1538 2710 Reichsmmalisten'
1574 2677 1613 2710 in

109 2719 299 2755 ‘Abhandt
324 2720 360 2757 d.
377 2721 497 2758 Akad.
515 2722 550 2758 d.
573 2722 678 2759 Wies.
695 2733 742 2756 zu
760 2723 896 2757 Berlin.
935 2724 1131 2759 Phil-hist.
1152 2724 1216 2759 CI!
1245 2725 1337 2760 1855
1366 2741 1407 2752 =
1437 2724 1611 2758 ‘Samma

116 2766 254 2801 Werke’
277 2767 342 2803 LI.
360 2768 446 2811 LII,
468 2780 508 2813 p.
524 2771 723 2806 125—149.
798 2772 834 2815 6)
863 2771 1043 2804 ‘Lambert
1067 2782 1132 2805 von
1150 2771 1332 2813 Hersfeld.
1372 2771 1447 2805 Ein
1461 2771 1612 2813 Beitraq

107 2824 154 2847 zu
187 2815 303 2848 seiner
328 2814 472 2853 Critik’.
522 2817 619 2853 Dies.
649 2818 806 2861 Gottiny.
856 2818 1078 2860 Dz'lsselclorf
1100 2821 1203 2855 1871.
1329 2820 1364 2862 7)
1398 2819 1523 2853 ‘Ueber
1556 2819 1613 2851 die

111 2861 444 2906 Glaubwardiqkest
468 2863 655 2899 Lamberts
679 2875 744 2899 von
771 2865 966 2908 Hersfeld'.
1019 2867 1123 2900 Bonn
1151 2868 1253 2902 1873.
