1968 3164
333 252 401 286 108
698 252 967 289 LAMPERTI
992 255 1245 294 ANNALES.
1296 258 1342 295 A.
1372 261 1473 297 1069.

213 376 315 411 1069.
331 373 596 426 predatores
629 374 802 417 inultos
835 391 927 418 non
960 378 1213 430 sinerent1;
1253 381 1401 423 sacius
1434 383 1548 424 sibia
1587 398 1683 427 esse
1715 385 1832 428 mori

330 432 378 472 in
411 432 532 474 bello
566 447 702 487 quam
724 436 901 477 amissis
923 440 1107 492 patrum
1139 436 1408 494 legittimisb
1437 443 1643 496 periuros
1664 444 1829 488 vivere.

329 491 426 533 Rex
468 492 526 533 ad
568 493 681 535 haec
724 494 921 550 benigne
963 498 1200 552 respondit
1242 500 1554 555 auxiliumque
1594 516 1748 554 suum,
1791 505 1830 546 si

329 550 378 591 in
411 551 500 593 fide
533 557 867 606 permanerent,
903 556 1179 599 certissimos
1212 572 1395 613 sperare
1426 560 1574 602 iussit.
1633 562 1827 615 Dehinc,

225 625 316 657 (Iul.)
329 610 409 651 ubi
441 624 511 652 res
544 614 725 653 matura
757 613 853 654 visa
885 617 975 666 est,
1014 616 1185 658 infesto
1219 619 1400 672 agmine
1432 619 1734 676 Thuringiam
1765 622 1861 664 in-⁵

328 669 482 710 travit.
546 670 650 712 Duo
683 671 747 713 ibi
781 674 988 724 castella,
1033 676 1199 729 quibus
1231 678 1436 720 marchio
1469 680 1719 733 presidium
1749 681 1828 724 im-

327 732 554 782 posuerat,
590 730 925 786 Bichelingun⁰
966 736 1011 775 et
1045 733 1339 790 Scidingenss,
1374 737 1572 780 alterum
1603 754 1685 795 per
1706 741 1828 783 dedi-

326 787 521 838 tionem,
572 789 769 831 alterum
817 806 956 832 manu
1004 798 1318 848 expugnatum
1362 798 1550 851 recepit.
1623 798 1827 842 Caeteris

325 846 458 888 11100θ
499 848 811 891 admovendus
854 854 952 892 erat
995 853 1235 894 exercitus.
1300 855 1390 896 Sed
1431 857 1636 900 marchio
1673 859 1826 902 adver-

325 908 427 947 tens
469 907 597 948 nullo
640 908 740 950 loco
783 910 854 951 vel
897 911 1153 954 munitione
1191 914 1407 956 sustineri
1439 929 1570 970 posse
1601 917 1826 972 impetum
1841 933 1875 959 10

325 966 465 1019 regis,
509 963 682 1008 incisas
720 982 798 1022 spe
841 970 1107 1021 resistendi,
1152 985 1198 1014 se
1241 986 1412 1027 suaque
1445 975 1600 1017 omnia
1631 977 1824 1019 dedidit.

324 1024 570 1079 Thuringi,
616 1027 723 1075 etsi,
769 1030 821 1068 ut
855 1029 1180 1082 promiserant,
1225 1046 1334 1087 erga
1374 1047 1529 1088 regem
1562 1037 1608 1077 et
1641 1049 1825 1078 causam

324 1083 556 1137 publicam
591 1085 745 1127 devoti
788 1088 1036 1142 fidelesque
1078 1093 1250 1142 essent,
1291 1092 1340 1132 in
1372 1093 1636 1148 episcopum
1668 1097 1825 1138 tamen

322 1143 646 1196 Mogontinum
695 1146 883 1188 hostilia
924 1147 1141 1203 pleraque
1187 1150 1360 1201 fecere,
1405 1153 1582 1206 probris
1629 1156 1676 1196 et
1723 1169 1824 1198 con·

322 1202 450 1243 viciis
482 1203 531 1243 in
563 1204 729 1246 faciem
763 1205 997 1257 lacessere,
1032 1208 1203 1251 milites
1236 1210 1346 1261 eius,
1386 1211 1496 1253 dum
1527 1213 1691 1267 predas
1723 1228 1823 1269 age·
1838 1229 1872 1256 15

322 1264 446 1310 rent,
490 1262 616 1304 facto
658 1278 796 1318 grege
838 1266 990 1320 sepius
1028 1267 1279 1319 incursare,
1320 1270 1559 1324 rapinam&
1594 1275 1820 1324 excutere,

321 1320 534 1371 fundere,
578 1322 759 1376 fugare,
804 1325 1050 1367 nonnullos
1084 1327 1280 1382 denique
1313 1329 1546 1371 ministros
1579 1331 1694 1382 eius,
1738 1346 1822 1375 nec

322 1379 404 1420 hos
447 1381 666 1422 mediocri
707 1383 897 1424 fortuna
938 1385 1010 1426 vel
1052 1386 1218 1427 humili
1259 1387 1360 1429 loco
1397 1384 1576 1440 natosh‚
1621 1391 1731 1432 dum
1763 1392 1821 1434 ab

321 1439 525 1479 exercitu
566 1440 686 1494 regis
728 1442 866 1495 paulo
908 1443 1090 1497 longius
1132 1447 1374 1499 predatum
1413 1444 1662 1500 abissenti,
1705 1464 1821 1492 com-

320 1498 568 1551 prehensos
601 1498 986 1554 suspenderuntk.
1041 1503 1223 1545 Iussum
1256 1508 1412 1548 tamen
1434 1507 1499 1548 eis
1531 1510 1600 1549 est
1633 1509 1690 1550 ab
1713 1523 1820 1564 rege
1833 1527 1869 1552 20

319 1556 457 1598 facile
491 1560 536 1598 et
571 1560 893 1614 contemptim,
937 1564 990 1603 ut
1023 1563 1222 1605 decimas
1256 1565 1419 1607 darent
1435 1567 1460 1616 2,
1505 1581 1598 1608 non
1635 1582 1724 1622 quo
1755 1583 1819 1611 re-

320 1617 587 1658 cusantibus
620 1618 711 1658 vim
743 1616 887 1662 ferre¹
929 1620 978 1661 in
1010 1622 1162 1664 animo
1195 1626 1335 1674 esset,
1380 1625 1459 1666 sed
1500 1640 1557 1668 ne
1598 1641 1692 1668 non
1722 1628 1819 1670 red-

320 1674 417 1716 dito
451 1677 671 1729 promisso
705 1679 1100 1735 archiepiscopum
1133 1683 1402 1725 offenderet.
1461 1684 1582 1727 Dedi
1613 1686 1818 1730 marchio

319 1733 603 1788 aliquamdiu
627 1737 814 1778 habitus
846 1739 895 1779 in
918 1741 1140 1791 custodia,
1175 1741 1376 1792 tandem,
1411 1744 1628 1799 adempta
1649 1759 1818 1800 posses-

319 1793 498 1834 sionum
540 1797 586 1836 et
627 1797 861 1838 redituum
873 1801 903 1821 ¹¹¹
936 1813 1029 1840 non
1070 1801 1250 1842 modica
1290 1804 1434 1856 parte,
1479 1803 1692 1846 dimissus
1733 1807 1866 1848 est.25

318 1852 463 1894 Filius
505 1854 602 1895 eius
636 1855 757 1897 Dedi
798 1857 951 1899 iunior
991 1861 1170 1913 patrem
1208 1874 1261 1902 ea
1292 1863 1569 1916 tempestate
1601 1863 1816 1906 infestius

317 1912 616 1966 acerbiusque
658 1928 794 1968 quam
837 1916 954 1958 alius
997 1918 1236 1972 quisquam
1277 1920 1531 1962 insectatus
1569 1924 1638 1964 est
1653 1922 1681 1962 3.
1745 1922 1816 1965 Ob

317 1984 417 2011 eam
459 1985 554 2012 rem
602 1976 762 2015 exacto
812 1975 934 2017 bello
974 1977 1155 2031 ingenti
1196 1979 1343 2032 gloria
1385 1994 1480 2022 esse
1523 1981 1644 2037 cepit
1691 1983 1815 2036 apud

315 2042 482 2082 regem,
517 2032 728 2086 egregiae
749 2033 918 2076 indolis
941 2036 1218 2086 adolescens,
1252 2038 1340 2079 nisi
1362 2039 1627 2082 ambitionis
1649 2041 1815 2095 spiritu

316 2090 363 2129 et
405 2095 709 2143 prepropera¹¹
756 2093 1025 2135 dominandi
1067 2096 1283 2150 cupidine
1325 2111 1513 2152 preceps
1560 2103 1812 2154 raperetur.
1827 2118 1863 2143 30

316 2146 362 2187 Is
394 2161 487 2188 non
519 2149 666 2190 multo
699 2153 823 2204 post,
868 2166 972 2193 cum
1004 2156 1139 2196 nocte
1172 2156 1369 2208 quadam
1402 2158 1460 2198 ad
1491 2159 1813 2201 necessitatem

315 2207 507 2248 naturae
541 2209 811 2259 secessisset,
847 2212 1057 2265 apposito
1080 2214 1389 2256 extrinsecus⁰
1417 2216 1686 2259 insidiatore
1712 2231 1812 2259 con-

314 2264 464 2306 fossus
495 2266 544 2306 in
575 2267 765 2321 inguine
798 2271 844 2310 et
876 2270 1052 2311 occisus
1075 2273 1144 2312 est
1157 2272 1186 2311 4.
1240 2272 1352 2323 Quis
1385 2275 1508 2315 necis
1532 2275 1628 2316 eius
1651 2278 1812 2318 auctor

313 2323 456 2365 fuerit
471 2324 498 2374 5,
547 2339 639 2366 non
687 2327 797 2368 satis
851 2331 1052 2379 constat,
1103 2344 1378 2384 quamquam
1431 2333 1537 2375 dolo
1588 2348 1810 2377 novercae

313 2425 342 2459 a)
363 2434 403 2452 .n.
424 2426 524 2460 (enim)
543 2428 604 2455 Be.
696 2429 727 2461 b)
746 2430 886 2462 legitimis
905 2432 934 2456 h.
950 2432 969 2456 l.
990 2432 1068 2457 ΒΝ.
1156 2433 1183 2464 c)
1210 2433 1408 2466 Bichelingim
1427 2435 1454 2459 B
1467 2436 1512 2468 103
1534 2436 1727 2470 Bichelingen
1745 2438 1807 2464 132.
1823 2441 1858 2467 35

313 2461 343 2494 d)
369 2461 549 2495 Schidingen
568 2464 636 2497 Al3
667 2463 825 2497 SeidIngen
850 2466 930 2492 Blb.
1023 2467 1050 2500 e)
1074 2468 1151 2493 inico
1174 2469 1202 2492 Ιι.
1224 2470 1243 2493 l.
1270 2470 1334 2495 Al.
1353 2470 1431 2495 1310.
1444 2470 1470 2496 2.
1563 2470 1586 2503 f)
1610 2472 1716 2498 inseisa
1742 2473 1768 2497 B
1782 2475 1808 2499 2.

312 2497 344 2530 g)
370 2499 486 2529 rapInas
506 2499 567 2524 132.
655 2499 685 2532 h)
713 2504 791 2526 ortos
815 2502 879 2527 Al.
895 2504 937 2527 1²².
1029 2503 1049 2535 i)
1074 2504 1215 2536 abijssent
1239 2505 1300 2531 132.
1391 2505 1422 2538 k)
1449 2505 1661 2538 suspenderent
1685 2509 1749 2534 Al.
1765 2510 1807 2535 1³.

313 2532 333 2565 1)
353 2533 461 2558 inferre
482 2534 543 2559 152.
626 2535 666 2568 m)
686 2534 855 2562 reddituum
874 2538 936 2563 131.
949 2538 973 2565 2.
1056 2538 1086 2571 n)
1106 2540 1264 2572 prepi-opis.
1283 2540 1362 2566 Bia.
1446 2540 1475 2574 o)
1495 2543 1653 2568 extrinsico
1672 2542 1752 2569 Bit».

314 2616 347 2658 1)
371 2617 493 2649 Huius
518 2621 672 2661 treuyae,
697 2630 805 2662 quam
831 2620 1103 2662 ‘Landfrieden’
1127 2622 1287 2664 dicimus,
1323 2634 1345 2655 a
1377 2623 1577 2667 Thurinyis
1602 2628 1810 2660 constitutae

311 2663 438 2706 Lamp.
466 2665 570 2697 etiam
598 2677 630 2700 a.
652 2668 755 2708 1070,
789 2668 895 2708 infra
920 2679 958 2711 p.
980 2670 1058 2703 116.
1085 2670 1291 2702 mentionem
1317 2670 1410 2712 fecit,
1446 2672 1569 2704 iisdem
1595 2673 1671 2714 fere
1695 2673 1855 2708 verbi-940

310 2721 408 2745 usus„
530 2713 565 2756 2)
599 2713 674 2747 Hoc
707 2725 825 2746 verum
862 2715 1009 2757 videtur,
1044 2726 1159 2758 reyem
1192 2717 1319 2750 scilieet
1353 2718 1471 2751 leviter
1504 2719 1567 2752 hoe
1607 2720 1807 2763 Thurinyis

304 2759 536 2800 praecepisse.
651 2762 686 2804 3)
712 2762 809 2796 Ann.
838 2761 1029 2804 Ottenbmn,
1055 2762 1119 2798 SS.
1142 2763 1182 2804 V,
1202 2774 1241 2806 p.
1262 2766 1293 2798 7.
1321 2775 1398 2797 eum
1418 2769 1561 2808 patrem
1586 2768 1664 2809 regn?
1686 2777 1807 2800 recon-

309 2805 449 2837 ciliasse
465 2807 625 2842 tradunt.
653 2808 709 2848 Cf.
728 2809 907 2842 Delbric'ck·
922 2821 963 2852 p.
976 2812 1032 2844 21.
1107 2811 1142 2853 4)
1162 2810 1217 2851 Cf.
1240 2811 1379 2846 Geneal.
1400 2813 1550 2854 Wettin„
1573 2813 1636 2848 SS.
1651 2814 1804 2856 XXIII,

303 2862 344 2894 p.
371 2854 451 2887 227.
558 2855 594 2897 5)
624 2855 656 2887 A
682 2858 838 2898 proprio
863 2867 961 2889 servo
991 2867 1066 2889 eum
1093 2859 1241 2890 occisum
1268 2869 1337 2891 esse
1361 2859 1445 2892 dicit
1470 2860 1608 2896 Eklceh.
1641 2871 1674 2895 a.
1702 2863 1804 2903 1070,

309 2898 373 2933 SS.
396 2899 457 2941 VI,
478 2911 517 2942 p.
536 2903 628 2941 200;
652 2902 712 2935 sed
736 2903 824 2935 clam
851 2905 998 2936 occisum
1024 2904 1120 2939 Arm.
1141 2903 1317 2940 Ottenbur,
1346 2906 1366 2941 l.
1386 2906 1406 2941 l.
1817 2918 1853 2943 45
