2046 3190
348 234 418 268 210
717 229 987 266 LAMPERTI
1011 231 1263 270 ANNALES.
1314 234 1361 271 A.
1390 235 1492 271 1075.

232 354 654 396 1075).01)(101111111118ἕι
693 356 1012 405 commoratus,
1056 357 1209 409 preter
1246 356 1404 398 altaris
1436 357 1643 400 officium
1674 359 1724 400 in
1755 373 1852 403 cae·

347 414 458 456 teris
490 413 714 464 omnibus,
755 427 871 468 quae
903 413 1080 456 scilicet
1121 415 1179 456 ad
1212 416 1483 459 exteriorem
1516 418 1735 474 episcopii
1775 419 1850 461 ad-

350 473 734 514 ministrationem
775 473 1083 527 pertinebant,
1125 474 1255 516 nullo
1293 475 1429 518 modo
1469 476 1568 519 iure
1607 491 1690 520 suo
1722 479 1850 521 cede·

350 532 446 583 bat,
496 532 675 573 irritam
721 533 942 586 reputans
985 534 1522 586 excommunicationem,
1572 550 1710 590 quam
1755 551 1850 580 11011
1898 538 1902 541 ⁴

348 591 564 633 canonice
591 591 639 632 in
661 605 708 633 se
730 591 1071 646 promulgatam
1093 592 1397 635 cavillabatur
1412 594 1439 634 1.
1485 594 1664 646 Quibus
1685 596 1879 639 diebus5

346 651 395 691 in
418 650 605 692 civitate
628 650 1004 705 Babenbergensi
1035 651 1217 692 nullum
1249 652 1432 707 publice
1455 656 1611 696 actum
1637 658 1708 698 est
1732 669 1848 711 opus

348 709 455 760 Dei,
500 709 677 751 clericis
718 710 1060 764 refugientibus
1108 713 1246 764 atque
1294 713 1480 755 omnino
1528 715 1848 758 execrantibus

349 769 717 810 communionem
750 769 860 810 eius.
916 765 1183 811 anteramb
1217 771 1314 812 eius
1347 772 1456 812 anni
1488 775 1667 827 partem
1697 774 1747 816 in
1778 787 1848 817 ex-

346 828 558 869 trinsecis
599 827 996 882 Babenbergensis
1037 828 1285 871 aecclesiae
1326 832 1688 884 possessionibus
1734 833 1848 876 mili-

347 889 446 927 tum
482 884 684 928 *suorum
715 887 915 942 presidio
947 886 1126 928 fultus2
1157 889 1323 943 exegit.
1387 889 1556 932 Verum
1590 905 1739 946 neque
1768 906 1849 935 rex
1863 908 1898 935 ιο

349 959 496 1000 neque
530 946 770 1000 episcopus
802 959 950 1000 neque
983 946 1101 988 alius
1134 947 1386 1002 quisquam,
1421 949 1500 1004 qui
1531 963 1694 992 sanum
1725 965 1848 1008 sape-
1861 945 1983 978 *³⁰³²*

347 1007 431 1055 ret,
467 1005 508 1046 ei
541 1005 878 1047 communicare
910 1005 1109 1047 volebat.
2022 1011 2023 1014 ’

226 1080 334 1112 Aps-5.
491 1064 589 1106 Rex
620 1065 792 1119 pascha
825 1064 1114 1107 Wormaciae
1148 1065 1399 1108 celebravit
1412 1067 1440 1108 3.
1504 1067 1606 1120 Quo
1639 1070 1748 1112 dum
1789 1071 1848 1113 ad

348 1123 645 1164 salutandum
670 1137 775 1165 eum
797 1123 985 1178 quidam
1018 1137 1072 1165 ex
1094 1125 1379 1180 principibus
1402 1126 1626 1170 Saxoniae
1659 1143 1848 1185 pergere

346 1182 703 1233 instituissentss,
747 1183 873 1223 missi
914 1183 1095 1224 obviam
1143 1184 1207 1226 eis
1248 1185 1391 1239 legati
1439 1187 1846 1240 denunciaverunt,
1863 1205 1896 1232 15

346 1244 400 1282 ut
442 1242 568 1283 ocius
608 1241 657 1282 in
699 1255 781 1283 sua
819 1242 1037 1292 redirent,
1081 1243 1286 1297 alioquin
1326 1242 1481 1287 haud(l
1525 1248 1630 1289 tuto
1670 1247 1847 1290 visuros

347 1313 444 1342 esse
491 1300 658 1342 faciem
704 1301 842 1355 regis,
887 1314 1022 1354 quem
1062 1304 1166 1356 post
1206 1304 1303 1344 tam
1343 1318 1503 1358 graves
1545 1306 1847 1349 contumelias

348 1359 488 1413 digna
529 1359 680 1400 adhuc
723 1359 1040 1402 satisfactione
1081 1375 1174 1402 non
1214 1361 1520 1416 placassente.
1583 1364 1659 1406 Ibi
1699 1365 1846 1420 primo

347 1418 532 1468 malum,
553 1419 676 1472 quod
693 1419 945 1460 cervicibus
962 1416 1304 1474 impendebatf,
1325 1422 1667 1465 adverteruntg·
1681 1423 1710 1464 4.
1733 1425 1842 1477 Rex,

346 1477 558 1518 omnibus
591 1491 707 1531 quae
740 1477 863 1519 bello
890 1478 1255 1521 administrando
1286 1482 1543 1523 necessaria
1574 1485 1706 1524 erant
1737 1485 1894 1527 affa-so

345 1535 431 1576 tim
472 1531 691 1590 provisis¹¹
727 1536 819 1578 iam
861 1538 908 1578 et
947 1537 1198 1589 instructis,
1242 1539 1435 1581 solemni
1475 1541 1628 1584 edicto
1665 1543 1845 1586 cunctis

347 1595 426 1648 qui
457 1595 506 1635 in
536 1609 678 1650 regno
711 1609 793 1637 suo
817 1598 948 1637 erant
971 1597 1309 1651 expeditionem
1330 1599 1498 1641 indixit
1529 1600 1579 1642 in
1601 1601 1845 1645 Saxoniam

347 1654 557 1708 diemque
592 1657 638 1696 et
670 1655 822 1696 locum
855 1655 1021 1696 statuit
1043 1657 1335 1698 coadunandi
1356 1659 1595 1711 exercitus,
1627 1660 1845 1705 videlicet

346 1713 428 1753 VI.
462 1713 574 1754 Idus
607 1714 762 1754 Iunii5
797 1714 847 1755 in
878 1715 1162 1769 possessione
1194 1715 1523 1760 Herveldensis
1563 1721 1842 1772 monasterii,

345 1772 394 1812 in
434 1768 559 1813 locoi
606 1773 685 1827 qui
727 1773 896 1815 dicitur
938 1771 1247 1829 Bredingenk.
1309 1776 1439 1818 Misit
1480 1778 1620 1820 etiam
1666 1779 1844 1834 legatos
1857 1797 1892 1824 85

346 1831 404 1871 ad
438 1831 651 1883 Saxones,
696 1833 773 1886 qui
813 1835 926 1874 tunc
963 1833 1155 1875 ineundi
1187 1835 1366 1876 consilii
1397 1837 1548 1890 gratia
1577 1837 1844 1892 frequentes

347 1889 603 1931 Goslariam
637 1894 958 1942 convenerant,
999 1892 1149 1935 dicere
1182 1893 1247 1935 eis
1278 1908 1525 1938 memorem
1557 1910 1604 1938 se
1635 1898 1845 1952 gravium

345 1949 629 1999 iniuriarum,
672 1950 871 1992 violatae
911 1952 1064 2005 regiae
1105 1953 1360 1995 maiestatis
1407 1956 1455 1996 et
1500 1956 1649 2010 turpis
1688 1956 1841 2012 fugae,

347 2003 459 2060 qua¹
501 2010 704 2049 extremo
745 2010 794 2050 in
834 2010 1039 2064 periculo
1080 2011 1202 2053 vitae
1244 2013 1480 2056 consulere
1518 2017 1704 2056 coactus
1734 2016 1843 2059 fuis·

347 2068 416 2107 set
430 2066 458 2105 ⁴³.
520 2066 565 2106 N
568 2080 618 2108 ec
651 2080 698 2108 se
731 2069 909 2109 cunctis
942 2070 1219 2122 generaliter
1251 2071 1508 2114 Saxonibus
1546 2074 1718 2116 crimen
1754 2075 1842 2118 hoc
1856 2093 1892 2120 ao

345 2170 374 2199 a)
398 2166 485 2195 hebd..
505 2169 531 2193 A
548 2170 561 2193 1
582 2175 706 2201 sempev-3
737 2168 939 2196 hebdomodas
959 2170 1038 2198 Blb.
1112 2172 1141 2203 b)
1167 2172 1276 2198 Cetera
1300 2174 1383 2207 B12;
1411 2174 1530 2200 Cei-tam
1554 2177 1622 2204 132.
1704 2179 1732 2208 0)
1757 2177 1843 2204 iusti·

345 2203 453 2228 tuisset
471 2204 497 2228 B
508 2205 548 2231 1²³.
613 2203 643 2235 d)
663 2205 737 2230 haut
755 2205 833 2232 Blss.
898 2207 925 2236 e)
944 2206 1129 2237 placuissent
1146 2207 1226 2234 Blb.
1298 2209 1322 2241 f)
1340 2209 1505 2240 {pendebat
1517 2211 1595 2240 Blt.
1661 2213 1691 2244 g)
1709 2211 1844 2238 animad-

345 2242 502 2264 verterunt
514 2240 592 2266 Ble.
610 2240 643 2266 P.
699 2240 730 2271 h)
749 2241 902 2272 promissis
916 2242 942 2266 B
954 2242 994 2269 1⁸.
1049 2242 1070 2273 i)
1090 2242 1187 2267 locum
1206 2243 1268 2271 Β2,
1323 2244 1354 2275 k)
1373 2244 1538 2277 Bredingin
1550 2247 1612 2274 ΒΞ.
1668 2248 1688 2278 l)
1708 2248 1768 2279 qufv.
1781 2249 1842 2276 ΒΣ.

346 2310 380 2352 1)
418 2310 514 2351 Quae
546 2320 668 2343 revera
706 2310 844 2343 demum
873 2312 1106 2354 momulyata
1144 2317 1208 2355 est,
1245 2324 1324 2346 cum
1359 2315 1533 2358 Greyorii
1568 2317 1704 2351 litterae
1738 2318 1843 2353 datae

345 2357 414 2391 Iul.
434 2359 491 2398 20,
517 2357 602 2399 Rey.
629 2358 703 2399 III,
720 2359 751 2399 1,
778 2358 800 2393 l.
819 2359 840 2393 l.
861 2369 900 2402 p.
919 2360 989 2394 203
1005 2369 1056 2402 sq.
1083 2360 1212 2394 allatae
1237 2365 1356 2396 essent.
1431 2363 1467 2406 2)
1495 2363 1550 2404 Cf.
1572 2364 1742 2406 Greqorii
1755 2365 1840 2408 Ray.
1854 2375 1888 2402 36

353 2404 415 2446 VI,
431 2406 487 2445 19,
513 2404 534 2439 l.
554 2404 574 2439 l.
596 2415 635 2447 p.
655 2406 735 2440 356.
833 2407 869 2448 3)
893 2406 1124 2439 Consentiunt
1149 2407 1329 2443 Berthold.
1355 2408 1469 2451 (Ann.
1492 2409 1529 2443 S.
1547 2410 1682 2451 Blasii)
1700 2423 1740 2454 p.
1758 2414 1840 2455 278,

344 2451 511 2486 Ber-nolti.
534 2463 572 2495 p.
590 2453 671 2494 431,
707 2452 879 2486 Bmmone
903 2463 929 2487 c.
948 2455 1005 2488 44.
1037 2454 1132 2495 falso
1162 2454 1226 2487 hoc
1250 2454 1459 2497 Moyuntiae
1492 2457 1628 2498 factum
1661 2469 1732 2493 esse
1764 2462 1841 2492 tra-

343 2498 451 2533 dente.
549 2499 586 2542 4)
610 2499 686 2532 Hoc
710 2500 846 2540 falsum
871 2511 941 2533 esse
958 2504 1058 2543 patet
1083 2511 1127 2533 ex
1151 2501 1339 2535 Brunonis
1363 2512 1389 2537 c.
1408 2504 1465 2538 41.
1483 2505 1541 2547 44,
1577 2506 1643 2548 qui
1672 2508 1840 2540 nuntium

343 2544 532 2578 Saxonum
562 2549 646 2578 tunc
670 2547 850 2580 advenisse
873 2551 1026 2587 narra&
1059 2549 1119 2581 sed
1142 2549 1188 2590 cf.
1214 2548 1260 2584 ib.
1285 2559 1311 2583 c.
1337 2551 1393 2584 37.
1439 2550 1495 2592 Cf.
1522 2551 1700 2586 Delbrztck
1718 2564 1758 2597 p.
1782 2555 1839 2590 45.

344 2593 380 2635 5)
405 2592 509 2625 Diem
534 2603 567 2626 a.
593 2595 627 2628 8.
653 2593 743 2626 Idus
767 2594 872 2626 Iunii
894 2595 994 2637 (Iu-n.
1014 2596 1053 2637 6)
1077 2596 1152 2638 ipse
1184 2606 1252 2628 rea:
1285 2597 1483 2639 designavit
1512 2599 1552 2631 in
1583 2601 1680 2642 epist.
1707 2601 1756 2633 ad
1779 2601 1888 2638 ‹ib-40

307 2658 310 2660 -
344 2639 455 2671 batem
486 2639 522 2675 S.
548 2640 764 2683 Mau-immi,
804 2641 1035 2684 Giesebrecht,
1071 2642 1211 2678 ‘DKZJ
1243 2643 1292 2677 ed.
1319 2645 1352 2678 5.
1381 2644 1463 2686 III,
1492 2656 1533 2688 p.
1560 2648 1664 2688 1262,
1697 2658 1756 2684 nr.
1783 2649 1839 2684 10.

343 2685 379 2728 6)
405 2687 500 2727 Quae
524 2698 607 2720 vera
638 2689 752 2720 insint
777 2689 902 2731 lonyae
931 2691 1089 2732 sequenti
1116 2691 1329 2723 narrationi
1355 2694 1530 2726 tractatus
1554 2694 1649 2727 inter
1671 2705 1786 2737 reyem
1810 2699 1841 2729 et

343 2732 505 2767 Santones
528 2734 645 2767 habiti
666 2735 742 2768 vide
767 2735 866 2778 apud
890 2736 1097 2769 Brunonem
1122 2746 1149 2771 c.
1172 2738 1231 2772 45.
1282 2737 1378 2778 Quae
1402 2738 1530 2783 Lamp.
1554 2742 1696 2783 partim
1720 2743 1760 2775 in
1783 2743 1841 2775 in-

342 2780 476 2812 vidiam
499 2782 595 2823 reglis
619 2782 775 2824 maliqno
801 2784 922 2816 animo
946 2783 1161 2826 depravavit,
1186 2786 1327 2826 partim
1351 2787 1568 2829 expinyendi
1590 2791 1693 2831 atque
1717 2793 1840 2823 ornate

343 2826 582 2870 eleganterque
614 2829 793 2862 scribendi
827 2831 946 2863 studio
981 2840 1046 2863 suo
1083 2834 1213 2873 raptus
1246 2832 1360 2874 inepte
1393 2843 1434 2866 ae
1464 2834 1633 2877 perplexe
1666 2838 1838 2878 emposut't.
1851 2846 1886 2872 45

345 2872 399 2913 Cf.
427 2873 605 2907 Delbm‘ztck
624 2887 661 2919 p.
680 2877 844 2912 42—45.
893 2877 950 2919 Cf.
977 2888 1091 2920 supra
1112 2889 1150 2921 p.
1171 2879 1250 2914 156.
