1968 3164
362 277 430 311 138
730 276 998 312 LAMPERTI
1022 277 1276 314 ANNALES.
1326 279 1373 313 A.
1402 281 1504 316 1072.

244 402 345 436 1072.
362 397 458 438 dies
491 397 749 440 celebratae
791 399 1129 441 coniunctionis
1162 401 1420 443 decesserat
1435 401 1461 451 1,
1505 402 1631 443 misit
1672 415 1862 457 eamque

361 456 540 498 obnixis
572 458 784 512 precibus
816 458 865 499 in
888 458 1088 500 Galliam
1119 460 1326 501 evocavit
1358 461 1416 501 ad
1449 461 1712 511 sedandam,
1745 475 1862 516 quae

361 516 608 563 oriebatur,
662 517 873 558 intestini
925 518 1036 560 belli
1087 521 1425 574 tempestatem.
1498 520 1617 561 Nam
1670 521 1863 564 firmiter

361 575 484 629 apud
517 589 563 617 se
597 578 835 627 statuerat,
870 577 907 618 si
930 592 1018 631 pax
1048 592 1138 619 non
1165 579 1463 627 convenisset,
1498 581 1675 621 armata
1704 580 1863 635 pocius

361 648 513 683 manu,
548 636 698 688 quoad
731 638 896 690 posset,
931 637 1127 678 salutem
1160 638 1280 679 tueri
1312 652 1448 692 quam
1481 639 1659 693 probris
1693 641 1740 681 et
1762 653 1894 682 con-5

361 693 564 734 tumeliis
598 695 950 736 deformandum
982 697 1135 749 regiae
1168 711 1214 738 se
1247 698 1430 738 tradere
1463 699 1712 752 potentiae.
1776 699 1862 740 Im-

362 753 576 806 peratrix,
626 768 901 808 quamquam
950 757 1118 796 cuncta
1165 756 1307 798 seculi
1354 757 1548 810 negocia
1593 757 1856 812 religionisa

362 812 558 853 obtentu
590 812 916 867 inperpetuum
950 814 1218 859 abiurasset,
1262 829 1346 857 nec
1380 830 1407 856 a
1438 816 1674 870 proposito
1705 819 1863 859 tamen

363 885 443 911 suo
484 867 705 912 nimiumb
754 872 1001 914 abhorrere
1047 887 1130 915 nec
1173 874 1229 915 ab
1273 874 1583 916 ecclesiastica
1622 875 1863 918 functione

362 930 565 972 alienum
596 931 696 972 fore
727 931 963 981 iudicavit„
998 933 1036 973 si
1062 933 1160 974 viro
1193 933 1366 987 optime
1399 947 1508 988 erga
1539 948 1587 976 se
1618 935 1783 977 merito
1813 935 1912 977 inm

363 990 596 1041 angustise
645 990 781 1031 rebus
823 1005 955 1045 opem
988 992 1133 1033 ferret
1175 994 1221 1034 et
1254 993 1349 1034 filio
1390 993 1656 1036 iuveniliter
1695 994 1863 1036 tumul·

362 1049 517 1089 tuanti
564 1049 751 1090 modum
798 1050 1069 1104 imponeret.
1143 1051 1301 1093 Venit
1334 1052 1491 1106 itaque
1538 1052 1861 1099 Wormaciam.

363 1108 643 1162 amplissimo
676 1108 847 1162 stipata
879 1123 1070 1151 numero
1104 1110 1324 1152 abbatum
1358 1113 1404 1153 et
1436 1112 1778 1163 monachorum,
1817 1115 1864 1156 et

361 1167 621 1221 predictum
665 1168 841 1218 ducem,
886 1182 989 1210 cum
1036 1169 1311 1224 interposita
1352 1171 1441 1212 fide
1483 1170 1770 1214 Coloniensis
1817 1174 1864 1214 et

363 1223 652 1279 Mogontinid
690 1227 1138 1282 archiepiscoporum
1169 1243 1321 1270 coram
1346 1230 1559 1281 venisset,
1593 1231 1744 1272 0111111θ
1783 1231 1864 1274 cri-
1879 1245 1913 1271 15

364 1286 498 1326 minis
541 1286 799 1339 suspicione
832 1287 1042 1334 absolvit,
1086 1289 1334 1342 statimque
1373 1290 1636 1344 compositis
1677 1292 1865 1346 propter

364 1358 479 1398 quae
526 1347 714 1386 venerat
771 1359 798 1385 a
843 1345 939 1387 filio
987 1343 1251 1397 abscessitf‚
1307 1350 1360 1388 ut
1406 1363 1499 1390 non
1546 1351 1642 1390 tam
1689 1349 1866 1391 carnali

365 1403 608 1445 affectione
657 1418 793 1458 quam
842 1406 1096 1446 communis
1144 1408 1371 1448 commodi
1417 1408 1597 1450 ratione
1644 1409 1703 1450 ad
1743 1409 1864 1451 hanc

364 1462 581 1503 secularis
623 1463 802 1516 negocii
843 1464 1290 1507 administrationem
1329 1480 1375 1507 se
1408 1467 1657 1508 adductam
1689 1467 1864 1522 liquido

365 1521 543 1562 cunctis
585 1522 916 1575 patefaceretg.
981 1523 1087 1564 Dux
1127 1538 1307 1578 quoque
1349 1540 1376 1566 a
1416 1539 1523 1580 rege
1563 1527 1775 1568 dimissus
1815 1527 1914 1568 111510

366 1595 476 1635 pace
517 1581 728 1634 protinus
770 1595 817 1622 se
857 1582 906 1622 111
939 1596 1021 1623 sua
1050 1584 1237 1638 recepit,
1281 1586 1457 1626 certum
1490 1587 1652 1626 tenens
1684 1599 1778 1628 non
1810 1600 1865 1628 ex

362 1641 545 1693 integro
599 1640 795 1681 abolitas
848 1641 904 1682 ab
958 1642 1110 1683 animo
1158 1643 1278 1697 regis
1325 1644 1614 1693 inimicicias,
1663 1645 1743 1686 sed
1790 1645 1863 1686 ad·

364 1701 566 1753 emptam
612 1700 799 1741 interim
847 1701 1045 1742 nocendi
1091 1702 1365 1744 facultatem
1414 1717 1524 1745 esse.
1602 1703 1677 1745 Ibi
1724 1704 1863 1746 etiam

363 1758 503 1812 Hugo
537 1755 877 1800 Cloniacensish
915 1760 1068 1808 abbas,
1111 1761 1190 1814 qui
1232 1775 1335 1802 cum
1375 1762 1668 1817 imperatrice
1705 1777 1758 1805 eo
1790 1763 1864 1805 ad-

363 1818 624 1868 advenerat,
667 1814 898 1860 Riibertoi
941 1819 1165 1873 Augiensi
1206 1821 1364 1862 abbati
1395 1821 1592 1863 Romani
1632 1822 1864 1876 pontificis
1876 1837 1912 1863 2⁵

363 1878 583 1917 mandata
624 1879 671 1918 et
711 1877 922 1919 litteras‘2
964 1879 1152 1929 detulit,
1196 1881 1318 1934 quod
1360 1881 1537 1922 scilicet
1584 1882 1863 1935 apostolicae

364 1936 482 1977 sedis
515 1933 842 1978 anathematek
878 1938 934 1979 de
969 1952 1157 1993 corpore
1191 1939 1438 1981 aecclesiae
1470 1936 1696 1995 precisus¹
1729 1942 1860 1992 esset,

363 1995 485 2048 quod
533 2009 666 2036 omne
715 1995 757 2036 ei
805 1996 1011 2037 divinum
1059 1998 1265 2039 officium
1317 2001 1514 2053 preter¹¹¹
1562 1999 1863 2054 psalmodiam

362 2053 662 2094 interdictum
689 2056 819 2105 esset,
855 2056 977 2108 quod
1004 2057 1150 2097 omnis
1184 2057 1226 2098 ei
1257 2057 1612 2112 inperpetuum¹¹
1645 2059 1703 2100 ad
1730 2059 1863 2100 abba·

362 2112 475 2152 tiam
507 2112 788 2166 Augiensem
819 2114 893 2155 vel
934 2115 992 2154 ad
1034 2115 1235 2169 aliquam
1277 2117 1552 2170 dignitatem
1594 2118 1863 2160 ecclesiasti-
1875 2134 1911 2160 30

364 2185 463 2212 cam
478 2171 493 2194 ³³
534 2184 741 2212 accessus
773 2172 982 2213 occlusus
1016 2176 1152 2221 esset,
1186 2177 1431 2229 propterea
1471 2177 1594 2230 quod
1635 2177 1692 2218 de
1734 2177 1862 2218 simo—

362 2230 522 2271 niaca⁰
560 2230 710 2271 heresi
749 2230 1042 2272 insimulatus
1085 2235 1143 2282 et,
1186 2236 1239 2273 ut
1280 2234 1512 2276 obiectum
1555 2235 1726 2277 crimen
1762 2250 1863 2290 pur-

363 2291 511 2343 garet,
562 2289 619 2329 ad
661 2289 900 2330 sinoduml'
945 2292 1146 2332 secundo
1194 2305 1246 2333 ac
1292 2293 1436 2334 tercio
1477 2295 1666 2334 vocatus
1705 2294 1862 2336 venire

364 2348 633 2389 distulisset.
696 2348 771 2389 Ita
802 2348 882 2390 ille
915 2350 1177 2403 compulsus
1218 2365 1245 2391 a
1275 2364 1382 2404 rege
1415 2351 1631 2393 baculum
1662 2354 1861 2406 pastora-

363 2452 392 2481 a)
412 2451 506 2482 rellig.
527 2450 553 2475 A
566 2452 591 2475 1.
647 2449 679 2482 b)
700 2457 755 2475 om.
777 2451 838 2476 132.
896 2450 923 2484 c)
942 2452 1086 2484 angustiis
1106 2451 1187 2478 Blb.
1245 2452 1276 2486 d)
1294 2453 1459 2484 Moguntini
1478 2454 1562 2485 B1a;
1583 2454 1778 2487 Moguntinefi
1796 2455 1859 2480 132.
1873 2453 1909 2479 35

363 2487 391 2517 e)
410 2486 445 2511 οῖι
465 2485 545 2513 Blh.
606 2486 630 2516 f)
650 2486 779 2511 abcessit
797 2487 873 2511 131⁸.
936 2486 968 2519 g)
987 2488 1168 2519 patefeceret
1186 2488 1267 2514 Blb.
1333 2489 1363 2521 11)
1383 2489 1512 2515 Clomac.
1532 2489 1622 2522 B1b3
1643 2490 1775 2516 Cluniae.
1795 2491 1824 2516 h.
1838 2491 1859 2517 l.

363 2522 390 2546 Β
402 2523 442 2546 1²².
455 2522 480 2546 2.
546 2520 567 2553 i)
586 2522 719 2546 Ruberto
739 2522 765 2546 A
777 2522 802 2547 1.
823 2522 849 2546 B
861 2522 907 2554 183
928 2522 1060 2554 Ruperto
1079 2523 1141 2548 132.
1204 2522 1236 2556 k)
1255 2524 1447 2549 anathamate
1466 2525 1492 2549 A
1504 2526 1528 2552 1.
1589 2525 1610 2556 l)
1629 2526 1776 2557 presciens
1796 2526 1859 2552 32.

363 2556 403 2590 111)
424 2560 506 2588 prter
525 2556 608 2582 Blb.
673 2559 703 2588 11)
723 2557 753 2581 in
772 2560 945 2588 perpetuam
964 2559 990 2583 B
1002 2557 1046 2584 lb.
1121 2559 1150 2592 ο)
1170 2567 1284 2592 symon.
1304 2560 1384 2584 1312.
1458 2560 1489 2592 p)
1508 2568 1574 2592 syn.
1594 2562 1657 2586 Al.
1678 2562 1741 2586 Β1.

366 2640 399 2682 1)
426 2640 470 2674 Α.
491 2641 594 2681 1060,
621 2640 716 2674 Maii
733 2641 789 2675 12.
816 2640 999 2674 Mathilda
1024 2641 1226 2683 decesserat,
1251 2642 1345 2684 quod
1368 2641 1496 2685 Lamp.
1522 2654 1636 2687 supra
1660 2654 1730 2677 non
1754 2645 1859 2679 dimit.

365 2687 419 2728 Cf.
439 2687 559 2729 Meyer
575 2698 604 2721 v.
623 2687 780 2720 Knonau
805 2687 836 2729 I,
856 2698 895 2730 p.
916 2689 995 2730 168,
1021 2699 1055 2722 n.
1073 2689 1128 2724 90.
1148 2699 1188 2731 p.
1207 2690 1287 2724 203.
1329 2689 1425 2722 Nota
1447 2690 1680 2733 Lampertum
1705 2691 1767 2724 hoc
1791 2691 1907 2726 locow

364 2735 481 2775 etiam,
507 2734 570 2766 ubi
593 2736 724 2767 occasio
748 2745 783 2768 se
807 2736 965 2777 inqessit,
990 2736 1130 2776 cavisse,
1156 2746 1198 2769 ne
1220 2736 1348 2769 diceret
1364 2736 1567 2778 Radolfum
1585 2748 1742 2772 sororem
1767 2739 1861 2781 reqi-

364 2791 441 2822 nae,
467 2791 574 2823 quam
595 2781 808 2824 repudiavit,
834 2792 980 2815 uxorem
997 2783 1151 2817 dua-isse.
1187 2782 1242 2824 Cf.
1261 2794 1375 2826 supra
1394 2795 1433 2826 p.
1451 2786 1529 2826 110,
1552 2796 1587 2819 n.
1604 2786 1635 2820 1.
1710 2786 1746 2829 2)
1765 2785 1860 2826 Quae

364 2838 435 2860 non
459 2832 609 2862 exstant.
652 2828 720 2862 Sed
744 2830 820 2862 vide
840 2829 1009 2872 Greyorii
1028 2830 1109 2864 VII.
1135 2830 1221 2872 Req.
1247 2830 1278 2872 Ι,
1297 2832 1355 2872 82,
1382 2831 1493 2874 Jaffd,
1521 2832 1616 2867 Bibl.
1636 2832 1688 2874 ΙΙ,
1710 2844 1747 2876 p.
1768 2834 1859 2871 103,-

366 2874 474 2916 ιῙοιῙΤέ,
500 2875 585 2917 Rey.
606 2879 706 2918 pont.
732 2876 784 2911 ed.
803 2877 836 2910 2.
861 2888 918 2911 nr.
936 2878 1041 2912 4703.
1059 2877 1165 2912 4704,
1204 2876 1260 2918 Cf.
1285 2888 1400 2921 supra
1419 2889 1459 2921 p.
1480 2880 1547 2914 127
1565 2890 1615 2922 sq.
1725 2880 1761 2920 3)
1785 2879 1859 2912 Hoc

361 2932 552 2965 perperam
577 2923 732 2955 relatum
756 2924 894 2956 videtur
919 2934 988 2957 esse
996 2935 1010 2964 ;
1034 2924 1081 2965 ef.
1108 2924 1212 2965 infra
1238 2935 1271 2960 a.
1292 2926 1383 2960 1076
1402 2924 1482 2970 (SS.
1506 2926 1545 2969 V,
1567 2937 1606 2969 p.
1626 2925 1722 2972 244).
1871 2936 1906 2961 45
