2014 3184
608 251 771 288 INDEX
796 252 1146 291 LOCUTIONUM.

157 401 166 409 .
186 401 194 409 .
218 382 289 408 nec
313 371 386 407 alio
410 373 519 418 pacto
544 382 656 417 quam
679 372 856 417 sanguine

126 419 335 466 principum
373 447 381 456 .
418 447 426 456 .
462 447 471 456 .
508 419 687 465 restingui
720 419 858 464 poterit

127 469 211 513 211,
223 478 270 504 2⁶.

175 525 267 560 quos
291 513 381 550 dum
404 513 467 550 ille
491 514 572 550 loco
589 514 714 559 pulsos
731 513 857 549 sistere

125 572 364 609 pugnamque
399 561 672 598 restituere
713 572 858 596 summo

127 610 319 646 conamine
335 609 529 645 moliretur
547 611 626 653 123,
640 621 686 646 20.
706 629 749 635 —
774 620 858 644 cum

125 657 319 694 inclinatas
342 657 417 693 iam
442 657 490 693 ad
513 657 640 703 fugam
666 656 760 692 acies
783 656 858 691 dux

164 734 173 742 .
201 733 208 742 .
231 705 426 742 restituere
451 733 460 743 .
486 730 495 742 .
523 733 531 742 .
557 706 708 740 conatus
731 704 859 740 fuisset

127 733 211 798 220,
224 765 271 791 so.

175 993 274 1026 etate
307 992 345 1026 et
378 990 454 1026 vite
487 990 698 1026 innocentia
731 989 856 1024 admo-

127 1038 215 1074 dum
249 1038 554 1074 reverendus
585 1039 703 1083 68,3ο.
733 1058 775 1063 ——
802 1037 858 1072 vir

127 1088 249 1122 aetate
266 1087 304 1122 et
315 1086 414 1122 vitae
430 1085 640 1121 innocentia
657 1085 857 1120 admodum

126 1133 349 1170 reverendus
379 1136 460 1179 109,
474 1145 520 1171 20.

174 1181 238 1216 Ad
278 1183 427 1227 ceptum
467 1181 594 1227 pocius
635 1183 856 1216 reverta-

126 1240 227 1264 mur
260 1231 400 1274 128,1⁶.
438 1250 480 1255 —
517 1228 593 1265 Sed
623 1228 671 1263 ad
696 1232 856 1274 ceptum,

126 1276 226 1312 unde
302 1277 310 1284 ⁴
358 1277 427 1312 essi
475 1288 617 1322 sumus,
663 1276 856 1312 redeamus

126 1326 210 1368 216,
224 1336 268 1362 10.
288 1345 331 1350 —
351 1323 427 1360 Sed
451 1335 518 1360 nos
543 1324 591 1359 ad
614 1324 856 1370 propositum,

126 1371 225 1408 unde
261 1371 414 1419 digressi
451 1383 593 1417 sumus,
627 1374 857 1408 revertamur

127 1421 209 1464 828,
223 1431 251 1457 1.
287 1436 330 1446 —·
364 1420 597 1466 propositum
630 1419 758 1466 pocius
794 1431 856 1466 ag-

126 1467 339 1514 grediamur
362 1470 503 1513 336,15.

173 1515 427 1551 Disseminatis
459 1527 527 1561 per
551 1515 685 1550 curtim
716 1515 856 1560 regiam

126 1563 407 1598 rumoribus
432 1562 598 1609 divulgat
623 1565 722 1608 90,1.

176 1752 339 1798 undique
371 1752 513 1797 laxatis,
547 1752 661 1787 immo
694 1752 857 1798 ruptis

127 1800 266 1836 irarum
302 1800 455 1836 habenis
491 1802 576 1844 115,
599 1811 628 1837 5.
661 1821 703 1826 —
739 1800 857 1846 ruptis

130 1877 138 1885 .
159 1876 166 1884 .
186 1876 194 1884 .
220 1848 372 1884 habenis
399 1851 479 1891 134,
494 1859 539 1884 so.
565 1868 611 1874 —
636 1848 755 1893 ruptis
780 1859 856 1883 om—

129 1895 237 1931 nibus
277 1895 478 1931 modestiae
517 1898 555 1930 et
590 1895 856 1941 temperantiae

128 1942 241 1979 frenis
276 1945 362 1988 140,
383 1954 428 1979 20.
460 1962 503 1969 —
536 1943 654 1988 ruptis
688 1943 857 1978 omnibus

128 1990 280 2026 humani
306 2019 314 2028 .
340 2020 347 2027 .
373 2019 381 2027 .
406 1989 557 2036 pudoris
582 1990 695 2026 frenis
718 1993 802 2035 246,
810 2001 858 2028 25.

130 2059 173 2064 —
199 2038 316 2084 ruptis
340 2038 414 2073 iam
437 2038 605 2073 omnibus
629 2038 718 2073 iuris
744 2041 782 2074 et
805 2039 857 2074 le-

129 2097 217 2133 gum
241 2085 452 2122 retinaculis
479 2088 559 2131 158,
575 2098 600 2122 1.

1565 257 1635 292 473

955 515 1034 551 Liv.
1062 516 1102 558 V,
1123 517 1180 558 18,
1205 517 1238 552 8.
1266 515 1423 551 Titinius
1451 545 1458 553 .
1479 545 1486 552 .
1506 542 1514 551 .
1540 517 1635 551 mili-

906 561 1004 596 tibus
1038 562 1201 598 collectis
1235 563 1350 598 aciem
1384 563 1635 608 restituit;

914 609 975 651 VI,
1001 611 1035 654 8,
1064 612 1096 646 7.
1132 613 1331 655 conspectu
1365 622 1431 645 suo
1456 611 1636 656 proelium

906 656 1087 700 restituit,
1138 658 1205 700 IV,
1246 659 1310 701 38,
1354 660 1386 695 5.
1432 658 1637 693 restituitur

908 704 1076 739 omnibus
1102 704 1189 740 locis
1222 716 1366 750 pugna;
1404 706 1484 748 ΙΙΙ,
1512 708 1573 749 70,
1601 708 1635 742 8.

907 751 971 786 ubi
995 752 1069 787 iam
1090 752 1336 787 inclinabatur
1351 753 1512 788 hostium
1530 753 1635 796 acies,

906 804 991 840 eta:
1024 801 1108 843 VII,
1133 803 1191 836 33.
1222 800 1390 835 inclinari
1414 812 1492 835 rem
1517 801 1555 835 in
1581 800 1636 835 fu-

906 858 992 893 gam
1026 848 1206 892 apparuit.
1237 869 1282 873 —
1315 849 1456 885 Sueton.
1482 849 1552 883 Iul.
1578 851 1634 885 62.

907 894 1121 930 inclinatam
1155 895 1269 930 aciem
1304 896 1402 931 solus
1436 907 1543 941 saepe
1581 907 1635 931 re-

908 942 1038 979 stituit.

955 991 1034 1027 Liv.
1061 991 1130 1034 IX,
1150 993 1183 1027 7.
1210 993 1329 1026 aetate
1354 991 1545 1027 verendus.

954 1181 1043 1217 Sall.
1060 1181 1141 1225 qu.
1165 1183 1198 1218 4.
1217 1183 1273 1218 42.
1301 1181 1347 1216 ad
1370 1181 1556 1226 inceptum
1579 1193 1634 1216 re-

906 1227 987 1263 deo.
998 1249 1040 1253 —
1052 1229 1150 1265 Iord.
1168 1230 1242 1264 Get.
1259 1232 1312 1265 12.
1331 1228 1394 1263 Ad
1406 1229 1634 1274 propositum

905 1287 1004 1321 vero,
1031 1276 1129 1311 unde
1153 1288 1220 1311 nos
1238 1276 1391 1322 digressi
1416 1279 1550 1320 sumus,
1570 1303 1578 1311 .
1598 1303 1606 1311 .
1626 1305 1633 1313 .

905 1324 1110 1368 redeamus,
1146 1329 1203 1360 etc.
1233 1345 1274 1350 -—
1307 1325 1406 1368 Sulp.
1434 1325 1508 1360 Sev.
1535 1325 1632 1360 Dial.

906 1373 943 1417 I,
969 1374 1026 1408 21.
1066 1371 1112 1406 ad
1148 1372 1377 1417 propositum
1414 1374 1635 1407 reverta-

906 1431 944 1454 m
954 1432 978 1454 u
989 1431 1017 1456 r.

964 1516 1004 1552 V.
1043 1516 1156 1551 Mart.
1197 1517 1253 1551 18.
1296 1514 1359 1559 qui
1399 1525 1635 1549 rumorem

905 1562 1003 1598 hunc
1031 1574 1100 1608 per
1123 1563 1302 1608 populum
1328 1562 1634 1597 disseminassent.

908 1631 950 1636 -—
987 1612 1104 1646 Amm.
1134 1611 1250 1646 Marc.
1276 1611 1422 1654 XXIX,
1451 1613 1484 1653 6,
1514 1612 1546 1646 6.
1582 1609 1635 1644 rei

943 1684 951 1692 .
979 1687 986 1694 .
1023 1658 1277 1693 disseminatus
1312 1669 1438 1692 rumor
1463 1657 1544 1691 ilico
1570 1668 1636 1701 per

906 1705 1058 1742 diversa

962 1755 1063 1798 Ver-y.
1090 1754 1178 1789 Aen.
1205 1753 1295 1795 XII,
1318 1755 1400 1789 498.
1426 1752 1635 1795 irarumque

905 1812 1033 1836 omnes
1059 1801 1215 1836 effundit
1239 1800 1409 1836 habenas.

954 2040 1071 2075 Amm.
1099 2039 1215 2073 Marc.
1241 2038 1388 2080 XXIX,
1413 2039 1446 2077 6,
1468 2039 1522 2073 18.
1549 2036 1635 2071 reti·

904 2086 1044 2122 naculis
1068 2085 1240 2131 ruptis.

858 2207 907 2244 S.

176 2287 244 2322 per
268 2275 371 2311 cuius
395 2286 532 2312 nomen
565 2276 603 2311 in
628 2276 735 2311 unius
761 2276 854 2311 eius—

959 2278 1060 2321 Sulp.
1087 2278 1160 2312 Sev.
1189 2276 1286 2309 Dr’al.
1313 2276 1365 2317 II,
1396 2277 1450 2311 11.
1487 2285 1524 2308 se
1559 2284 1636 2308 esse

127 2323 285 2368 demque
339 2324 496 2360 miliciae
549 2326 856 2359 sacramenta
909 2324 1064 2359 militem
1101 2323 1246 2366 Christi,
1285 2322 1387 2356 illum
1422 2332 1568 2365 quoque
1599 2321 1636 2354 in

127 2371 306 2407 iurassent
329 2374 412 2416 213,
426 2383 471 2408 20.
499 2392 543 2397 -—
573 2371 793 2417 quicumque
817 2372 855 2406 in
910 2372 1039 2407 eadem
1081 2370 1243 2405 eiusdem
1281 2369 1431 2403 militiae
1474 2379 1635 2403 sacra-

127 2421 354 2458 sacramenta
378 2419 596 2455 christianae
624 2419 776 2454 militiae
801 2419 855 2453 iu·
910 2422 1070 2453 menta
1095 2418 1252 2461 iurasse;
1279 2417 1350 2461 Ep.
1376 2419 1409 2452 3.
1436 2416 1572 2449 iuratos
1598 2415 1635 2448 in

126 2467 233 2502 rastis
258 2469 340 2512 314,
355 2479 413 2504 ιο.-

176 2517 355 2559 quantum
390 2517 537 2560 poterat
578 2515 713 2549 salva
753 2525 854 2549 vere-

128 2561 261 2596 cundia
296 2564 376 2606 106,
391 2573 436 2598 15.
472 2581 515 2588 -
551 2565 730 2606 quantum
756 2562 856 2596 salva

127 2608 348 2644 verecundia
363 2611 510 2654 poterat
527 2611 660 2653 131‚10.
679 2630 724 2634 —
742 2620 856 2653 quan-

128 2659 209 2690 tum
243 2656 343 2691 salva
372 2656 474 2702 regia
507 2655 687 2701 dignitate
711 2658 858 2701 poterat

131 2705 211 2747 140,
225 2714 270 2740 so.
298 2723 341 2729 —
368 2707 546 2748 quantum
580 2704 681 2738 salvo
715 2703 856 2748 pudore

130 2761 196 2786 suo
237 2753 275 2786 et
316 2750 421 2797 regni
460 2751 652 2787 maiestate
694 2751 857 2796 accipere

128 2798 240 2834 vellet
263 2800 346 2842 212,
361 2808 406 2834 15.
426 2818 468 2823 —
487 2798 663 2842 quamdiu
680 2798 718 2833 id
735 2801 859 2843 posset

130 2845 230 2880 salva
254 2845 416 2890 equitate
441 2847 522 2889 325,
534 2856 563 2882 ⁶.
592 2865 634 2871 -—
662 2846 761 2880 salva
785 2845 858 2880 fide

130 2892 286 2928 dixerint
311 2895 393 2937 327,
407 2903 454 2929 35.

911 2466 1045 2501 Christi
1070 2467 1296 2500 sacramenta
1321 2464 1467 2499 tirones

958 2845 1026 2879 Cic.
1040 2854 1112 2887 pro
1131 2844 1230 2877 Rosv.
1245 2842 1364 2874 Anae-r.
1383 2841 1441 2883 34,
1456 2842 1511 2876 95.
1538 2839 1637 2884 quod

908 2903 924 2926 s
935 2904 955 2928 a
965 2892 977 2925 l
988 2902 1010 2925 v
1021 2902 1042 2925 a
1067 2890 1138 2924 fide
1164 2889 1310 2934 possim.
