2014 3184
700 784 1054 848 INDEX

118 901 535 946 LOOUTIONUM
566 901 1073 944 MEMORABILIUM
1107 901 1628 945 OOMPARATARUM

633 986 767 1028 CUM
798 985 1117 1038 ANTIQUIS.

267 1112 400 1184 Opus
430 1129 616 1171 arduum
645 1127 821 1183 suscepi,
855 1142 1086 1171 aerumnae
1119 1143 1171 1171 ac
1201 1128 1334 1171 taedii
1355 1128 1546 1183 plenum,
1584 1133 1630 1171 ut

119 1189 430 1246 investiyarem,
468 1188 620 1242 quibus
641 1187 914 1243 potissimum
945 1187 1188 1231 auctoribus
1229 1187 1343 1231 lectis
1374 1188 1631 1242 Lampertus

119 1250 180 1292 ad
208 1253 374 1293 tantam
404 1247 658 1303 eleyantiam
688 1247 897 1290 sermonis
937 1247 1129 1291 eruditus
1165 1247 1233 1290 sit.
1296 1248 1436 1302 Atque
1469 1247 1516 1290 id
1545 1262 1630 1290 ma-

119 1308 232 1352 xime
271 1308 350 1364 eyi,
391 1312 439 1351 ut
469 1307 584 1351 dicta
624 1307 688 1351 bis
727 1307 792 1350 vel
813 1307 983 1362 pluries
1013 1308 1066 1350 ab
1098 1322 1144 1350 eo
1175 1312 1385 1362 usurpata
1416 1308 1628 1361 afferrem,

121 1383 215 1412 cum
245 1368 314 1412 his
343 1381 430 1411 uno
462 1368 549 1411 loco
581 1366 761 1410 collectis
791 1366 1022 1421 efficiatur,
1055 1371 1103 1410 ut
1133 1368 1303 1411 lectores
1333 1367 1512 1420 facilius
1534 1382 1631 1422 per-

121 1427 280 1483 spicere
301 1427 483 1483 possint‚
525 1426 599 1470 ubi
630 1431 777 1470 auctor
807 1441 894 1470 non
925 1441 1033 1481 quae
1073 1441 1168 1470 vere
1200 1431 1410 1482 comperta
1441 1427 1629 1480 habebat,

121 1489 196 1532 sed
225 1501 334 1543 quae
364 1487 447 1530 sibi
478 1501 529 1530 ex
559 1486 732 1542 inqenio
765 1488 1044 1541 confinxerat,
1078 1486 1309 1541 scripserit.
1379 1487 1473 1541 Qua
1505 1488 1555 1530 (le
1586 1501 1632 1529 re

122 1547 179 1590 R.
212 1547 341 1591 Kubo
381 1551 420 1590 et
459 1547 507 1590 J.
539 1546 871 1599 Dieffenbaclier
912 1546 1065 1590 libellis
1094 1561 1228 1600 supra
1256 1562 1304 1601 p.
1327 1550 1453 1587 XLII.
1486 1546 1633 1589 allatis

125 1607 429 1650 disseruerunt.
488 1607 636 1660 Neque
667 1605 812 1649 omnia
843 1606 957 1649 (licta
989 1605 1238 1660 compluries
1269 1606 1534 1649 occurrentia
1566 1621 1632 1648 ne-

125 1681 204 1722 que
234 1681 377 1710 omnes
407 1665 568 1708 similes
599 1665 679 1708 loci
710 1665 984 1719 antiquorum
1023 1665 1277 1720 scriptorum
1317 1665 1470 1718 afferri
1493 1670 1636 1720 potue-

129 1731 230 1770 runt
259 1725 348 1770 nisi
379 1725 476 1768 totis
512 1725 707 1779 operibus
738 1725 959 1780 Lamperti
997 1725 1152 1768 iterum
1191 1725 1421 1779 rescriptis.
1485 1725 1637 1768 Decies

127 1786 296 1841 quidem
318 1786 454 1840 plura
484 1799 613 1839 quam
644 1785 770 1827 attuli
801 1784 958 1839 colleyi,
1000 1786 1075 1828 secl
1113 1799 1164 1827 ex
1195 1784 1263 1827 his
1293 1784 1420 1838 seleqi
1451 1799 1502 1828 ea
1530 1798 1637 1838 quae

126 1845 312 1888 maxime
350 1847 410 1888 acl
447 1859 537 1888 rem
577 1845 720 1897 facere
760 1844 1026 1887 videbantur.
1091 1845 1239 1898 Neque
1276 1844 1508 1898 quidquam
1540 1859 1637 1898 per-

128 1905 229 1959 fecti
259 1909 384 1959 atque
415 1904 597 1948 absoluti
629 1904 823 1947 omnibus
853 1903 1044 1947 numeris
1075 1903 1298 1947 lectoribus
1329 1904 1474 1956 offero.
1534 1903 1638 1946 Nisi

129 1965 243 2008 enim
273 1965 343 2008 hic
374 1965 495 2007 labor
524 1963 573 2007 in
613 1963 835 2017 infinitum
866 1964 1203 2018 protraheretur,
1246 1978 1458 2018 nusquam
1481 1963 1638 2018 perfici

121 2023 291 2079 poterit.
357 2025 504 2077 Neque
536 2038 632 2066 vero
663 2025 969 2066 verecundatus
1009 2038 1102 2066 sum
1143 2023 1223 2066 has
1246 2023 1471 2077 primitias
1511 2023 1639 2067 liu—ius

132 2083 293 2127 laboris
323 2083 528 2137 exhibere,
563 2097 656 2126 cum
687 2098 760 2126 eae
791 2083 919 2126 etiam
949 2083 1073 2126 utiles
1103 2083 1198 2136 fore
1228 2083 1487 2126 viderentur.

274 2143 343 2186 Iis
383 2157 490 2197 quae
531 2142 657 2186 attuli
697 2143 826 2187 elucet
865 2143 1143 2197 Lampertum
1189 2143 1265 2186 lios
1307 2143 1491 2186 maxime
1533 2143 1639 2186 lecti-

131 2207 242 2246 tasse
262 2206 466 2257 auctores,
499 2217 604 2257 quos
623 2217 757 2257 supra
779 2218 827 2257 p.
851 2206 923 2240 XL
933 2207 973 2243 V.
996 2202 1142 2257 primo
1175 2203 1262 2246 loco
1293 2202 1542 2255 nominavi;
1574 2202 1641 2244 his

130 2276 228 2305 vcro
268 2261 567 2317 adiunyendae
606 2267 706 2306 sunt
745 2262 948 2305 historiae
986 2262 1150 2305 Iustini
1190 2267 1228 2305 et
1258 2262 1485 2304 Ammiani
1517 2262 1640 2304 Mar-

132 2321 275 2365 cellini
288 2322 316 2376 ¹,
358 2335 541 2376 quarum
573 2322 754 2366 codicem
785 2322 1008 2376 antiquum
1046 2326 1084 2363 et
1115 2321 1317 2375 optimum
1349 2321 1449 2364 olim
1480 2321 1528 2363 in
1559 2335 1640 2363 mo-

131 2381 320 2424 nasterio
350 2381 652 2435 Hersfelclensi
683 2386 895 2425 servatum
926 2381 1061 2434 fuisse
1093 2385 1267 2423 constat.

276 2441 401 2484 Inter
447 2442 556 2485 locos
596 2441 870 2495 antiquorum
911 2445 1130 2483 auctorum
1177 2441 1331 2482 allatos
1372 2440 1642 2483 discernendi

133 2504 233 2543 sunt
278 2500 324 2542 hi
329 2535 342 2555 ,
390 2514 492 2554 quos
532 2502 790 2555 Lampertus
830 2501 950 2542 haud
994 2499 1116 2542 dubie
1162 2499 1366 2542 mem-oria
1413 2499 1546 2542 tenuit
1592 2514 1642 2542 ac

133 2559 334 2613 repetivit,
376 2564 414 2602 et
454 2559 546 2613 alii,
588 2574 691 2614 quos
730 2575 824 2603 eum
855 2559 1067 2602 imitatum
1098 2574 1184 2602 esse
1224 2558 1398 2601 minime
1430 2560 1642 2601 contende-

134 2632 235 2671 rem,
278 2631 456 2672 quorum
496 2619 655 2662 similes
696 2619 776 2662 alii
817 2618 940 2662 multi
980 2632 1031 2661 ew
1071 2618 1221 2661 iisdem
1261 2619 1325 2661 rel
1370 2618 1472 2660 aliis
1520 2618 1643 2660 libris

138 2736 173 2778 l)
199 2735 390 2768 Ammiani
412 2735 621 2769 Marcellini
654 2735 788 2769 librum
823 2746 845 2769 a
871 2735 1067 2780 Lamperto
1101 2735 1224 2769 lectum
1259 2745 1329 2768 esse
1360 2738 1457 2779 patet-
1487 2736 1644 2768 maxime

136 2783 176 2815 in
201 2782 366 2816 clausula
391 2782 604 2825 Annalium,
629 2794 736 2827 quam
762 2794 808 2817 εει*
833 2783 944 2817 huius
976 2786 1006 2816 et
1033 2782 1189 2826 Sulpicii
1211 2782 1332 2816 Severi
1358 2782 1530 2816 clausulis
1554 2793 1644 2816 com-

132 2830 450 2912 ploggitatgzlgntra
475 2829 540 2864 sub
556 2840 633 2864 voce
656 2829 822 2872 libuerit)
847 2834 878 2864 et
903 2841 948 2864 ex
975 2830 1045 2864 loco
1070 2841 1170 2874 quem
1196 2831 1302 2873 infra
1326 2830 1392 2864 sub
1408 2840 1483 2864 voce
1509 2841 1645 2875 cogno-
