2014 3184
162 355 191 382 V.
200 354 280 380 Lulli
289 363 312 382 c.
324 357 366 382 13.

230 1067 267 1092 ib.
280 1074 303 1093 c.
314 1068 356 1092 14.

222 1481 259 1506 ib.
271 1489 294 1506 c.
308 1483 352 1508 15.

220 1541 257 1566 fb.
270 1548 294 1567 c.
306 1542 351 1568 16.

206 2603 243 2628 ib.
256 2611 278 2629 c.
293 2605 336 2630 17.

383 224 452 257 346
550 224 820 263 LAMPERTI
843 229 1139 269 INSTITUTIO
1164 235 1562 277 HERVELDENSIS
1587 242 1724 281 EOCL.

383 348 576 399 scopatu
598 351 830 399 successit,
865 366 1046 396 omnem
1069 370 1253 411 operam
1277 373 1418 413 suam,
1450 364 1570 406 sicut
1592 366 1646 417 ei,
1682 381 1786 410 cum
1809 370 1885 412 ad-

382 403 472 445 huc
506 406 642 448 rebus
675 408 888 453 humanis
910 413 1165 467 interesset,
1200 419 1436 472 pollicitus
1458 423 1624 476 fuerat,
1658 425 1883 471 inlocum

382 462 659 508 Fuldensem
681 468 898 511 intendit.
953 473 1117 528 Itaque
1139 476 1308 520 fratres
1330 480 1620 536 frequentius
1651 485 1881 531 invisebat

381 536 628 579 eorumque
651 528 827 571 animos
850 544 986 586 super
1009 533 1197 577 decessu
1220 537 1345 580 beati
1363 539 1595 584 Bonifacii
1611 546 1769 588 anxios
1786 561 1880 590 ver·
1925 555 1930 559 '

380 581 449 622 bis
481 584 539 624 ad
563 587 895 630 consolandum
918 593 1284 646 exquisitissimis
1306 599 1567 654 refovebat;
1601 603 1912 661 ubicumques

378 654 449 682 res
482 648 702 696 posceret,
738 648 911 700 aderat,
945 650 1129 706 inopiae
1151 655 1216 696 rei
1238 656 1481 702 familiaris
1504 662 1879 717 supplementum

378 700 556 742 affatim
598 705 832 758 prebebat,
876 710 1146 763 periculum,
1189 714 1228 755 si
1269 717 1391 769 quod
1432 719 1554 762 forte
1601 722 1875 778 immineret,

376 762 690 814 propulsabat,
725 767 879 808 omnia
911 772 1142 823 postremo
1175 772 1379 817 liberalis
1403 779 1542 832 atque
1574 781 1879 837 indulgentis·

377 819 479 860 simi
521 823 665 875 patris
707 825 862 867 officia
902 827 1139 882 inpensius
1172 835 1556 879 amministrabat.
1619 840 1791 884 Verum
1823 857 1878 887 ea

375 878 512 933 longe
555 881 692 924 aliter
732 898 869 938 quam
916 887 1013 941 ipse
1062 902 1140 944 spe
1190 895 1475 949 concepisset
1519 911 1706 943 cessere.
1769 901 1876 945 Non
1891 924 1927 950 ιο

375 937 523 979 solum
556 941 677 982 enim
710 943 810 984 hisa
846 945 982 987 rebus
1015 949 1196 991 nullum
1237 952 1460 1006 favorem,
1501 957 1679 1000 nullam
1719 974 1876 1004 eorum

375 996 733 1042 benivolentiam
765 1003 853 1045 sibi
895 1007 1185 1060 conciliabat,
1224 1025 1380 1054 verum
1421 1015 1562 1058 etiam
1603 1022 1875 1064 cunctorum

373 1055 438 1097 ibi
471 1057 740 1112 degentium
781 1064 1048 1117 gravissima
1090 1068 1139 1108 in
1170 1083 1218 1112 se
1251 1072 1358 1113 odia
1388 1075 1656 1119 suscitabat.
1719 1079 1874 1134 Igitur

372 1118 476 1169 post
503 1118 674 1160 multos
707 1121 895 1164 sudores
927 1124 1058 1167 irrita
1081 1140 1160 1182 spe
1183 1130 1443 1184 exhaustos,
1477 1138 1582 1190 post
1605 1137 1872 1182 diuturnam

372 1174 766 1231 deliberationem,
808 1183 997 1226 tandem
1038 1186 1187 1229 victus
1225 1203 1378 1232 rerum
1419 1195 1680 1248 asperitate,
1722 1199 1871 1241 totam
1886 1220 1920 1247 15

370 1233 427 1275 ab
469 1235 655 1290 incepto
696 1239 1003 1285 intentionem
1035 1249 1279 1299 revocavit,
1320 1253 1607 1296 contestatus
1639 1256 1870 1300 viventem

370 1293 417 1333 111
451 1293 636 1338 Christo
678 1299 891 1352 spiritum
933 1302 1059 1345 beati
1090 1304 1334 1359 Bonifacii,
1373 1310 1571 1355 voluisse
1603 1315 1789 1368 quidem
1821 1331 1869 1360 se

370 1355 598 1408 preceptis
620 1357 730 1408 eius,
765 1360 931 1412 quibus
964 1362 1006 1404 ei
1037 1363 1190 1406 locum
1213 1366 1349 1409 illum
1369 1369 1606 1424 inpensius
1627 1370 1868 1419 *commen-
1882 1393 1928 1427 *μ
1942 1395 2005 1423 189.

369 1411 570 1463 flaverat,
611 1429 782 1469 parere,
826 1420 906 1461 sed
942 1421 988 1461 vi
1025 1436 1077 1464 ac
1114 1423 1284 1467 iniuria
1323 1427 1524 1471 fractum
1557 1430 1658 1475 1000
1691 1435 1865 1479 cedere.

367 1469 682 1516 Hei-veldense
715 1476 882 1520 deinde
924 1480 1072 1522 solum
1104 1483 1370 1528 melioribus
1407 1489 1617 1543 profecto
1649 1494 1866 1548 auspiciis
1879 1512 1915 1537 20

366 1543 591 1586 occupare
624 1536 915 1589 aggreditur;
958 1539 1007 1580 in
1038 1541 1162 1584 hunc
1194 1543 1348 1586 locum
1380 1560 1537 1590 omnes
1573 1563 1678 1594 suas
1711 1554 1865 1608 copias

366 1589 524 1631 dedita
545 1605 684 1646 opera
707 1596 869 1649 coegit,
903 1599 1059 1641 tantas
1089 1615 1243 1644 rerum
1273 1604 1488 1660 inpensas
1520 1608 1671 1652 alieno
1701 1611 1865 1656 funda-

365 1652 520 1691 mento
554 1652 650 1694 sine
682 1653 841 1696 fructu
873 1658 1121 1711 acquisitas
1162 1662 1270 1704 hinc
1309 1677 1413 1706 cum
1445 1666 1603 1710 fructu
1634 1669 1863 1716 insumere

363 1711 510 1761 parat.
561 1709 650 1761 Qui
680 1715 726 1754 et
755 1715 928 1758 acriore
950 1717 995 1759 vi
1018 1719 1115 1761 eius
1143 1721 1209 1762 rei
1230 1724 1382 1776 gratia
1406 1721 1611 1781 [ceptisb]
1634 1728 1860 1783 incubuit,

362 1769 416 1808 ut
441 1768 642 1811 fractum
664 1772 806 1825 priori
832 1775 1111 1820 adversitate
1137 1780 1342 1823 animum
1363 1786 1574 1838 sequenti
1593 1801 1746 1830 rerum
1766 1803 1910 1835 suc-2⁶

363 1839 492 1868 cessu
523 1830 802 1874 restitueret.
850 1834 948 1877 Nec
977 1849 1103 1891 spem
1134 1839 1308 1882 fefellit
1335 1845 1539 1886 eventus.
1586 1846 1707 1889 Nam
1735 1849 1861 1893 brevi

361 1887 581 1941 temporis
604 1903 819 1943 processu
842 1892 1156 1940 Herveldense
1189 1913 1356 1943 nomen
1387 1902 1436 1943 in
1467 1903 1740 1948 immensum
1766 1909 1859 1963 glo-

360 1945 454 1986 riae
488 1949 534 1987 et
568 1949 901 2003 magnitudinis
929 1955 1112 1998 culmen
1139 1963 1359 2001 evaserat.
1409 1961 1585 2016 Opibus
1617 1965 1855 2020 siquidem,

360 2005 480 2057 agris
528 2020 580 2047 ac
628 2008 818 2052 familiis
859 2026 1039 2055 necnon
1080 2017 1300 2060 aedificiis
1340 2021 1486 2075 magis
1527 2024 1764 2080 magisque
1807 2027 1857 2069 in

359 2062 455 2103 dies
488 2066 757 2118 augebatur,
801 2071 970 2123 partim
1003 2075 1157 2116 studio
1191 2076 1316 2118 beati
1348 2079 1485 2132 Lulli,
1529 2083 1750 2137 sapientis
1782 2087 1856 2128 ad·
1869 2101 1905 2126 30

357 2122 544 2163 niodum
576 2124 674 2175 viri,
717 2129 887 2180 partim
918 2130 1200 2176 liberalitate
1237 2137 1497 2192 principum
1529 2142 1678 2184 tocius
1709 2146 1852 2200 regni,

356 2181 434 2234 qui
475 2182 551 2236 pio
593 2184 690 2225 eius
723 2186 950 2230 desiderio
992 2204 1077 2244 ope
1109 2205 1287 2235 summa
1319 2210 1475 2239 omnes
1509 2201 1852 2246 annitebantur.

354 2239 422 2280 Ea
454 2241 595 2282 etiam
627 2256 765 2285 causa
805 2259 913 2300 opes
954 2252 1219 2292 monasterii
1249 2267 1343 2295 non
1374 2257 1615 2300 minimum
1647 2265 1850 2313 auxerat,

355 2300 477 2352 quod
517 2300 783 2355 frequentes
816 2319 869 2346 eo
902 2308 1197 2351 confluebant
1238 2312 1446 2356 homines
1480 2317 1672 2359 celebris
1707 2320 1758 2360 in
1788 2334 1851 2364 se-

354 2358 458 2400 culo
501 2361 547 2401 et
583 2361 736 2404 famae
769 2366 816 2405 et
846 2365 1064 2418 familiae,
1108 2369 1186 2422 qui
1216 2372 1416 2414 venditis
1448 2375 1584 2416 rebus
1615 2377 1899 2424 familiari-35

354 2416 438 2458 bus
470 2419 625 2473 precia
657 2434 813 2463 earum
846 2425 1102 2468 afferebant
1144 2429 1190 2470 et
1231 2432 1484 2473 secundum
1515 2434 1732 2478 instituta
1763 2440 1849 2493 pri—

353 2476 539 2519 mitivae
569 2480 816 2524 aecclesiae
846 2497 899 2524 ea
926 2485 1283 2529 substernebant
1315 2491 1509 2544 pedibus
1535 2496 1848 2548 apostolorum

353 2534 550 2578 Simonis
583 2542 630 2580 et
656 2539 902 2583 Thatheic.
955 2543 1043 2586 His
1076 2546 1198 2587 enim
1230 2549 1453 2591 aecclesia
1484 2551 1575 2594 loci
1606 2555 1848 2599 attitulata

352 2597 463 2635 erat.
526 2596 647 2638 Nam
680 2602 851 2652 postea,
894 2604 948 2643 ut
980 2603 1106 2645 Deus
1142 2605 1321 2660 insigne
1355 2609 1684 2654 documentum
1715 2615 1847 2658 daret

352 2656 603 2707 spectantis
626 2670 678 2698 eo
701 2658 1040 2704 benivolentiae
1073 2661 1227 2715 suaed,
1261 2666 1384 2708 idem
1417 2673 1602 2712 sanctus
1634 2674 1894 2727 pontifexm

351 2713 561 2766 angelica
582 2715 631 2756 in
653 2718 849 2760 somnise
877 2734 987 2763 voce
1012 2723 1156 2764 tercio
1179 2726 1248 2765 est
1270 2728 1560 2780 ammonitus,
1594 2732 1648 2772 ut
1681 2746 1844 2788 corpus

348 2812 377 2845 a)
397 2814 454 2839 hiis
473 2823 585 2847 semper
603 2825 627 2843 c.
701 2818 731 2852 b)
749 2822 880 2853 supplevi
899 2830 913 2847 e
938 2824 1002 2848 Vita
1020 2825 1111 2850 Lulh'.
1188 2827 1215 2858 c)
1233 2829 1350 2853 correxi
1369 2836 1382 2854 e
1406 2830 1436 2855 V.
1458 2831 1556 2863 Lulli,·
1574 2833 1648 2858 lude
1666 2841 1690 2860 c.
1765 2834 1794 2867 d)
1813 2839 1844 2862 et

348 2855 406 2874 non
429 2850 492 2876 sine
517 2859 570 2877 suo
590 2856 663 2879 nutu
690 2858 820 2888 gestum,
848 2861 881 2882 ut
906 2862 966 2884 tam
986 2859 1144 2886 difficulter
1163 2862 1365 2889 coalescerent
1390 2866 1481 2891 animi
1500 2867 1693 2894 Fuldensium
1718 2870 1842 2896 fratrum

347 2891 412 2909 cum
432 2887 528 2912 animo
547 2889 694 2919 pontificis
715 2891 798 2916 addit
816 2899 856 2925 c.‚
878 2901 950 2925 quae
968 2895 1034 2924 (hoc
1052 2896 1111 2921 loco
1131 2899 1258 2930 mutata)
1276 2899 1359 2930 infra
1377 2905 1539 2928 recurrunt.
1620 2903 1648 2937 e)
1667 2907 1796 2937 sompnis
1815 2914 1839 2933 c.
