2046 3190
534 241 805 293 L4MPERT1
828 243 1083 282 ANNALES.
1136 247 1180 284 A.
1210 250 1313 286 1075.
1617 253 1688 290 229

173 376 277 405 rum
318 363 610 419 potissimum
648 366 840 409 consilio
879 367 1055 410 bellum
1088 369 1364 413 Saxonicum
1398 372 1685 417 administra·
1702 374 1806 409 1075.

173 421 325 474 batur,
359 423 579 469 efferatae
602 425 918 469 multitudinis
951 428 1128 471 animos
1160 430 1336 472 salubri
1368 433 1685 476 moderatione
1700 420 1871 452 (¹¹“‘⁴²¹¹‘⁹'²

172 481 466 538 mitigabant,
505 486 690 528 orantes
723 499 800 528 eos
838 501 920 542 per
952 487 1118 538 Deum,
1161 503 1220 532 ne
1261 504 1399 542 arma,
1444 506 1561 546 quae
1603 507 1685 548 pro

171 541 452 587 vindicanda
492 543 710 587 libertate
752 559 835 588 sua
877 548 1168 590 concorditer
1201 551 1517 605 sumpsissent,
1561 567 1685 595 nunc

140 612 159 639 ο
173 601 402 645 diabolico
424 603 581 646 furore
602 606 777 660 raptati
809 606 858 647 in
880 607 1094 663 propriaa
1119 609 1295 651 viscera
1316 607 1683 665 retorquerentb,

170 673 264 704 neu
303 662 517 705 hostibus
559 665 665 716 suis,
709 666 789 720 qui
830 665 1090 709 luctuosam
1124 683 1151 710 a
1183 683 1230 711 se
1262 669 1506 712 victoriam
1537 685 1686 726 repor-

169 722 367 774 tassent,
411 736 494 778 per
533 723 804 766 intestinam
845 727 966 769 hanc
1009 728 1289 771 sedicionem
1331 730 1506 772 animos
1550 732 1685 773 auda·

171 780 380 836 ciamque
410 785 693 838 repararent.
742 784 961 829 Preterea
993 790 1248 839 cernentes,
1282 790 1402 843 quod
1434 790 1685 833 infractam

170 840 321 895 prima
348 842 629 886 adversitate
651 844 835 899 plebem
856 847 1156 890 vehementer
1187 848 1280 889 iam
1308 848 1421 891 belli
1453 850 1685 905 peniteret

123 912 158 938 10
170 900 345 955 pariter
376 903 424 944 et
455 903 649 954 tederet,
676 905 814 947 veriti
846 906 1000 957 etiam,
1034 908 1088 947 ut
1120 921 1300 963 semper
1330 909 1509 950 varium
1542 912 1588 952 et
1620 911 1684 952 in-

170 959 338 1002 stabile
380 963 451 1004 est
490 962 639 1017 plebis
679 963 938 1018 ingenium,
985 980 1043 1008 ne
1085 967 1208 1022 ipsos
1250 968 1481 1024 principes
1524 972 1683 1025 captos

169 1019 270 1075 regi
299 1020 540 1064 traderent
573 1024 620 1064 et
652 1036 782 1065 suam
814 1025 1013 1067 salutem
1046 1039 1204 1068 eorum
1237 1028 1461 1082 sanguine
1493 1029 1683 1072 redime-

169 1081 288 1130 rent,
330 1080 595 1124 retulerunt
635 1083 695 1124 ad
733 1097 809 1126 eos
843 1084 899 1127 de
932 1099 1044 1140 pace
1077 1086 1381 1129 instauranda
1422 1091 1682 1131 suaserunt—

169 1152 270 1193 que,
303 1141 372 1191 ut,
406 1141 650 1195 quoniamc
680 1143 823 1186 semel
855 1147 1047 1200 accepta
1069 1145 1224 1188 clades
1247 1146 1360 1189 belli
1383 1144 1476 1189 eisd
1502 1149 1682 1190 tedium

121 1211 155 1237 15
168 1198 497 1255 horroremque
528 1201 842 1254 incussissete,
877 1218 1061 1247 omnem
1092 1219 1215 1247 nunc
1238 1220 1425 1261 operam
1447 1209 1682 1250 verterent

167 1257 228 1299 ad
267 1258 544 1314 placandam
583 1262 706 1317 regis
747 1263 992 1306 adversum
1034 1278 1081 1307 se
1122 1265 1506 1321 indignationem.
1572 1267 1681 1310 Gra-

165 1319 322 1361 tanter
362 1316 529 1362 nimisf
571 1321 659 1364 hoc
701 1322 913 1364 auditum
955 1326 1288 1380 acceptumque
1337 1328 1406 1368 est
1455 1326 1512 1368 ab
1555 1328 1681 1369 omni

166 1377 315 1432 plebe.
386 1376 647 1435 Statimque
696 1382 963 1438 episcopum
1005 1384 1330 1427 Premensem1
1379 1388 1425 1428 et
1466 1386 1678 1429 Udonem

166 1438 481 1482 marchionem
525 1440 697 1483 collato
739 1442 932 1484 consilio
979 1444 1039 1485 ad
1078 1458 1236 1500 regem
1280 1445 1506 1487 miserunt
1547 1460 1678 1490 orare

115 1493 252 1552 soper
280 1497 446 1550 Deum,
486 1501 541 1541 ut
578 1495 746 1543 saltem
777 1516 902 1544 nunc
935 1504 1160 1558 sanguine
1194 1518 1353 1546 eorum
1386 1507 1679 1548 exsaturatus

165 1556 434 1601 iracundiae
482 1573 592 1602 suae
646 1561 835 1602 modum
885 1565 1081 1617 poneret
1127 1577 1212 1606 nec
1260 1565 1479 1620 exiguum
1526 1567 1678 1620 gentis

167 1616 432 1670 Saxonicae,
467 1620 591 1673 quod
623 1621 936 1664 atrocissimae
970 1623 1071 1664 cedi
1104 1624 1411 1678 superfuerat,
1441 1639 1586 1679 usque
1619 1627 1678 1668 ad

164 1675 519 1721 internicionem
541 1679 736 1730 deleret;
762 1681 886 1723 diem
905 1682 1065 1736 pocius
1087 1682 1332 1738 locumque
1356 1685 1674 1735 constitueret,

165 1748 255 1789 quo
286 1738 392 1778 tuto
423 1738 594 1788 venire,
637 1740 742 1781 tuto
781 1754 967 1782 causam
1001 1741 1153 1784 dicere
1186 1742 1348 1785 liceret
1364 1743 1390 1783 ².
1456 1743 1513 1786 Se
1546 1744 1676 1786 iuxta

114 1809 151 1835 25
163 1794 533 1839 iurisdictionem
555 1799 761 1840 omnium
782 1800 916 1854 regni
947 1800 1211 1856 principum
1244 1802 1300 1844 de
1333 1803 1459 1844 omni
1490 1803 1672 1855 iniuria,

163 1868 255 1908 qua
286 1868 335 1898 se
366 1855 513 1898 lesum
547 1857 734 1909 diceret,
778 1861 964 1914 paratos
1006 1860 1050 1902 ei
1090 1861 1149 1902 ad
1189 1863 1351 1903 votum
1392 1862 1673 1914 satisfacere,

163 1927 347 1957 omnem
368 1918 602 1970 postremo
625 1917 1022 1961 satisfactionemg
1048 1934 1317 1975 proponere,
1348 1922 1515 1974 omnia,
1548 1923 1675 1964 salva

163 1974 299 2016 inodo
322 1975 419 2016 vita
450 1978 497 2018 et
529 1976 761 2028 libertate,
796 1977 998 2021 libenter
1024 1993 1238 2034 passuros
1270 1980 1383 2032 fore,
1419 1982 1457 2023 si
1487 1983 1672 2024 tantum

163 2034 524 2088 expeditionem,
571 2050 710 2091 quam
751 2037 995 2080 adversum
1037 2053 1084 2082 se
1127 2039 1340 2082 omnibus
1380 2042 1514 2096 regni
1555 2042 1673 2097 prin-

111 2108 148 2134 30
162 2092 341 2148 cipibus
363 2094 588 2137 indictam
610 2097 955 2152 comperissent,
989 2099 1049 2140 ad
1079 2101 1264 2155 tempus
1296 2100 1544 2144 inhiberet.
1598 2102 1673 2144 Ad

162 2152 276 2195 haec
308 2167 389 2196 rex
420 2154 488 2196 ait
520 2169 567 2198 se
599 2169 684 2198 nec
717 2156 782 2199 eis
814 2171 900 2200 nec
933 2158 1148 2213 cuiquam
1187 2159 1358 2201 iustam
1397 2161 1672 2203 satisfactio-

159 2225 267 2254 nem
305 2213 363 2256 de
395 2214 533 2270 culpa
571 2218 848 2271 proponenti
878 2218 1062 2260 veniam
1102 2221 1395 2274 negaturum,
1439 2221 1496 2263 de
1537 2223 1671 2263 tanto

159 2274 317 2315 autem
353 2269 571 2329 tamqueh
609 2276 755 2318 atroci
792 2278 985 2332 negocio
1025 2279 1359 2334 precipitanter
1392 2281 1671 2322 sententiam

158 2330 280 2374 ferre
320 2347 406 2376 nec
447 2334 568 2377 velle
608 2349 694 2378 nec
736 2336 923 2387 debere,
974 2338 1120 2380 donec
1164 2339 1395 2394 principes
1443 2339 1575 2394 regni
1622 2340 1670 2380 in

108 2405 145 2432 ³5
157 2404 304 2433 unum
345 2394 663 2445 convenirent,
706 2395 756 2436 in
797 2410 991 2451 quorum
1034 2411 1325 2440 communem
1367 2398 1669 2452 ignominiam

157 2449 280 2494 lesae
321 2453 477 2507 regiae
514 2450 794 2497 maiestatisi
836 2456 1007 2498 iniuria
1044 2458 1346 2507 redundaret,
1389 2460 1436 2499 et
1474 2471 1670 2512 quorum

155 2511 254 2551 tam
284 2511 459 2554 virtute
491 2513 667 2556 bellum
698 2515 1050 2570 transigendum
1088 2531 1225 2571 quam
1259 2516 1450 2558 consilio
1483 2532 1572 2572 pax
1604 2531 1669 2559 re-

158 2571 365 2623 paranda
396 2574 529 2624 esset,
572 2574 813 2628 presertim
854 2589 959 2616 cum
997 2575 1089 2617 iam
1131 2589 1434 2631 sepenumero
1467 2576 1589 2618 bona
1622 2579 1668 2619 et

157 2695 186 2725 a)
206 2697 312 2728 propia
325 2697 351 2722 B
363 2699 402 2725 1⁸.
467 2699 498 2731 b)
518 2703 757 2732 retortequerent
770 2702 796 2726 B
807 2703 854 2733 1⁸3
877 2705 940 2728 reto
955 2702 965 2735 Η
980 2706 1189 2734 retorquerent
1204 2703 1278 2730 131⁰.
1342 2708 1368 2731 c)
1390 2701 1538 2734 quomodo
1553 2704 1578 2728 A
1592 2705 1616 2731 l.
1627 2705 1666 2731 1¹.

106 2729 189 2763 40d)
209 2731 273 2757 eius
294 2733 319 2757 A
332 2734 355 2760 1.
429 2733 458 2767 6)
478 2735 633 2761 incussisset
651 2736 732 2764 Bxb.
806 2738 829 2769 f)
849 2737 905 2762 hoc
925 2738 1012 2764 nimis
1033 2746 1110 2766 con-r.
1130 2738 1217 2763 nimis
1239 2739 1293 2763 hoc
1315 2738 1340 2763 B
1353 2737 1395 2766 1¹¹.
1459 2739 1488 2771 g>
1509 2739 1578 2766 fact.
1592 2747 1667 2768 corr,

157 2766 299 2795 satisfac&
317 2767 398 2797 ΒΗ).
471 2770 502 2802 h)
521 2773 633 2803 tanqua
652 2773 678 2796 A
690 2774 715 2800 1.
735 2772 761 2797 B
773 2771 822 2806 1¹²3
844 2777 986 2806 tanquam
1007 2774 1084 2802 1³1⁸.
1097 2775 1123 2802 2.
1197 2774 1218 2805 i)
1238 2774 1370 2799 nmiestis
1391 2774 1416 2799 Β
1429 2776 1468 2802 1¹³.

158 2862 192 2902 1)
216 2862 436 2899 Liemarum.
563 2866 601 2909 2)
634 2866 731 2900 Idem
767 2867 1053 2913 archiepiscopus
1087 2869 1405 2911 Mayclebmyensis
1440 2869 1555 2903 tre-‘bus
1589 2871 1668 2904 suis

155 2910 325 2954 epistolis,
354 2911 480 2946 Bruno
504 2923 531 2948 c.
557 2914 615 2950 48.
641 2915 700 2950 49.
726 2916 784 2957 51,
807 2917 1015 2958 postularit.
