1968 3164
556 207 825 244 LAMPERTI
848 208 1102 245 ANNALES.
1153 210 1199 247 A.
1228 213 1332 247 1073.
1635 213 1702 248 167

190 343 411 372 raremus.
474 330 535 372 Et
577 332 748 374 caeteri
786 332 972 386 quidem
1015 333 1127 374 satis
1169 333 1364 388 impigre
1398 338 1699 389 susceperunt
1718 333 1819 367 1073-

191 389 449 444 negocium.
499 389 633 432 Solus
660 405 744 446 ego
777 393 874 434 tam
905 392 1117 434 iusticiae
1150 395 1363 447 respectu
1386 407 1523 447 quam
1550 395 1699 435 futuri

191 448 354 492 iudicii
394 451 522 491 metu
563 450 909 493 detractabam³¹
949 466 1064 507 opus
1106 453 1349 501 nefarium,
1394 455 1440 494 et
1473 456 1698 507 quantum

191 507 422 550 obluctari
454 509 716 552 obstinatae
749 511 1008 553 sententiae
1042 512 1283 561 audebam,
1324 513 1560 554 dehortari
1594 527 1698 554 eum

158 567 393 611 neonabar
430 583 457 610 a
495 570 744 624 proposito.
810 566 1130 626 Quapropterb
1169 573 1302 613 tanta
1343 572 1391 612 in
1433 586 1505 614 me
1547 572 1699 614 incan—

191 626 296 669 duit
325 627 660 683 indignatione,
703 632 758 671 ut
790 645 817 671 a
849 631 1153 673 contubernio
1187 645 1281 677 suo,
1317 645 1407 685 quo
1441 646 1513 673 me
1546 632 1698 674 hacte-

189 700 278 728 nus
309 688 529 730 caeteris⁰
567 689 845 731 familiarius
878 690 1158 745 perfruitum
1191 691 1365 745 optime
1398 691 1555 740 nostis,
1600 707 1697 746 pro-

187 745 316 788 tinus
363 761 435 789 me
483 751 716 791 amoveret
764 751 810 791 et
857 749 1165 805 iugulandum
1214 750 1555 805 apparitoribus
1604 751 1697 792 suis

189 805 452 856 obiecisset,
502 807 591 849 nisi
637 809 894 863 periculum
941 809 1186 851 imminens
1235 810 1551 864 penetralibus
1599 825 1696 865 pro-

142 861 326 919 mpere‘1
362 867 626 909 excedendo
668 868 999 910 declinassem'.
1063 869 1150 910 His
1193 869 1329 910 dictis
1370 869 1420 910 111
1459 884 1695 924 argumen-

188 925 290 966 tum
321 925 431 967 fidei
462 926 616 968 locum
649 928 885 982 expressit,
921 929 1126 970 conscios
1159 928 1427 976 nominavit,
1468 931 1514 970 et
1547 929 1585 970 si
1617 944 1695 971 rex

187 983 486 1035 inficiaretur,
529 989 743 1041 paratum
785 1001 831 1030 se
864 987 930 1028 ait
951 1002 1067 1033 ⁴cum
1099 988 1212 1042 ipso,
1257 988 1294 1028 si
1334 988 1383 1029 id
1416 988 1540 1042 leges
1573 991 1695 1043 pate-

187 1045 362 1095 rentur,
396 1045 470 1087 vel
492 1059 596 1087 cum
619 1046 779 1100 quovis
803 1047 988 1089 homine
1012 1049 1224 1089 conserta
1246 1062 1386 1088 manu
1419 1062 1515 1089 rem
1539 1048 1694 1089 divino

186 1102 360 1146 iudicio
409 1105 712 1148 committere.
776 1106 1088 1149 Vehementer
1128 1107 1242 1149 haec
1285 1107 1424 1148 verba
1466 1121 1694 1162 permove-

139 1165 299 1205 munt
330 1164 563 1218 predictos
589 1165 742 1213 duces,
778 1180 882 1207 cum
915 1168 1034 1208 esset
1067 1166 1105 1207 is
1138 1166 1217 1220 qui
1250 1166 1490 1208 deferebat
1523 1167 1686 1208 h0n100

185 1217 332 1264 hautf
357 1222 542 1265 obscuri
573 1225 772 1267 nominis
804 1225 853 1266 in
876 1225 1055 1280 palacio
1089 1227 1136 1267 et
1158 1226 1283 1280 apud
1306 1239 1411 1267 suos
1443 1226 1693 1268 inviolatae

185 1281 555 1325 existimationis.
618 1284 838 1326 Preterea
869 1299 923 1326 ea
955 1299 1026 1327 res
1060 1285 1350 1339 potissimum
1384 1285 1521 1326 dictis
1555 1286 1693 1327 fidem

185 1341 477 1393 conciliabat,
512 1344 635 1398 quod
666 1357 746 1386 rex
779 1346 826 1386 et
857 1344 960 1386 aliis
983 1344 1259 1399 quibusdam
1282 1344 1567 1399 principibus
1600 1346 1694 1386 suis

184 1400 326 1443 simili
356 1402 493 1444 modo
525 1417 686 1445 necem
718 1403 978 1458 paravisse¹
1012 1407 1059 1446 et
1091 1403 1333 1458 plerosque
1371 1417 1425 1445 ex
1457 1404 1692 1445 familiari-

135 1459 270 1503 sobus
301 1461 397 1503 suis
428 1462 570 1504 etiam
602 1463 823 1506 occidisse
864 1463 957 1504 iam
995 1464 1174 1518 pridem
1206 1464 1461 1504 infamatus
1493 1464 1647 1505 fuerat
1663 1465 1690 1504 ⁶2.

183 1519 350 1575 Itaque
382 1520 561 1576 legatos
593 1523 652 1564 ad
675 1536 780 1564 eum
802 1523 999 1564 mittunt
1021 1523 1336 1577 mandantque
1369 1537 1416 1564 se
1447 1523 1539 1564 iam
1563 1523 1692 1564 nulla

182 1579 407 1634 religione
438 1581 588 1624 teneri
620 1582 910 1631 sacramenti,
953 1597 1044 1637 quo
1086 1583 1128 1624 ei
1171 1583 1309 1624 fidem
1342 1582 1691 1625 subiectionem-

183 1652 272 1692 que
312 1639 585 1691 firmassent,
629 1655 734 1683 cum
774 1642 872 1696 ipse
914 1642 1039 1696 prior
1071 1642 1210 1684 fidem
1243 1642 1521 1696 prodidisset
1555 1644 1601 1683 et
1635 1642 1691 1684 de

183 1697 334 1741 salute
366 1713 450 1741 sua
480 1701 792 1742 tractantibus
819 1701 1011 1742 insidias
1034 1701 1327 1742 machinatus
1353 1701 1532 1742 fuisset.
1586 1701 1690 1741 Pro-

135 1757 304 1808 winde,
344 1758 434 1800 nisi
465 1759 648 1801 obiecta
680 1759 905 1809 diluisset,
939 1760 1117 1801 nullam
1150 1760 1366 1814 deinceps
1399 1774 1425 1800 a
1458 1774 1504 1801 se
1538 1760 1609 1802 vel
1642 1761 1690 1801 in

182 1817 448 1872 tranquillis
488 1818 625 1860 rebus
667 1820 805 1862 fidem
837 1819 910 1861 vel
942 1819 990 1860 in
1023 1819 1306 1874 perturbatis
1339 1819 1562 1860 auxilium
1595 1834 1690 1874 spe-

182 1889 285 1919 rare
311 1876 492 1920 debere.
540 1878 692 1933 Aegre
725 1878 861 1920 nimis
893 1879 941 1920 id
969 1893 1129 1933 passus
1161 1893 1239 1921 rex
1273 1879 1430 1920 statim
1465 1879 1523 1920 ad
1551 1893 1689 1934 popu-

182 1934 282 1977 lum
311 1936 475 1978 retulit
509 1938 566 1980 de
597 1937 952 1993 importunitate
984 1937 1202 1979 Rfidolfig
1238 1938 1380 1988 ducis,
1425 1939 1504 1992 qui
1541 1940 1594 1978 ut
1626 1938 1689 1979 in-

181 1995 383 2038 vadendi
427 1997 559 2052 regni
610 1997 898 2040 occasionem
943 1997 1192 2048 inveniret,
1243 2012 1347 2039 cum
1395 2011 1552 2039 verum
1602 1997 1689 2039 sibi

135 2054 357 2098 aocrimen
386 2055 642 2111 impingere
674 2071 768 2099 non
789 2059 956 2112 posset,
991 2057 1121 2098 falsis
1148 2057 1487 2112 suspicionibus
1520 2059 1566 2099 et
1589 2060 1687 2099 arte

49 2125 96 2158 ἰ».
108 2127 168 2155 204.
183 2115 449 2170 compositis
481 2111 759 2158 ‘rumoribus
790 2111 1064 2172 impetereth
1103 2119 1150 2159 et
1182 2117 1376 2159 obruere
1410 2112 1676 2158 conareturi

180 2172 495 2217 innocentiam
536 2189 680 2217 suam.
745 2175 850 2218 ‘Sed
891 2176 1080 2231 procul',
1124 2176 1208 2226 ait,
1255 2176 1500 2218 ‘facessant
1532 2176 1686 2218 verbo-

179 2246 284 2277 rum
322 2248 525 2290 pugnae,
575 2238 755 2278 cessent
802 2231 994 2278 callidai
1046 2238 1425 2291 argumentorum
1473 2236 1687 2290 phantas-

179 2361 210 2392 ⁸)
234 2358 341 2395 detrun
368 2363 476 2392 (custos
500 2363 646 2395 paginae)
674 2361 879 2390 detrectabam
908 2364 976 2396 Δις
1006 2362 1131 2390 detrect.
1163 2363 1264 2394 Rl.z;
1295 2364 1331 2393 cf.
1358 2370 1449 2393 supra
1474 2371 1505 2394 p.
1527 2363 1587 2390 let,
1615 2371 1640 2388 n.
1661 2370 1686 2388 a.

132 2395 211 2428 ⁸51³)
229 2396 387 2430 Quappter
403 2397 480 2426 Bit.
554 2398 582 2431 c)
601 2406 655 2426 om.
676 2398 737 2427 ΒΞ,
811 2397 842 2430 d)
862 2400 966 2431 propie
986 2400 1062 2425 131⁸.
1137 2400 1164 2429 e)
1185 2399 1239 2423 «leo
1260 2399 1337 2426 131³.
1411 2399 1435 2429 f)
1455 2398 1534 2423 haud
1555 2399 1611 2424 Al,
1627 2398 1686 2425 112.

179 2435 209 2464 g)
228 2431 347 2459 Rudolss
366 2434 428 2462 Al.
447 2434 560 2462 31⁸2,
634 2435 665 2466 h)
685 2435 862 2467 impetraret
881 2434 961 2462 Blb.
1036 2435 1057 2467 i)
1077 2435 1223 2460 niteretur
1242 2434 1304 2461 132.
1379 2434 1409 2466 k)
1429 2432 1526 2458 calida
1546 2434 1572 2458 B
1585 2436 1622 2460 1²¹.

181 2537 217 2582 1)
240 2538 352 2573 Nemo
376 2540 678 2576 calumniatorum
703 2543 816 2584 reqis,
850 2552 959 2585 neque
994 2543 1068 2584 ipse
1103 2541 1336 2583 Lampertus,
1374 2539 1568 2583 quidquam
1593 2540 1686 2572 eim·-

179 2586 278 2619 modt'
295 2587 536 2630 protulmmt.
586 2588 647 2623 Ea
670 2590 764 2622 enim
789 2600 879 2632 quae
905 2589 1034 2622 Bruma
1058 2600 1086 2623 c.
1105 2590 1162 2623 57.
1182 2590 1239 2623 60.
1258 2589 1315 2622 (51.
1342 2588 1383 2620 (Ie
1410 2598 1485 2619 nece
1511 2587 1683 2627 Rudolfo,

179 2632 382 2676 Bertholdo,
421 2634 544 2669 Ottom‘
576 2647 598 2669 a
632 2647 713 2679 reye
742 2641 881 2680 parata
917 2636 1121 2678 fabulatur,
1158 2636 1297 2668 demum
1332 2646 1366 2669 a.
1394 2636 1495 2669 1075.
1523 2639 1553 2666 et
1581 2635 1683 2669 1076.

131 2679 281 2721 mfacta
313 2691 384 2715 esse
416 2682 524 2718 dixit.
575 2683 645 2717 His
677 2685 719 2717 de
752 2684 962 2717 rumoribus
995 2683 1162 2726 turpibus
1190 2682 1329 2725 qtcidem
1356 2682 1484 2724 Lamp.
1510 2682 1684 2724 quaedam

179 2727 358 2763 audivisse
382 2729 534 2773 videtur,
567 2732 632 2774 qm·
665 2731 742 2766 licet
775 2732 1025 2765 narrationem
1053 2731 1248 2773 Reyinyeri
1271 2730 1387 2771 fictam
1416 2740 1485 2762 esse.
1510 2729 1581 2762 siba·
1602 2739 1684 2771 per-

178 2785 328 2809 suasum
361 2775 519 2818 haberet,
555 2788 616 2812 nec
649 2782 765 2813 tamen
799 2779 918 2821 facere
949 2779 1081 2821 potuit,
1119 2779 1206 2820 quin
1243 2788 1320 2810 eam
1360 2778 1398 2809 iu
1434 2777 1552 2810 odium
1590 2778 1685 2818 10911»-

179 2826 324 2857 venerat
349 2822 412 2868 (cf.
438 2823 620 2859 Delbrack
638 2836 678 2869 p.
695 2826 772 2869 38).
823 2825 880 2859 Eo
904 2826 1074 2859 callidior
1107 2829 1138 2857 et
1164 2826 1304 2857 (ιι-κῆον
1330 2824 1455 2857 Bruno
1479 2835 1554 2857 eam
1582 2823 1684 2857 silere

175 2868 322 2904 'naal-uit.
419 2872 457 2915 2)
481 2871 539 2914 Cf.
565 2872 693 2907 Bruno
721 2884 749 2910 c.
779 2874 928 2909 10—14.

1688 395 1695 403 .
1714 379 1822 411 (Nur.)
