2046 3190
526 225 797 262 LAMPERTI
822 224 1074 261 ANNALES.
1127 225 1174 260 A.
1202 227 1304 262 1075.
1607 227 1679 262 249

168 349 410 406 episcopus
425 348 452 400 ¹,
476 348 630 391 Bardo
647 349 977 404 Mogontinusa
1001 348 1374 404 archiepiscopus
1389 348 1416 398 ‘-',
1442 343 1679 403 Boppob·3
1694 350 1797 385 1075.

169 412 217 452 et
259 409 630 452 Eberhardus⁰·4
674 404 1002 451 Treverensesd
1052 407 1406 463 archiepiscopi,
1452 408 1677 450 Arnolfus
1691 397 1814 429 “‘¹“'''')

170 469 529 512 Wormaeiensis
567 469 808 524 episcopus
824 467 839 493 ⁵
877 470 924 510 et
965 467 1046 509 alii
1087 467 1383 522 quamplures
1418 466 1677 509 Galliarum

169 529 385 586 episcopi,
418 542 613 584 quorum
646 528 760 570 alios
792 528 890 583 ipse
922 528 972 569 in
995 541 1131 570 carne
1164 529 1369 578 noverat,
1405 527 1519 569 alios
1551 527 1678 569 fama

139 590 352 632 sta-ntum
394 588 468 631 vel
513 588 713 631 lectione
753 590 1042 643 compererat
1055 588 1083 638 ⁴³,
1133 587 1292 629 amicti
1339 601 1498 629 omnes
1546 587 1677 629 stolis
1692 607 1781 638 Alme.
1793 607 1818 638 τ,
1830 608 1854 634 9.

123 685 126 690 ,
168 648 514 704 pontificalibus
547 650 594 690 et
627 648 853 690 habentes
885 649 1060 690 vestem
1091 648 1238 689 instar
1271 647 1389 688 nivis
1416 647 1675 689 candidam.
1692 667 1727 697 cf,
1740 666 1907 698 Emeum.

169 708 278 764 Ipse
299 722 480 763 quoque
505 708 714 750 candidis
738 709 987 749 admodum
1020 721 1072 749 ac
1106 707 1349 763 preciosise
1374 707 1567 749 indutus
1590 707 1678 749 sibi

168 768 427 817 videbatur,
461 768 543 810 sed
564 770 743 823 partem
771 768 1015 810 candentis
1036 767 1316 817 vestimenti,
1351 781 1453 809 eam
1485 767 1675 817 scilicet,

169 842 260 883 qua
297 829 460 883 pectus
499 827 760 883 tegebatur,
805 827 991 869 sordida
1023 827 1250 882 quaedam
1292 840 1344 868 ac
1385 827 1495 869 feda
1528 827 1677 881 caligo

121 906 157 932 10
169 887 427 930 obduxerat
459 901 512 929 ac
539 889 774 929 caeterum
807 887 961 928 cultus
995 887 1093 929 eius
1126 886 1418 942 splendorem
1451 901 1534 928 sua
1565 887 1678 929 fedi-

168 949 268 990 tate
300 947 552 1002 plurimum
585 947 883 998 obfuscabat;
927 961 1064 1001 quam
1096 948 1255 988 tamen
1296 946 1394 1001 ipse
1433 946 1576 988 nimio
1607 961 1677 987 ru-

170 1007 280 1050 bore
321 1007 536 1062 perfusus
568 1007 751 1049 obiecta
789 1020 930 1048 manu
962 1008 1119 1062 tegere
1152 1019 1204 1048 ac
1238 1005 1399 1056 celare,
1444 1020 1501 1048 ne
1543 1006 1677 1062 inspi-

170 1067 391 1109 cientium
424 1066 683 1109 offenderet
715 1067 946 1117 obtutum,
981 1066 1250 1108 conabatur.
1304 1065 1436 1107 Vidit
1468 1069 1679 1121 preterea

169 1126 292 1169 inter
314 1139 392 1168 eos
422 1126 511 1168 sibi
533 1140 715 1181 quoque
742 1126 897 1168 sedem
922 1127 1026 1167 miri
1050 1126 1226 1168 decoris
1249 1127 1474 1181 paratam.
1529 1125 1678 1177 Quam

122 1205 157 1231 15
171 1181 305 1228 cumf
349 1199 575 1241 occupare
622 1186 793 1242 gaudio
836 1188 883 1228 et
925 1185 1211 1228 exultatione
1260 1187 1476 1227 aestuans
1522 1199 1678 1241 prope-

168 1247 306 1296 raret,
340 1246 783 1302 {QgQSl-Anmlfus
803 1245 1162 1301 wormaciensis
1195 1245 1437 1300 episcopus
1469 1246 1679 1287 modesta

167 1318 279 1348 voce
311 1319 416 1348 eum
448 1305 702 1361 prohibuit,
747 1306 903 1347 dicens
944 1305 1219 1347 reverendos
1252 1307 1419 1360 patres,
1464 1306 1543 1359 qui
1575 1306 1679 1347 assi-

169 1365 346 1416 derent,
370 1365 495 1408 nolle
513 1379 618 1407 eum
639 1365 689 1406 in
711 1379 846 1406 31111111
868 1365 1116 1407 admittere
1134 1378 1410 1415 consessum,
1436 1367 1679 1420 propterea

169 1425 292 1480 quod
323 1427 499 1468 vestem
532 1425 630 1468 eius
662 1425 813 1480 turpis
845 1425 959 1467 haec
995 1424 1180 1466 macula
1210 1424 1406 1467 fedaret.
1472 1424 1679 1479 Cumque

119 1484 320 1529 soiussus
351 1485 454 1527 loco
477 1486 638 1528 cedere
659 1485 776 1528 flens
805 1485 1110 1539 confectoque
1142 1485 1339 1525 nimium
1371 1485 1525 1526 animo
1559 1498 1679 1539 egre-

170 1545 370 1595 deretur,
412 1545 649 1587 insecutus
691 1559 796 1587 eum
837 1545 962 1587 idem
1001 1545 1264 1599 episcopus:
1311 1544 1455 1599 ‘Equo
1497 1544 1678 1593 animo’,

171 1605 283 1655 aitg,
329 1606 454 1655 ‘esto,
493 1607 639 1659 pater.
703 1604 937 1646 Maculam
967 1606 1154 1646 tantum
1187 1605 1320 1655 hanc,
1355 1618 1472 1658 quae
1504 1606 1679 1646 vestem

170 1665 300 1704 tuam
341 1664 525 1714 infecit,
572 1664 798 1706 maturius
847 1664 975 1705 ablui
1017 1664 1218 1719 precipe,
1272 1664 1381 1718 quia
1430 1678 1525 1706 non
1576 1666 1680 1718 post

172 1722 343 1765 multos
366 1723 464 1765 dies
485 1723 650 1766 beatae
676 1724 815 1764 huius
841 1724 1092 1765 mansionis
1121 1723 1403 1765 consortium
1431 1726 1478 1765 et
1505 1725 1679 1766 sancto-

122 1797 159 1823 25
171 1796 275 1824 rum
317 1777 548 1838 patrumh,
592 1797 705 1837 (11103
750 1783 986 1838 aspexisti,
1037 1796 1300 1825 consessum
1348 1783 1445 1824 voti
1494 1797 1679 1838 compos

172 1841 424 1898 percipies.'
478 1842 617 1884 Mane
650 1842 791 1893 facto,
826 1856 930 1884 cum
962 1843 1184 1884 familiari
1217 1843 1410 1885 cuidam
1434 1857 1516 1884 suo
1549 1843 1679 1885 visio-

172 1915 278 1944 nem
317 1901 567 1952 retulisset,
610 1902 691 1944 ille
731 1902 966 1957 sapienter
1005 1916 1102 1944 rem
1151 1903 1404 1944 coniciens:
1450 1902 1678 1958 ‘QQ13'2

170 1961 341 2016 inquit,
387 1961 514 2004 ‘haec
547 1962 665 2004 vesti
696 1964 805 2004 tuae
837 1962 960 2004 illita
990 1962 1110 2003 nihil
1144 1962 1272 2004 aliud
1305 1964 1410 2012 est,
1437 1965 1582 2018 pater,
1626 1965 1679 2004 ut

172 2021 349 2072 estimo,
391 2035 529 2082 quam
570 2022 790 2072 memor-ia
830 2022 1489 2078 111111110031Ῑ1111111111101111114,
1513 2022 1591 2077 (1111
1631 2024 1679 2064 te

123 2096 160 2123 ⁸0
172 2094 293 2123 anno
333 2081 568 2136 superiore
608 2080 801 2124 Colonia
847 2081 1141 2137 expulerunt,
1192 2082 1359 2137 quibus
1405 2083 1454 2124 te
1496 2083 1679 2124 divinae

171 2140 360 2196 pietatis
410 2154 569 2196 respec
595 2155 626 2182 u
676 2141 769 2183 iam
817 2141 1248 2198 olim-moportuerat
1279 2142 1489 2188 admissi
1542 2142 1679 2183 huius

170 2200 569 2256 [emam-dedisse.
621 2200 765 2251 Haec,
800 2202 924 2256 quod
953 2202 1074 2244 bona
1106 2202 1241 2254 Qia
1263 2190 1483 2251 diffisus·
1504 2202 1680 2256 pectori
1700 2198 1732 2254 „f

170 2261 254 2302 tuo
293 2260 504 2303 tenacius
545 2275 682 2316 quam
728 2274 897 2316 equum
945 2262 1006 2303 sit
1052 2262 1259 2304 insidens
1301 2264 1347 2304 et
1395 2262 1679 2303 amarissimo

171 2333 348 2363 merore
381 2323 543 2362 contra
582 2320 654 2363 fas
693 2323 895 2363 mentem
927 2323 1058 2363 tuam
1092 2321 1370 2376 decoquenS,
1416 2316 1668 2363 caeterami

124 2376 517 2422 „sanctissimaek
543 2381 905 2423 conversationis
927 2383 1036 2422 tuae
1112 2381 1327 2423 aritatem
1356 2381 1551 2422 molesta
1575 2394 1679 2434 qua-

173 2439 279 2480 dam
311 2439 509 2495 caligine
541 2440 733 2482 obducit
766 2442 813 2482 et
846 2440 1093 2503 obscuratss'
1156 2441 1544 2496 Archiepiscopus
1579 2454 1679 2481 con-

172 2574 202 2603 a)
221 2572 414 2605 Moguutinus
434 2573 497 2599 ΒΞ.
583 2574 614 2606 b)
635 2574 737 2606 Poppo
765 2574 793 2599 Γ.
882 2573 910 2606 c)
931 2571 1124 2599 Emi-hardus
1144 2574 1208 2599 Bl.
1223 2575 1249 2599 2.
1268 2573 1297 2599 Γ.
1385 2571 1416 2605 d)
1436 2574 1630 2599 Treviremm
1649 2573 1678 2598 1⁷.

173 2609 202 2638 e)
221 2608 353 2634 vestibus
373 2609 443 2634 aad.
461 2609 491 2634 V.
548 2610 572 2640 s)
591 2617 647 2635 om.
662 2610 688 2635 B
700 2612 740 2638 1⁸.
795 2612 826 2641 g)
847 2610 944 2641 inquit
963 2610 1021 2641 rr.;
1043 2612 1106 2635 esto
1121 2610 1163 2635 ait
1181 2617 1258 2635 corr.
1280 2610 1322 2635 ait
1337 2613 1399 2635 esto
1419 2608 1500 2635 Blb.
1557 2609 1587 2641 h)
1608 2616 1681 2640 quos

175 2646 293 2676 pum-um
312 2651 375 2676 up.
397 2645 424 2670 A
436 2646 462 2670 1.
474 2646 516 2671 1¹.
591 2646 613 2678 i)
633 2648 733 2672 cetera
753 2646 832 2671 131³.
907 2645 938 2676 k)
958 2645 1147 2671 sanctissimi
1167 2645 1193 2670 B
1205 2645 1248 2671 lb.

125 2758 210 2800 401)
228 2757 272 2792 A.
291 2757 531 2794 999.—1021.
593 2759 630 2801 2)
655 2759 697 2794 A.
718 2760 966 2795 1031—1051.
1033 2760 1069 2799 3)
1089 2759 1133 2791 A.
1154 2758 1402 2793 lom-1042
1468 2759 1504 2801 4>
1524 2758 1567 2793 A.
1589 2758 1679 2793 1047

176 2806 326 2840 -1066,
424 2805 462 2846 5)
485 2806 529 2839 A.
550 2807 796 2842 1044—1065.
908 2807 944 2849 6)
970 2805 1095 2839 Omnes
1117 2806 1318 2849 lwaedz'ctos
1339 2809 1485 2848 praeter
1510 2805 1682 2839 liet-iher-

173 2855 261 2894 tum,
287 2853 389 2885 ouius
419 2852 500 2885 Vita
526 2852 590 2888 SS.
609 2853 634 2886 I
640 2854 679 2894 V,
700 2865 739 2897 p.
758 2855 828 2889 739
844 2865 919 2897 sqq.
955 2856 1080 2893 eoestat,
1110 2853 1241 2896 procul
1270 2852 1376 2885 dubio
1401 2855 1506 2888 novit.
1557 2853 1678 2887 Etiam

173 2899 359 2933 Bardom's
390 2900 519 2941 Vitam,
544 2900 609 2936 SS.
627 2901 697 2943 XI,
719 2912 757 2944 p.
776 2903 844 2937 317
863 2912 935 2945 sqq.
962 2901 1089 2934 editam
1118 2901 1229 2943 leym-e
1250 2901 1377 2943 potuit.
