2014 3184
324 177 396 213 486

323 305 424 329 mum
451 307 494 330 eo
519 298 686 343 tempore
710 311 775 335 rex
793 303 951 338 consiliis
968 307 1047 340 ute-

322 341 430 377 batur
466 342 673 380 Eberhardi
712 350 797 394 119,
815 361 860 386 25.
901 371 943 376 —
982 363 1047 388 rex

322 390 470 425 consilio
512 403 598 427 usus
639 421 647 429 .
685 422 693 431 .

320 438 378 481 87,
397 449 441 474 10.
469 458 511 463 —
538 440 640 475 cuius
673 453 786 487 opera
817 446 854 479 et
887 447 1045 482 consiliis

319 483 598 522 familiarissime
615 488 669 523 uti
685 490 813 525 solitus
831 495 909 527 erat
927 495 1043 539 130,1.

330 552 365 556 -—
390 543 545 577 quorum
571 536 720 571 consilio
751 537 965 575 familiarius
990 542 1043 577 uti

318 583 555 616 consueverat
581 584 661 628 179,
675 595 719 621 10.
748 605 790 610 —
818 597 929 632 opera
957 600 1042 624 usus

354 651 362 660 .
389 652 398 661 .
436 628 625 664 cuiusdam
657 633 773 675 98,10.
810 654 853 659 -—
889 635 974 670 satis
1003 648 1042 672 se

317 684 427 718 opera
453 686 580 711 eorum
605 689 711 712 usum
738 682 853 726 192‚5.
882 703 924 708 --
951 695 1041 728 quo-

315 731 401 802 {3232
430 729 941 820 {523212ue2333'ff-mqfflss
959 757 1040 814 ‘rex’

313 816 543 859 potissimum
602 820 815 857 consiliariis
868 825 1040 861 utebatur

313 865 452 905 255‚10.
480 885 523 891 —-
550 865 620 901 His
643 869 809 912 pessimis
842 882 928 907 usus
953 884 1038 908 con·

313 910 509 947 sultoribus
534 915 656 959 271,1.
686 936 728 941 —
755 918 909 963 sapienti
939 923 1038 956 certe

312 968 396 992 usus
434 960 584 996 consilio
622 965 703 1008 268,
717 975 762 1001 30.
799 985 843 991 —
881 979 1038 1012 quorum

311 1005 466 1041 antehac
500 1019 611 1053 opera
645 1011 874 1058 consiliisque
908 1016 1036 1061 gratis-

310 1052 399 1087 sime
441 1055 612 1091 utebatur
648 1060 730 1103 282,
745 1070 790 1095 25.
828 1063 953 1106 283,1.
991 1083 1033 1089 --

308 1100 512 1144 gratissime
550 1104 709 1140 consiliis
748 1106 825 1142 eius
862 1109 1036 1145 utebatur

307 1149 389 1192 319,
405 1160 430 1184 1.

809 183 974 221 INDEX
996 185 1347 230 LOCUTIONUM.

1095 309 1154 344 41.
1180 309 1282 344 cuius
1306 313 1511 356 patrocinio
1526 315 1725 360 plurimum
1741 322 1820 357 ussa
1856 352 1860 356 ,,

1096 355 1213 392 batur.
1248 377 1290 382 —
1322 359 1401 396 Liv.
1426 361 1601 408 XXVII,
1627 366 1684 403 34.
1718 366 1820 412 quod
1882 369 1956 400 i:

733 423 741 431 .
783 396 1046 446 archiepiscopi
1095 427 1104 436 .
1132 431 1139 438 .
1904 412 1918 422 2

1167 431 1175 439 .
1210 415 1278 440 nec
1312 417 1423 451 opera
1455 420 1524 445 nec
1557 411 1709 449 consilio

1093 449 1162 484 viri
1196 463 1261 486 usa
1289 464 1347 488 res
1371 455 1519 499 publica
1542 461 1647 496 esset.
1675 481 1718 487 —

1094 497 1170 534 Cat.
1199 499 1280 544 III,
1307 503 1341 544 2,
1367 503 1400 539 6.
1438 515 1595 548 quorum
1631 518 1743 554 opera
1777 509 1817 557 in

1091 555 1131 579 re
1155 546 1303 590 publica
1325 549 1468 586 assidue
1492 555 1587 591 utor.
1614 575 1657 581 —
1679 557 1816 597 Tarm.

1091 593 1160 627 Ad.
1195 595 1292 639 prol.
1328 598 1386 633 20.
1429 600 1585 642 quorum
1626 613 1740 649 opem
1774 605 1816 642 in

1090 639 1187 675 bello
1213 666 1222 676 .
1249 670 1257 678 .
1284 670 1293 678 .
1318 654 1405 679 usus
1429 647 1495 683 est.
1636 664 1639 668 ¹

1736 414 1821 472 *⁸¹3*

1027 1279 1084 1316 V.

352 1339 542 1382 paululum
576 1341 622 1376 ab
656 1343 766 1378 armis
792 1372 799 1380 .
827 1372 836 1381 .
864 1373 873 1382 .
898 1358 1031 1382 vaca-

304 1385 438 1420 tione
469 1387 554 1422 data
580 1390 679 1432 98,1.
707 1410 750 1415 —
777 1390 938 1428 Caeteris
964 1422 973 1430 .
993 1423 1001 1431 .
1021 1421 1030 1431 .

303 1433 472 1477 gentibus
496 1435 684 1471 vacatione
710 1436 795 1472 data
821 1442 900 1484 154,
916 1452 960 1477 15.
985 1462 1028 1468 -—

303 1479 467 1515 barbaris
501 1482 672 1527 gentibus
713 1486 902 1522 vacatione
943 1489 1030 1524 data

302 1528 384 1571 277,
399 1539 444 1564 30.
471 1531 551 1574 278,
567 1542 592 1566 1.
614 1551 655 1556 —
678 1533 786 1577 petiit
810 1545 831 1569 a
855 1546 943 1580 rege
967 1548 1028 1572 va-

303 1574 485 1610 cationem
510 1576 681 1624 deinceps
703 1579 783 1615 dari
807 1581 875 1616 sibi
900 1583 946 1618 ab
970 1595 1028 1619 re-

302 1633 384 1656 rum
432 1624 663 1668 publicarum
712 1627 1026 1668 administratione

303 1671 442 1714 140,1o.
471 1691 514 1697 —
539 1673 646 1717 petiit
669 1676 896 1712 vacationem
925 1678 1026 1714 dein—

301 1727 386 1761 ceps
411 1717 479 1753 sibi
504 1718 583 1754 dari
607 1720 653 1756 ab
679 1723 919 1760 exterioribus
945 1754 954 1763 .
981 1755 989 1764 .
1017 1756 1025 1764 .

299 1765 461 1810 negociis
486 1769 568 1811 246,
582 1778 627 1804 35.

347 1811 511 1850 Ubi
537 1826 633 1860 papa
664 1816 697 1851 ei
721 1819 1025 1857 valefaciens

300 1861 411 1903 62,15.
429 1881 470 1885 —
485 1862 704 1898 valefaciens
721 1864 894 1902 fratribus
907 1870 1023 1913 310,5.

297 1926 342 1986 f—
357 1907 537 1992 treg1i8v2ale
555 1909 656 1994 lagg
668 1913 727 1956 87,
741 1924 787 1950 20.
805 1934 851 1940 ——
869 1915 903 1949 ei
928 1917 1022 1952 vale-

312 1965 354 1988 ac
373 1965 393 1988 0
492 1967 560 2000 ,15.
587 1965 594 1972 ·
659 1971 707 2002 ,1.

343 2003 385 2035 ut
410 2013 553 2047 semper
577 2005 760 2041 varium
793 2010 830 2043 et
854 2009 1021 2047 instabile

296 2050 351 2082 est
374 2049 490 2092 plebis
515 2050 703 2095 ingenium
727 2056 810 2099 229,
825 2067 869 2093 10.

343 2094 455 2142 Signa
472 2097 583 2132 etiam
608 2101 646 2133 et
666 2100 835 2147 prodigia
852 2131 861 2140 .
880 2132 887 2140 .
908 2133 915 2140 .
934 2106 1019 2140 satis

295 2152 378 2176 eum
413 2146 540 2179 contra
572 2151 842 2184 venenatas
877 2151 1018 2188 detrac-

293 2191 415 2224 torum
425 2191 567 2237 linguas
575 2195 872 2232 communiebant
881 2200 963 2244 288,
972 2211 1016 2236 25.

340 2332 438 2375 quod
451 2333 548 2368 bona
560 2346 584 2369 v
591 2346 611 2370 e
618 2346 642 2369 n
650 2336 662 2370 i
670 2347 691 2371 a
708 2336 863 2373 dixerim
880 2342 961 2386 249,
970 2353 1014 2378 30.

335 2522 574 2566 posteaquam
608 2523 647 2558 in
672 2524 874 2571 Ungariam
898 2540 1014 2564 ven-

288 2568 383 2600 tum
409 2571 464 2602 est
489 2572 546 2615 99,
559 2581 586 2606 5.
615 2591 657 2596 —
684 2572 758 2608 Ubi
783 2573 1013 2620 Mogontiam

286 2615 436 2649 ventum
471 2618 526 2651 est
555 2620 678 2663 276,1.
706 2640 748 2644 —
775 2622 839 2656 ubi
861 2626 1012 2659 ventum

287 2663 343 2694 est
366 2661 599 2708 Mogontiam
625 2668 764 2711 321,15.
792 2689 837 2694 —
864 2681 946 2705 cum
965 2672 1012 2707 ad

287 2710 472 2744 certamen
496 2714 649 2747 ventum
674 2717 769 2749 esset
793 2718 874 2761 228,
888 2729 934 2754 20.

333 2800 426 2836 Cum
459 2804 497 2838 in
526 2805 616 2841 haec
640 2808 788 2844 verba
812 2809 1010 2848 discessum

1121 1825 1155 1860 2.
1174 1824 1254 1861 Cor.
1273 1828 1307 1868 2,
1323 1827 1378 1863 13.
1403 1828 1708 1867 valefaciens
1729 1832 1798 1879 θῶες

1073 1871 1149 1906 Aet.
1185 1873 1240 1916 18,
1268 1874 1324 1910 18.
1361 1873 1535 1911 fratribus
1568 1877 1798 1926 valefaciens.

1072 1921 1130 1954 etc.
1157 1920 1197 1953 in
1219 1920 1335 1964 Vuly„

1123 2013 1226 2057 Very.
1245 2014 1332 2050 Aen.
1358 2016 1425 2062 IV,
1445 2019 1525 2055 569.
1550 2020 1737 2057 varium
1758 2024 1798 2066 et

1069 2060 1245 2096 mutabile
1266 2073 1410 2108 semper
1433 2063 1583 2103 femina.

1122 2107 1162 2143 V.
1189 2109 1302 2146 Mart.
1326 2113 1385 2148 27.
1415 2112 1478 2156 qui
1501 2117 1686 2151 remotum
1712 2143 1722 2153 .
1746 2142 1756 2154 .
1780 2144 1791 2155 .

1067 2157 1323 2192 venenatis
1347 2158 1480 2204 linguis
1505 2163 1543 2196 et
1558 2161 1707 2207 vipereo
1729 2174 1792 2200 ore

1068 2202 1278 2246 carpebant.
1306 2225 1348 2230 —-
1375 2206 1479 2243 Hier.
1498 2209 1624 2252 praef.
1654 2212 1695 2246 in
1717 2211 1795 2248 1080*

1066 2251 1181 2283 cesset
1205 2275 1214 2284 .
1241 2278 1250 2286 .
1276 2276 1285 2286 .
1311 2255 1476 2289 sanctum
1501 2266 1592 2300 opus
1612 2260 1794 2295 venenata
1828 2269 1834 2274 ’

1065 2305 1215 2340 carpere
1239 2297 1374 2343 lingua.

1111 2343 1190 2379 Liv.
1216 2345 1407 2390 XXVIII,
1434 2349 1493 2384 43.
1528 2349 1625 2385 bona
1647 2352 1787 2389 venia

1064 2390 1128 2424 tua
1152 2390 1318 2429 dixerim.
1344 2414 1390 2419 —-
1415 2395 1532 2432 Amm.
1557 2397 1674 2434 Marc.
1698 2399 1786 2443 XX,

1063 2439 1103 2481 8,
1138 2440 1171 2474 7.
1208 2437 1282 2474 Sed
1319 2441 1415 2476 bona
1447 2444 1512 2477 tua
1547 2444 1654 2480 venia
1687 2445 1790 2482 dixe—

1062 2495 1143 2520 nm.
1785 2517 1788 2518 ν

1110 2532 1198 2569 Sall.
1217 2534 1292 2570 Cat.
1310 2537 1367 2571 60.
1394 2535 1595 2583 Postquam
1611 2550 1655 2574 eo
1671 2551 1786 2576 ven-⁸

1061 2580 1159 2613 tum
1192 2583 1256 2617 est.
1294 2602 1336 2607 —
1371 2583 1450 2620 Ia‘v.
1479 2585 1511 2628 I,
1537 2587 1595 2626 56,
1622 2589 1677 2624 10.
1712 2598 1786 2632 quo
1814 2622 1818 2624 .

1059 2629 1253 2671 postquam
1277 2632 1428 2665 ventum
1463 2634 1538 2676 est3
1572 2635 1629 2677 59,
1655 2636 1688 2671 6.
1722 2634 1788 2671 ubi

1060 2684 1104 2708 eo
1128 2677 1279 2710 ventum
1304 2679 1377 2721 est3
1413 2680 1446 2714 7.
1471 2690 1544 2724 quo
1569 2680 1676 2715 simul
1698 2693 1786 2717 ven-

1059 2722 1139 2754 tum
1163 2724 1229 2765 est,
1255 2727 1312 2760 etc.
1341 2744 1384 2749 —
1410 2726 1496 2762 Sall.
1523 2728 1603 2771 luy.
1630 2730 1686 2764 13.
1719 2729 1783 2765 ubi

1058 2778 1116 2802 res
1142 2768 1188 2802 ad
1213 2772 1398 2806 certamen
1422 2773 1533 2808 venit.

1107 2816 1162 2858 Cf.
1189 2818 1380 2854 sententia.

1905 425 1911 446 ζ
1917 429 1942 451 '³52

1887 458 1890 460 ,
1899 453 1919 462 ῳ.-
1923 451 1933 464 ,ν
