<?xml version="1.0" encoding="UTF-8"?>
<!DOCTYPE html PUBLIC "-//W3C//DTD XHTML 1.0 Transitional//EN"
    "http://www.w3.org/TR/xhtml1/DTD/xhtml1-transitional.dtd">
<html xmlns="http://www.w3.org/1999/xhtml" xml:lang="en" lang="en">
 <head>
  <title>
</title>
<meta http-equiv="Content-Type" content="text/html;charset=utf-8" />
  <meta name='ocr-system' content='tesseract 3.04.00' />
  <meta name='ocr-capabilities' content='ocr_page ocr_carea ocr_par ocr_line ocrx_word'/>
</head>
<body>
  <div class='ocr_page' id='page_1' title='image "./lampertimonachih00lambuoft/lampertimonachih00lambuoft_0513.png"; bbox 0 0 2014 3184; ppageno 0'>
   <div class='ocr_carea' id='block_1_1' title="bbox 0 0 50 710">
    <p class='ocr_par' dir='ltr' id='par_1_1' title="bbox 0 0 50 710">
     <span class='ocr_line' id='line_1_1' title="bbox 0 0 50 710; baseline 0 2474"><span class='ocrx_word' id='word_1_1' title='bbox 0 0 50 710; x_wconf 95' lang='lat' dir='ltr'><strong> </strong></span> 
     </span>
    </p>
   </div>
   <div class='ocr_carea' id='block_1_2' title="bbox 645 211 1186 252">
    <p class='ocr_par' dir='ltr' id='par_1_2' title="bbox 645 211 1186 252">
     <span class='ocr_line' id='line_1_2' title="bbox 645 211 1186 252; baseline 0.007 -5"><span class='ocrx_word' id='word_1_2' title='bbox 645 211 809 248; x_wconf 83' lang='lat' dir='ltr'>INDEX</span> <span class='ocrx_word' id='word_1_3' title='bbox 833 212 1186 252; x_wconf 83' lang='lat' dir='ltr'><strong>LOOUTIONUM.</strong></span> 
     </span>
    </p>
   </div>
   <div class='ocr_carea' id='block_1_3' title="bbox 162 329 895 377">
    <p class='ocr_par' dir='ltr' id='par_1_3' title="bbox 162 329 895 377">
     <span class='ocr_line' id='line_1_3' title="bbox 162 329 895 377; baseline 0.001 -9"><span class='ocrx_word' id='word_1_4' title='bbox 162 332 249 376; x_wconf 89' lang='lat'>212,</span> <span class='ocrx_word' id='word_1_5' title='bbox 259 341 305 368; x_wconf 76' lang='lat' dir='ltr'><strong>so.</strong></span> <span class='ocrx_word' id='word_1_6' title='bbox 322 350 365 356; x_wconf 92' lang='lat'>-</span> <span class='ocrx_word' id='word_1_7' title='bbox 379 329 418 365; x_wconf 86' lang='lat' dir='ltr'><strong>in</strong></span> <span class='ocrx_word' id='word_1_8' title='bbox 431 330 588 376; x_wconf 82' lang='lat' dir='ltr'><strong>gratiam</strong></span> <span class='ocrx_word' id='word_1_9' title='bbox 601 330 746 366; x_wconf 87' lang='lat' dir='ltr'><strong>rediens</strong></span> <span class='ocrx_word' id='word_1_10' title='bbox 759 334 841 377; x_wconf 97' lang='lat'>325,</span> <span class='ocrx_word' id='word_1_11' title='bbox 850 344 895 369; x_wconf 82' lang='lat'><strong>20.</strong></span> 
     </span>
    </p>
   </div>
   <div class='ocr_carea' id='block_1_4' title="bbox 164 424 896 519">
    <p class='ocr_par' dir='ltr' id='par_1_4' title="bbox 164 424 896 519">
     <span class='ocr_line' id='line_1_4' title="bbox 212 424 896 472; baseline 0.001 -11"><span class='ocrx_word' id='word_1_12' title='bbox 212 424 448 472; x_wconf 74' lang='lat' dir='ltr'><strong>Quapropter</strong></span> <span class='ocrx_word' id='word_1_13' title='bbox 482 436 509 471; x_wconf 87' lang='lat' dir='ltr'><strong>g</strong></span> <span class='ocrx_word' id='word_1_14' title='bbox 518 437 538 460; x_wconf 92' lang='lat' dir='ltr'><strong>r</strong></span> <span class='ocrx_word' id='word_1_15' title='bbox 546 437 568 460; x_wconf 92' lang='lat' dir='ltr'><strong>a</strong></span> <span class='ocrx_word' id='word_1_16' title='bbox 577 428 595 461; x_wconf 91' lang='lat' dir='ltr'><strong>t</strong></span> <span class='ocrx_word' id='word_1_17' title='bbox 603 437 628 460; x_wconf 92' lang='lat' dir='ltr'><strong>u</strong></span> <span class='ocrx_word' id='word_1_18' title='bbox 638 437 676 460; x_wconf 92' lang='lat' dir='ltr'><strong>m</strong></span> <span class='ocrx_word' id='word_1_19' title='bbox 715 425 807 461; x_wconf 89' lang='lat' dir='ltr'><strong>mihi</strong></span> <span class='ocrx_word' id='word_1_20' title='bbox 845 426 896 462; x_wconf 87' lang='lat' dir='ltr'><strong>fe·</strong></span> 
     </span>
     <span class='ocr_line' id='line_1_5' title="bbox 164 473 407 519; baseline 0 -9"><span class='ocrx_word' id='word_1_21' title='bbox 164 473 258 510; x_wconf 77' lang='lat' dir='ltr'><strong>ceris</strong></span> <span class='ocrx_word' id='word_1_22' title='bbox 283 475 364 519; x_wconf 85' lang='grc'>317,</span> <span class='ocrx_word' id='word_1_23' title='bbox 377 484 407 510; x_wconf 91' lang='lat'><strong>5.</strong></span> 
     </span>
    </p>
   </div>
   <div class='ocr_carea' id='block_1_5' title="bbox 212 520 921 568">
    <p class='ocr_par' dir='ltr' id='par_1_5' title="bbox 212 520 921 568">
     <span class='ocr_line' id='line_1_6' title="bbox 212 520 921 568; baseline -0.001 -11"><span class='ocrx_word' id='word_1_24' title='bbox 212 521 304 557; x_wconf 87' lang='lat' dir='ltr'><strong>haut</strong></span> <span class='ocrx_word' id='word_1_25' title='bbox 333 533 359 568; x_wconf 86' lang='lat' dir='ltr'><strong>g</strong></span> <span class='ocrx_word' id='word_1_26' title='bbox 366 533 387 556; x_wconf 94' lang='lat' dir='ltr'><strong>r</strong></span> <span class='ocrx_word' id='word_1_27' title='bbox 396 532 417 556; x_wconf 94' lang='lat' dir='ltr'><strong>a</strong></span> <span class='ocrx_word' id='word_1_28' title='bbox 426 532 450 557; x_wconf 88' lang='lat' dir='ltr'>v</span> <span class='ocrx_word' id='word_1_29' title='bbox 459 532 482 556; x_wconf 87' lang='lat' dir='ltr'><strong>a</strong></span> <span class='ocrx_word' id='word_1_30' title='bbox 490 523 508 556; x_wconf 92' lang='lat' dir='ltr'><strong>t</strong></span> <span class='ocrx_word' id='word_1_31' title='bbox 516 532 536 556; x_wconf 91' lang='lat' dir='ltr'><strong>e</strong></span> <span class='ocrx_word' id='word_1_32' title='bbox 566 520 638 556; x_wconf 91' lang='lat' dir='ltr'><strong>hoc</strong></span> <span class='ocrx_word' id='word_1_33' title='bbox 669 521 895 556; x_wconf 88' lang='lat' dir='ltr'><strong>concedente</strong></span> <span class='ocrx_word' id='word_1_34' title='bbox 918 563 921 568; x_wconf 30' lang='grc'>1</span> 
     </span>
    </p>
   </div>
   <div class='ocr_carea' id='block_1_6' title="bbox 162 568 895 1572">
    <p class='ocr_par' dir='ltr' id='par_1_6' title="bbox 163 568 895 759">
     <span class='ocr_line' id='line_1_7' title="bbox 163 568 895 616; baseline -0.001 -11"><span class='ocrx_word' id='word_1_35' title='bbox 163 580 252 616; x_wconf 87' lang='lat' dir='ltr'><strong>rege</strong></span> <span class='ocrx_word' id='word_1_36' title='bbox 275 571 360 614; x_wconf 90' lang='lat'>215,</span> <span class='ocrx_word' id='word_1_37' title='bbox 374 580 419 606; x_wconf 81' lang='lat' dir='ltr'><strong>so.</strong></span> <span class='ocrx_word' id='word_1_38' title='bbox 455 589 501 595; x_wconf 92' lang='lat'>—</span> <span class='ocrx_word' id='word_1_39' title='bbox 534 568 626 604; x_wconf 85' lang='lat' dir='ltr'><strong>haut</strong></span> <span class='ocrx_word' id='word_1_40' title='bbox 655 571 806 616; x_wconf 85' lang='lat' dir='ltr'><strong>gravate</strong></span> <span class='ocrx_word' id='word_1_41' title='bbox 833 569 895 604; x_wconf 92' lang='lat' dir='ltr'><strong>ad-</strong></span> 
     </span>
     <span class='ocr_line' id='line_1_8' title="bbox 164 616 895 662; baseline 0 -10"><span class='ocrx_word' id='word_1_42' title='bbox 164 627 291 653; x_wconf 85' lang='lat' dir='ltr'><strong>versus</strong></span> <span class='ocrx_word' id='word_1_43' title='bbox 314 627 400 652; x_wconf 86' lang='lat' dir='ltr'><strong>eum</strong></span> <span class='ocrx_word' id='word_1_44' title='bbox 431 616 701 653; x_wconf 79' lang='lat' dir='ltr'><strong>accusationem</strong></span> <span class='ocrx_word' id='word_1_45' title='bbox 731 617 895 662; x_wconf 88' lang='lat' dir='ltr'><strong>recipere</strong></span> 
     </span>
     <span class='ocr_line' id='line_1_9' title="bbox 163 664 894 711; baseline -0.001 -10"><span class='ocrx_word' id='word_1_46' title='bbox 163 664 359 701; x_wconf 85' lang='lat' dir='ltr'><strong>videbatur</strong></span> <span class='ocrx_word' id='word_1_47' title='bbox 382 666 506 710; x_wconf 88' lang='lat'>240,1.</span> <span class='ocrx_word' id='word_1_48' title='bbox 535 685 577 690; x_wconf 92' lang='lat'><strong>—-</strong></span> <span class='ocrx_word' id='word_1_49' title='bbox 604 664 718 700; x_wconf 90' lang='lat' dir='ltr'><strong>Haud</strong></span> <span class='ocrx_word' id='word_1_50' title='bbox 742 667 894 711; x_wconf 86' lang='lat' dir='ltr'><strong>gravate</strong></span> 
     </span>
     <span class='ocr_line' id='line_1_10' title="bbox 163 711 805 759; baseline 0.003 -11"><span class='ocrx_word' id='word_1_51' title='bbox 163 723 261 759; x_wconf 88' lang='lat' dir='ltr'><strong>papa</strong></span> <span class='ocrx_word' id='word_1_52' title='bbox 283 712 427 758; x_wconf 84' lang='lat' dir='ltr'><strong>petenti</strong></span> <span class='ocrx_word' id='word_1_53' title='bbox 452 711 639 758; x_wconf 82' lang='lat' dir='ltr'><strong>adquievit</strong></span> <span class='ocrx_word' id='word_1_54' title='bbox 662 715 805 757; x_wconf 86' lang='grc'>297,10.</span> 
     </span>
    </p>

    <p class='ocr_par' dir='ltr' id='par_1_7' title="bbox 162 760 894 846">
     <span class='ocr_line' id='line_1_11' title="bbox 212 760 894 807; baseline 0 -11"><span class='ocrx_word' id='word_1_55' title='bbox 212 771 260 796; x_wconf 90' lang='lat' dir='ltr'><strong>ne</strong></span> <span class='ocrx_word' id='word_1_56' title='bbox 285 760 375 806; x_wconf 87' lang='lat' dir='ltr'><strong>quid</strong></span> <span class='ocrx_word' id='word_1_57' title='bbox 399 760 438 796; x_wconf 90' lang='lat' dir='ltr'><strong>in</strong></span> <span class='ocrx_word' id='word_1_58' title='bbox 468 761 572 796; x_wconf 86' lang='lat' dir='ltr'><strong>illum</strong></span> <span class='ocrx_word' id='word_1_59' title='bbox 603 761 805 807; x_wconf 86' lang='lat' dir='ltr'><strong>gravius</strong></span> <span class='ocrx_word' id='word_1_60' title='bbox 839 761 894 796; x_wconf 92' lang='lat' dir='ltr'><strong>in-</strong></span> 
     </span>
     <span class='ocr_line' id='line_1_12' title="bbox 162 807 725 853; baseline 0.004 -9"><span class='ocrx_word' id='word_1_61' title='bbox 162 808 273 844; x_wconf 86' lang='lat' dir='ltr'><strong>terim</strong></span> <span class='ocrx_word' id='word_1_62' title='bbox 298 807 560 844; x_wconf 76' lang='lat' dir='ltr'><strong>decerneretur</strong></span> <span class='ocrx_word' id='word_1_63' title='bbox 582 811 665 853; x_wconf 90' lang='lat'>202,</span> <span class='ocrx_word' id='word_1_64' title='bbox 679 820 725 846; x_wconf 78' lang='lat'><strong>50.</strong></span> 
     </span>
    </p>

    <p class='ocr_par' dir='ltr' id='par_1_8' title="bbox 162 854 894 1333">
     <span class='ocr_line' id='line_1_13' title="bbox 212 854 893 903; baseline 0 -12"><span class='ocrx_word' id='word_1_65' title='bbox 212 854 434 902; x_wconf 87' lang='lat' dir='ltr'><strong>pontificalis</strong></span> <span class='ocrx_word' id='word_1_66' title='bbox 451 855 654 892; x_wconf 81' lang='lat' dir='ltr'><strong>modestiae</strong></span> <span class='ocrx_word' id='word_1_67' title='bbox 679 858 718 891; x_wconf 87' lang='lat' dir='ltr'><strong>et</strong></span> <span class='ocrx_word' id='word_1_68' title='bbox 741 867 792 903; x_wconf 86' lang='lat' dir='ltr'><strong>gr</strong></span> <span class='ocrx_word' id='word_1_69' title='bbox 802 867 893 892; x_wconf 78' lang='lat' dir='ltr'><strong>avi</strong></span> 
     </span>
     <span class='ocr_line' id='line_1_14' title="bbox 162 903 894 949; baseline 0 -10"><span class='ocrx_word' id='word_1_70' title='bbox 162 904 285 939; x_wconf 88' lang='lat' dir='ltr'><strong>tatis</strong></span> <span class='ocrx_word' id='word_1_71' title='bbox 320 903 377 940; x_wconf 85' lang='lat' dir='ltr'><strong>vir</strong></span> <span class='ocrx_word' id='word_1_72' title='bbox 411 906 468 949; x_wconf 94' lang='lat'><strong>68,</strong></span> <span class='ocrx_word' id='word_1_73' title='bbox 491 915 538 941; x_wconf 75' lang='lat' dir='ltr'><strong>ao,</strong></span> <span class='ocrx_word' id='word_1_74' title='bbox 574 925 617 930; x_wconf 97' lang='lat'><strong>—</strong></span> <span class='ocrx_word' id='word_1_75' title='bbox 652 904 710 939; x_wconf 87' lang='lat' dir='ltr'><strong>vir</strong></span> <span class='ocrx_word' id='word_1_76' title='bbox 745 903 894 949; x_wconf 91' lang='lat' dir='ltr'><strong>pontifi-</strong></span> 
     </span>
     <span class='ocr_line' id='line_1_15' title="bbox 163 951 892 998; baseline 0.003 -11"><span class='ocrx_word' id='word_1_77' title='bbox 163 951 252 987; x_wconf 89' lang='lat' dir='ltr'><strong>calis</strong></span> <span class='ocrx_word' id='word_1_78' title='bbox 275 951 478 988; x_wconf 80' lang='lat' dir='ltr'><strong>modestiae</strong></span> <span class='ocrx_word' id='word_1_79' title='bbox 503 954 541 987; x_wconf 89' lang='lat' dir='ltr'><strong>et</strong></span> <span class='ocrx_word' id='word_1_80' title='bbox 564 951 756 998; x_wconf 83' lang='lat' dir='ltr'><strong>gravitatis</strong></span> <span class='ocrx_word' id='word_1_81' title='bbox 782 954 892 997; x_wconf 91' lang='lat'>92,10.</span> 
     </span>
     <span class='ocr_line' id='line_1_16' title="bbox 166 998 894 1046; baseline 0 -11"><span class='ocrx_word' id='word_1_82' title='bbox 166 1020 208 1026; x_wconf 95' lang='lat'>—</span> <span class='ocrx_word' id='word_1_83' title='bbox 251 999 309 1035; x_wconf 88' lang='lat' dir='ltr'><strong>vir</strong></span> <span class='ocrx_word' id='word_1_84' title='bbox 347 998 567 1046; x_wconf 86' lang='lat' dir='ltr'><strong>pontificalis</strong></span> <span class='ocrx_word' id='word_1_85' title='bbox 612 999 815 1036; x_wconf 84' lang='lat' dir='ltr'><strong>modestiae</strong></span> <span class='ocrx_word' id='word_1_86' title='bbox 857 1003 894 1035; x_wconf 91' lang='lat' dir='ltr'><strong>et</strong></span> 
     </span>
     <span class='ocr_line' id='line_1_17' title="bbox 162 1047 894 1093; baseline 0 -10"><span class='ocrx_word' id='word_1_87' title='bbox 162 1047 366 1083; x_wconf 75' lang='lat' dir='ltr'><strong>sanctitatis</strong></span> <span class='ocrx_word' id='word_1_88' title='bbox 402 1050 483 1093; x_wconf 88' lang='lat'>100,</span> <span class='ocrx_word' id='word_1_89' title='bbox 496 1058 525 1084; x_wconf 89' lang='lat'><strong>5.</strong></span> <span class='ocrx_word' id='word_1_90' title='bbox 561 1068 604 1073; x_wconf 91' lang='lat'><strong>-—</strong></span> <span class='ocrx_word' id='word_1_91' title='bbox 639 1048 697 1084; x_wconf 83' lang='lat' dir='ltr'><strong>vir</strong></span> <span class='ocrx_word' id='word_1_92' title='bbox 733 1047 894 1084; x_wconf 89' lang='lat' dir='ltr'><strong>liberalis</strong></span> 
     </span>
     <span class='ocr_line' id='line_1_18' title="bbox 163 1095 894 1132; baseline 0 -1"><span class='ocrx_word' id='word_1_93' title='bbox 163 1095 408 1131; x_wconf 83' lang='lat' dir='ltr'><strong>verecundiae</strong></span> <span class='ocrx_word' id='word_1_94' title='bbox 433 1099 471 1132; x_wconf 91' lang='lat' dir='ltr'><strong>et</strong></span> <span class='ocrx_word' id='word_1_95' title='bbox 500 1098 668 1131; x_wconf 90' lang='lat' dir='ltr'><strong>maturae</strong></span> <span class='ocrx_word' id='word_1_96' title='bbox 693 1095 894 1131; x_wconf 88' lang='lat' dir='ltr'><strong>admodum</strong></span> 
     </span>
     <span class='ocr_line' id='line_1_19' title="bbox 163 1143 893 1190; baseline 0 -12"><span class='ocrx_word' id='word_1_97' title='bbox 163 1143 352 1190; x_wconf 83' lang='lat' dir='ltr'><strong>gravitatis</strong></span> <span class='ocrx_word' id='word_1_98' title='bbox 387 1146 444 1188; x_wconf 89' lang='grc'>96,</span> <span class='ocrx_word' id='word_1_99' title='bbox 468 1155 512 1181; x_wconf 81' lang='lat'><strong>30.</strong></span> <span class='ocrx_word' id='word_1_100' title='bbox 549 1164 594 1170; x_wconf 90' lang='lat'><strong>—-</strong></span> <span class='ocrx_word' id='word_1_101' title='bbox 628 1146 795 1179; x_wconf 83' lang='lat' dir='ltr'><strong>maturae</strong></span> <span class='ocrx_word' id='word_1_102' title='bbox 830 1144 893 1179; x_wconf 88' lang='lat' dir='ltr'><strong>ad-</strong></span> 
     </span>
     <span class='ocr_line' id='line_1_20' title="bbox 163 1190 892 1237; baseline 0.004 -11"><span class='ocrx_word' id='word_1_103' title='bbox 163 1190 316 1226; x_wconf 90' lang='lat' dir='ltr'><strong>modum</strong></span> <span class='ocrx_word' id='word_1_104' title='bbox 355 1191 546 1237; x_wconf 85' lang='lat' dir='ltr'><strong>gravitatis</strong></span> <span class='ocrx_word' id='word_1_105' title='bbox 582 1192 639 1227; x_wconf 82' lang='lat' dir='ltr'><strong>vir</strong></span> <span class='ocrx_word' id='word_1_106' title='bbox 677 1194 758 1237; x_wconf 89' lang='lat'>111,</span> <span class='ocrx_word' id='word_1_107' title='bbox 781 1202 808 1228; x_wconf 91' lang='lat'><strong>5.</strong></span> <span class='ocrx_word' id='word_1_108' title='bbox 849 1212 892 1218; x_wconf 90' lang='lat'>—</span> 
     </span>
     <span class='ocr_line' id='line_1_21' title="bbox 163 1239 893 1286; baseline 0.001 -12"><span class='ocrx_word' id='word_1_109' title='bbox 163 1239 256 1275; x_wconf 88' lang='lat' dir='ltr'><strong>lenis</strong></span> <span class='ocrx_word' id='word_1_110' title='bbox 271 1239 410 1286; x_wconf 87' lang='lat' dir='ltr'><strong>ingenii</strong></span> <span class='ocrx_word' id='word_1_111' title='bbox 427 1241 466 1275; x_wconf 88' lang='lat' dir='ltr'><strong>et</strong></span> <span class='ocrx_word' id='word_1_112' title='bbox 480 1243 676 1285; x_wconf 84' lang='lat' dir='ltr'><strong>provectae</strong></span> <span class='ocrx_word' id='word_1_113' title='bbox 694 1239 893 1275; x_wconf 84' lang='lat' dir='ltr'><strong>admodum</strong></span> 
     </span>
     <span class='ocr_line' id='line_1_22' title="bbox 162 1287 502 1333; baseline 0.006 -11"><span class='ocrx_word' id='word_1_114' title='bbox 162 1287 354 1333; x_wconf 85' lang='lat' dir='ltr'><strong>gravitatis</strong></span> <span class='ocrx_word' id='word_1_115' title='bbox 379 1289 460 1332; x_wconf 88' lang='lat'>327,</span> <span class='ocrx_word' id='word_1_116' title='bbox 474 1297 502 1324; x_wconf 94' lang='lat'><strong>5.</strong></span> 
     </span>
    </p>

    <p class='ocr_par' dir='ltr' id='par_1_9' title="bbox 162 1334 895 1572">
     <span class='ocr_line' id='line_1_23' title="bbox 211 1334 893 1381; baseline 0 -11"><span class='ocrx_word' id='word_1_117' title='bbox 211 1334 309 1370; x_wconf 86' lang='lat' dir='ltr'><strong>facto</strong></span> <span class='ocrx_word' id='word_1_118' title='bbox 340 1346 491 1381; x_wconf 84' lang='lat' dir='ltr'><strong>grege</strong></span> <span class='ocrx_word' id='word_1_119' title='bbox 525 1335 737 1371; x_wconf 82' lang='lat' dir='ltr'><strong>aecclesiam</strong></span> <span class='ocrx_word' id='word_1_120' title='bbox 762 1335 893 1370; x_wconf 87' lang='lat' dir='ltr'><strong>irrum-</strong></span> 
     </span>
     <span class='ocr_line' id='line_1_24' title="bbox 163 1383 895 1429; baseline 0 -11"><span class='ocrx_word' id='word_1_121' title='bbox 163 1385 258 1428; x_wconf 89' lang='lat' dir='ltr'><strong>punt</strong></span> <span class='ocrx_word' id='word_1_122' title='bbox 293 1385 352 1428; x_wconf 90' lang='lat'><strong>82,</strong></span> <span class='ocrx_word' id='word_1_123' title='bbox 377 1394 420 1420; x_wconf 92' lang='lat'><strong>15.</strong></span> <span class='ocrx_word' id='word_1_124' title='bbox 461 1403 504 1409; x_wconf 95' lang='lat'><strong>—</strong></span> <span class='ocrx_word' id='word_1_125' title='bbox 543 1383 641 1418; x_wconf 86' lang='lat' dir='ltr'><strong>facto</strong></span> <span class='ocrx_word' id='word_1_126' title='bbox 678 1394 791 1429; x_wconf 82' lang='lat' dir='ltr'><strong>grege</strong></span> <span class='ocrx_word' id='word_1_127' title='bbox 828 1395 895 1428; x_wconf 91' lang='lat' dir='ltr'><strong>per</strong></span> 
     </span>
     <span class='ocr_line' id='line_1_25' title="bbox 163 1430 894 1477; baseline 0 -11"><span class='ocrx_word' id='word_1_128' title='bbox 163 1441 276 1475; x_wconf 89' lang='lat' dir='ltr'><strong>arma,</strong></span> <span class='ocrx_word' id='word_1_129' title='bbox 305 1442 374 1477; x_wconf 91' lang='lat' dir='ltr'><strong>per</strong></span> <span class='ocrx_word' id='word_1_130' title='bbox 396 1431 495 1466; x_wconf 85' lang='lat' dir='ltr'><strong>viros</strong></span> <span class='ocrx_word' id='word_1_131' title='bbox 520 1430 558 1466; x_wconf 91' lang='lat' dir='ltr'><strong>in</strong></span> <span class='ocrx_word' id='word_1_132' title='bbox 584 1434 704 1467; x_wconf 87' lang='lat' dir='ltr'><strong>castra</strong></span> <span class='ocrx_word' id='word_1_133' title='bbox 728 1443 894 1476; x_wconf 91' lang='lat' dir='ltr'><strong>perrum-</strong></span> 
     </span>
     <span class='ocr_line' id='line_1_26' title="bbox 162 1478 894 1525; baseline 0.001 -12"><span class='ocrx_word' id='word_1_134' title='bbox 162 1481 408 1524; x_wconf 79' lang='lat' dir='ltr'><strong>pere&#39;parant</strong></span> <span class='ocrx_word' id='word_1_135' title='bbox 433 1481 490 1524; x_wconf 90' lang='lat'><strong>97,</strong></span> <span class='ocrx_word' id='word_1_136' title='bbox 505 1491 551 1516; x_wconf 82' lang='lat'><strong>20.</strong></span> <span class='ocrx_word' id='word_1_137' title='bbox 585 1499 627 1505; x_wconf 92' lang='lat'>—</span> <span class='ocrx_word' id='word_1_138' title='bbox 658 1478 756 1515; x_wconf 85' lang='lat' dir='ltr'><strong>facto</strong></span> <span class='ocrx_word' id='word_1_139' title='bbox 781 1490 894 1525; x_wconf 84' lang='lat' dir='ltr'><strong>grege</strong></span> 
     </span>
     <span class='ocr_line' id='line_1_27' title="bbox 163 1526 894 1572; baseline 0 -10"><span class='ocrx_word' id='word_1_140' title='bbox 163 1526 285 1572; x_wconf 88' lang='lat' dir='ltr'><strong>sepius</strong></span> <span class='ocrx_word' id='word_1_141' title='bbox 318 1527 504 1562; x_wconf 87' lang='lat' dir='ltr'><strong>incursare</strong></span> <span class='ocrx_word' id='word_1_142' title='bbox 540 1529 679 1572; x_wconf 91' lang='lat'>108,15.</span> <span class='ocrx_word' id='word_1_143' title='bbox 716 1548 762 1553; x_wconf 93' lang='lat'>—</span> <span class='ocrx_word' id='word_1_144' title='bbox 795 1527 894 1562; x_wconf 87' lang='lat' dir='ltr'><strong>facto</strong></span> 
     </span>
    </p>
   </div>
   <div class='ocr_carea' id='block_1_7' title="bbox 163 1573 1008 1621">
    <p class='ocr_par' dir='ltr' id='par_1_10' title="bbox 163 1573 1008 1621">
     <span class='ocr_line' id='line_1_28' title="bbox 163 1573 1008 1621; baseline 0.004 -12"><span class='ocrx_word' id='word_1_145' title='bbox 163 1585 276 1621; x_wconf 83' lang='lat' dir='ltr'><strong>grege</strong></span> <span class='ocrx_word' id='word_1_146' title='bbox 300 1573 339 1609; x_wconf 88' lang='lat' dir='ltr'><strong>in</strong></span> <span class='ocrx_word' id='word_1_147' title='bbox 355 1573 589 1620; x_wconf 86' lang='lat' dir='ltr'><strong>Hartesburg</strong></span> <span class='ocrx_word' id='word_1_148' title='bbox 610 1575 732 1610; x_wconf 87' lang='lat' dir='ltr'><strong>irrunt</strong></span> <span class='ocrx_word' id='word_1_149' title='bbox 756 1576 836 1619; x_wconf 87' lang='grc'>184,</span> <span class='ocrx_word' id='word_1_150' title='bbox 849 1586 893 1611; x_wconf 84' lang='grc'><strong>15.</strong></span> <span class='ocrx_word' id='word_1_151' title='bbox 945 1604 952 1612; x_wconf 97' lang='grc'><strong>.</strong></span> <span class='ocrx_word' id='word_1_152' title='bbox 973 1604 980 1612; x_wconf 94' lang='grc'><strong>.</strong></span> <span class='ocrx_word' id='word_1_153' title='bbox 1000 1603 1008 1612; x_wconf 95' lang='grc'><strong>.</strong></span> 
     </span>
    </p>
   </div>
   <div class='ocr_carea' id='block_1_8' title="bbox 162 1621 894 1715">
    <p class='ocr_par' dir='ltr' id='par_1_11' title="bbox 162 1621 894 1715">
     <span class='ocr_line' id='line_1_29' title="bbox 165 1621 894 1668; baseline 0.001 -11"><span class='ocrx_word' id='word_1_154' title='bbox 165 1642 208 1648; x_wconf 87' lang='grc'><strong>-</strong></span> <span class='ocrx_word' id='word_1_155' title='bbox 240 1621 352 1668; x_wconf 84' lang='lat' dir='ltr'><strong>globo</strong></span> <span class='ocrx_word' id='word_1_156' title='bbox 386 1621 484 1658; x_wconf 87' lang='lat' dir='ltr'><strong>facto</strong></span> <span class='ocrx_word' id='word_1_157' title='bbox 518 1623 703 1668; x_wconf 84' lang='lat' dir='ltr'><strong>irruperat</strong></span> <span class='ocrx_word' id='word_1_158' title='bbox 735 1623 774 1658; x_wconf 89' lang='lat' dir='ltr'><strong>in</strong></span> <span class='ocrx_word' id='word_1_159' title='bbox 805 1622 894 1658; x_wconf 80' lang='lat' dir='ltr'><strong>Fre-</strong></span> 
     </span>
     <span class='ocr_line' id='line_1_30' title="bbox 162 1669 421 1715; baseline 0.012 -11"><span class='ocrx_word' id='word_1_160' title='bbox 162 1669 253 1704; x_wconf 83' lang='lat' dir='ltr'><strong>siam</strong></span> <span class='ocrx_word' id='word_1_161' title='bbox 279 1672 362 1715; x_wconf 91' lang='lat'>320,</span> <span class='ocrx_word' id='word_1_162' title='bbox 375 1681 421 1707; x_wconf 74' lang='lat'><strong>20.</strong></span> 
     </span>
    </p>
   </div>
   <div class='ocr_carea' id='block_1_9' title="bbox 1603 218 1673 253">
    <p class='ocr_par' dir='ltr' id='par_1_12' title="bbox 1603 218 1673 253">
     <span class='ocr_line' id='line_1_31' title="bbox 1603 218 1673 253; baseline 0 0"><span class='ocrx_word' id='word_1_163' title='bbox 1603 218 1673 253; x_wconf 82' lang='lat'><strong>437</strong></span> 
     </span>
    </p>
   </div>
   <div class='ocr_carea' id='block_1_10' title="bbox 943 333 1675 702">
    <p class='ocr_par' dir='ltr' id='par_1_13' title="bbox 946 333 1673 428">
     <span class='ocr_line' id='line_1_32' title="bbox 946 333 1673 380; baseline 0.01 -13"><span class='ocrx_word' id='word_1_164' title='bbox 946 333 1088 368; x_wconf 87' lang='lat' dir='ltr'><strong>sanein</strong></span> <span class='ocrx_word' id='word_1_165' title='bbox 1105 334 1309 380; x_wconf 83' lang='lat' dir='ltr'><strong>gratiam.</strong></span> <span class='ocrx_word' id='word_1_166' title='bbox 1330 356 1371 360; x_wconf 96' lang='lat'><strong>—</strong></span> <span class='ocrx_word' id='word_1_167' title='bbox 1390 336 1467 372; x_wconf 78' lang='lat' dir='ltr'><strong>Liv.</strong></span> <span class='ocrx_word' id='word_1_168' title='bbox 1483 336 1556 379; x_wconf 93' lang='lat' dir='ltr'>III,</span> <span class='ocrx_word' id='word_1_169' title='bbox 1570 337 1627 380; x_wconf 88' lang='lat'><strong>58,</strong></span> <span class='ocrx_word' id='word_1_170' title='bbox 1639 338 1673 373; x_wconf 86' lang='lat'><strong>4.</strong></span> 
     </span>
     <span class='ocr_line' id='line_1_33' title="bbox 946 382 1616 428; baseline 0.006 -13"><span class='ocrx_word' id='word_1_171' title='bbox 946 391 1014 416; x_wconf 89' lang='grc'>1100</span> <span class='ocrx_word' id='word_1_172' title='bbox 1039 392 1123 425; x_wconf 85' lang='lat' dir='ltr'><strong>cum</strong></span> <span class='ocrx_word' id='word_1_173' title='bbox 1149 393 1192 417; x_wconf 91' lang='lat' dir='ltr'><strong>eo</strong></span> <span class='ocrx_word' id='word_1_174' title='bbox 1218 382 1256 417; x_wconf 91' lang='lat' dir='ltr'><strong>in</strong></span> <span class='ocrx_word' id='word_1_175' title='bbox 1281 383 1438 428; x_wconf 81' lang='lat' dir='ltr'><strong>gratiam</strong></span> <span class='ocrx_word' id='word_1_176' title='bbox 1469 383 1616 420; x_wconf 86' lang='lat' dir='ltr'><strong>redisse.</strong></span> 
     </span>
    </p>

    <p class='ocr_par' dir='ltr' id='par_1_14' title="bbox 944 429 1675 521">
     <span class='ocr_line' id='line_1_34' title="bbox 999 429 1675 475; baseline 0.004 -12"><span class='ocrx_word' id='word_1_177' title='bbox 999 429 1134 466; x_wconf 79' lang='lat' dir='ltr'><strong>Terent.</strong></span> <span class='ocrx_word' id='word_1_178' title='bbox 1160 430 1258 466; x_wconf 81' lang='lat' dir='ltr'><strong>Eun.</strong></span> <span class='ocrx_word' id='word_1_179' title='bbox 1287 431 1356 475; x_wconf 86' lang='lat' dir='ltr'><strong>IV,</strong></span> <span class='ocrx_word' id='word_1_180' title='bbox 1383 433 1424 474; x_wconf 88' lang='lat'>4,</span> <span class='ocrx_word' id='word_1_181' title='bbox 1452 433 1508 468; x_wconf 86' lang='lat'><strong>56.</strong></span> <span class='ocrx_word' id='word_1_182' title='bbox 1548 434 1585 466; x_wconf 82' lang='grc'><strong>01</strong></span> <span class='ocrx_word' id='word_1_183' title='bbox 1622 431 1675 466; x_wconf 85' lang='grc'>1111</span> 
     </span>
     <span class='ocr_line' id='line_1_35' title="bbox 944 476 1302 521; baseline 0.011 -12"><span class='ocrx_word' id='word_1_184' title='bbox 944 479 1136 521; x_wconf 85' lang='lat' dir='ltr'><strong>gratum</strong></span> <span class='ocrx_word' id='word_1_185' title='bbox 1164 476 1302 514; x_wconf 81' lang='lat' dir='ltr'><strong>feceris,</strong></span> 
     </span>
    </p>

    <p class='ocr_par' dir='ltr' id='par_1_15' title="bbox 943 524 1674 702">
     <span class='ocr_line' id='line_1_36' title="bbox 993 524 1672 571; baseline 0.009 -14"><span class='ocrx_word' id='word_1_186' title='bbox 993 524 1071 559; x_wconf 80' lang='lat' dir='ltr'><strong>Liv.</strong></span> <span class='ocrx_word' id='word_1_187' title='bbox 1104 525 1235 567; x_wconf 89' lang='lat' dir='ltr'>XLII,</span> <span class='ocrx_word' id='word_1_188' title='bbox 1261 527 1319 562; x_wconf 83' lang='lat'>43.</span> <span class='ocrx_word' id='word_1_189' title='bbox 1354 528 1556 571; x_wconf 84' lang='lat' dir='ltr'><strong>gravate</strong></span> <span class='ocrx_word' id='word_1_190' title='bbox 1592 555 1599 562; x_wconf 96' lang='lat'><strong>.</strong></span> <span class='ocrx_word' id='word_1_191' title='bbox 1629 555 1672 563; x_wconf 89' lang='lat'><strong>..</strong></span> 
     </span>
     <span class='ocr_line' id='line_1_37' title="bbox 945 571 1673 616; baseline 0.008 -11"><span class='ocrx_word' id='word_1_192' title='bbox 945 571 1135 607; x_wconf 85' lang='lat' dir='ltr'><strong>concessit.</strong></span> <span class='ocrx_word' id='word_1_193' title='bbox 1163 592 1204 596; x_wconf 97' lang='lat'><strong>—</strong></span> <span class='ocrx_word' id='word_1_194' title='bbox 1233 572 1334 616; x_wconf 77' lang='lat' dir='ltr'><strong>Sulp.</strong></span> <span class='ocrx_word' id='word_1_195' title='bbox 1354 574 1428 609; x_wconf 85' lang='lat' dir='ltr'><strong>Sev.</strong></span> <span class='ocrx_word' id='word_1_196' title='bbox 1447 574 1545 609; x_wconf 74' lang='lat' dir='ltr'><strong>Dial.</strong></span> <span class='ocrx_word' id='word_1_197' title='bbox 1564 575 1596 616; x_wconf 83' lang='lat' dir='ltr'><strong>I,</strong></span> <span class='ocrx_word' id='word_1_198' title='bbox 1615 576 1673 611; x_wconf 90' lang='lat'><strong>26.</strong></span> 
     </span>
     <span class='ocr_line' id='line_1_38' title="bbox 945 619 1674 665; baseline 0.005 -13"><span class='ocrx_word' id='word_1_199' title='bbox 945 620 987 652; x_wconf 90' lang='lat' dir='ltr'><strong>ut</strong></span> <span class='ocrx_word' id='word_1_200' title='bbox 1011 629 1087 653; x_wconf 89' lang='lat' dir='ltr'><strong>non</strong></span> <span class='ocrx_word' id='word_1_201' title='bbox 1111 622 1262 665; x_wconf 84' lang='lat' dir='ltr'><strong>gravate</strong></span> <span class='ocrx_word' id='word_1_202' title='bbox 1286 619 1383 654; x_wconf 89' lang='lat' dir='ltr'><strong>illius</strong></span> <span class='ocrx_word' id='word_1_203' title='bbox 1401 619 1498 655; x_wconf 87' lang='lat' dir='ltr'><strong>facta</strong></span> <span class='ocrx_word' id='word_1_204' title='bbox 1516 632 1674 656; x_wconf 87' lang='lat' dir='ltr'><strong>comme-</strong></span> 
     </span>
     <span class='ocr_line' id='line_1_39' title="bbox 943 668 1074 702; baseline 0.008 -1"><span class='ocrx_word' id='word_1_205' title='bbox 943 668 1074 702; x_wconf 89' lang='lat' dir='ltr'><strong>moret.</strong></span> 
     </span>
    </p>
   </div>
   <div class='ocr_carea' id='block_1_11' title="bbox 944 762 1674 846">
    <p class='ocr_par' dir='ltr' id='par_1_16' title="bbox 944 762 1674 846">
     <span class='ocr_line' id='line_1_40' title="bbox 992 762 1674 808; baseline 0.003 -12"><span class='ocrx_word' id='word_1_206' title='bbox 992 762 1083 798; x_wconf 84' lang='lat' dir='ltr'><em>Sall.</em></span> <span class='ocrx_word' id='word_1_207' title='bbox 1115 762 1194 806; x_wconf 72' lang='lat' dir='ltr'><strong>luy.</strong></span> <span class='ocrx_word' id='word_1_208' title='bbox 1230 764 1284 798; x_wconf 89' lang='lat'>12.</span> <span class='ocrx_word' id='word_1_209' title='bbox 1320 774 1366 798; x_wconf 91' lang='lat' dir='ltr'><strong>ne</strong></span> <span class='ocrx_word' id='word_1_210' title='bbox 1401 763 1602 808; x_wconf 83' lang='lat' dir='ltr'><strong>gravius</strong></span> <span class='ocrx_word' id='word_1_211' title='bbox 1636 763 1674 798; x_wconf 89' lang='lat' dir='ltr'><strong>in</strong></span> 
     </span>
     <span class='ocr_line' id='line_1_41' title="bbox 944 810 1316 846; baseline 0.003 -2"><span class='ocrx_word' id='word_1_212' title='bbox 944 821 1030 844; x_wconf 89' lang='lat' dir='ltr'><strong>eum</strong></span> <span class='ocrx_word' id='word_1_213' title='bbox 1055 810 1316 846; x_wconf 85' lang='lat' dir='ltr'><strong>consuleretur.</strong></span> 
     </span>
    </p>
   </div>
   <div class='ocr_carea' id='block_1_12' title="bbox 941 1336 1673 1708">
    <p class='ocr_par' dir='ltr' id='par_1_17' title="bbox 941 1336 1673 1708">
     <span class='ocr_line' id='line_1_42' title="bbox 993 1336 1672 1382; baseline 0.003 -12"><span class='ocrx_word' id='word_1_214' title='bbox 993 1336 1082 1372; x_wconf 82' lang='lat' dir='ltr'><strong>Sall.</strong></span> <span class='ocrx_word' id='word_1_215' title='bbox 1119 1336 1195 1371; x_wconf 78' lang='lat' dir='ltr'><strong>Cal.</strong></span> <span class='ocrx_word' id='word_1_216' title='bbox 1225 1338 1282 1373; x_wconf 88' lang='lat'><strong>50.</strong></span> <span class='ocrx_word' id='word_1_217' title='bbox 1318 1338 1360 1370; x_wconf 91' lang='lat' dir='ltr'><strong>ut</strong></span> <span class='ocrx_word' id='word_1_218' title='bbox 1394 1347 1541 1382; x_wconf 85' lang='lat' dir='ltr'><strong>grege</strong></span> <span class='ocrx_word' id='word_1_219' title='bbox 1576 1336 1672 1372; x_wconf 84' lang='lat' dir='ltr'><strong>facto</strong></span> 
     </span>
     <span class='ocr_line' id='line_1_43' title="bbox 944 1383 1672 1429; baseline 0.001 -11"><span class='ocrx_word' id='word_1_220' title='bbox 944 1395 1029 1419; x_wconf 88' lang='lat' dir='ltr'><strong>cum</strong></span> <span class='ocrx_word' id='word_1_221' title='bbox 1069 1383 1152 1418; x_wconf 88' lang='lat' dir='ltr'><strong>telis</strong></span> <span class='ocrx_word' id='word_1_222' title='bbox 1200 1383 1247 1418; x_wconf 89' lang='lat' dir='ltr'><strong>ad</strong></span> <span class='ocrx_word' id='word_1_223' title='bbox 1288 1395 1365 1419; x_wconf 88' lang='lat' dir='ltr'><strong>sese</strong></span> <span class='ocrx_word' id='word_1_224' title='bbox 1407 1384 1672 1429; x_wconf 68' lang='lat' dir='ltr'><strong>irrumperentg</strong></span> 
     </span>
     <span class='ocr_line' id='line_1_44' title="bbox 944 1431 1672 1478; baseline 0.001 -12"><span class='ocrx_word' id='word_1_225' title='bbox 944 1432 1024 1476; x_wconf 72' lang='lat' dir='ltr'><strong>qu.</strong></span> <span class='ocrx_word' id='word_1_226' title='bbox 1052 1434 1110 1468; x_wconf 83' lang='lat'><strong>58.</strong></span> <span class='ocrx_word' id='word_1_227' title='bbox 1143 1443 1256 1478; x_wconf 88' lang='lat' dir='ltr'><strong>grege</strong></span> <span class='ocrx_word' id='word_1_228' title='bbox 1286 1431 1394 1468; x_wconf 82' lang='lat' dir='ltr'><strong>facto.</strong></span> <span class='ocrx_word' id='word_1_229' title='bbox 1424 1453 1466 1457; x_wconf 85' lang='lat'><strong>-—</strong></span> <span class='ocrx_word' id='word_1_230' title='bbox 1499 1433 1577 1469; x_wconf 77' lang='lat' dir='ltr'><strong>Liv.</strong></span> <span class='ocrx_word' id='word_1_231' title='bbox 1603 1434 1672 1475; x_wconf 87' lang='lat' dir='ltr'><strong>IX,</strong></span> 
     </span>
     <span class='ocr_line' id='line_1_45' title="bbox 944 1479 1671 1525; baseline 0.001 -9"><span class='ocrx_word' id='word_1_232' title='bbox 944 1482 1002 1516; x_wconf 89' lang='lat'><strong>39.</strong></span> <span class='ocrx_word' id='word_1_233' title='bbox 1035 1482 1077 1514; x_wconf 91' lang='lat' dir='ltr'><strong>ut</strong></span> <span class='ocrx_word' id='word_1_234' title='bbox 1103 1508 1110 1515; x_wconf 94' lang='lat'><strong>.</strong></span> <span class='ocrx_word' id='word_1_235' title='bbox 1131 1507 1138 1516; x_wconf 94' lang='lat'><strong>.</strong></span> <span class='ocrx_word' id='word_1_236' title='bbox 1160 1508 1167 1516; x_wconf 93' lang='lat'><strong>.</strong></span> <span class='ocrx_word' id='word_1_237' title='bbox 1195 1480 1241 1514; x_wconf 85' lang='lat' dir='ltr'><strong>ad</strong></span> <span class='ocrx_word' id='word_1_238' title='bbox 1266 1480 1404 1525; x_wconf 90' lang='lat' dir='ltr'><strong>primos</strong></span> <span class='ocrx_word' id='word_1_239' title='bbox 1436 1479 1580 1515; x_wconf 87' lang='lat' dir='ltr'><strong>ordines</strong></span> <span class='ocrx_word' id='word_1_240' title='bbox 1608 1509 1615 1516; x_wconf 88' lang='lat'><strong>.</strong></span> <span class='ocrx_word' id='word_1_241' title='bbox 1636 1509 1643 1516; x_wconf 95' lang='lat'><strong>.</strong></span> <span class='ocrx_word' id='word_1_242' title='bbox 1664 1509 1671 1517; x_wconf 91' lang='lat'><strong>.</strong></span> 
     </span>
     <span class='ocr_line' id='line_1_46' title="bbox 942 1528 1673 1573; baseline 0 -11"><span class='ocrx_word' id='word_1_243' title='bbox 942 1538 1010 1573; x_wconf 88' lang='lat' dir='ltr'><strong>per</strong></span> <span class='ocrx_word' id='word_1_244' title='bbox 1047 1538 1159 1572; x_wconf 87' lang='lat' dir='ltr'><strong>arma,</strong></span> <span class='ocrx_word' id='word_1_245' title='bbox 1198 1539 1266 1573; x_wconf 88' lang='lat' dir='ltr'><strong>per</strong></span> <span class='ocrx_word' id='word_1_246' title='bbox 1303 1539 1456 1572; x_wconf 87' lang='lat' dir='ltr'><strong>corpora</strong></span> <span class='ocrx_word' id='word_1_247' title='bbox 1494 1528 1673 1563; x_wconf 86' lang='lat' dir='ltr'><strong>evaserint</strong></span> 
     </span>
     <span class='ocr_line' id='line_1_47' title="bbox 1035 1575 1671 1621; baseline 0 -11"><span class='ocrx_word' id='word_1_248' title='bbox 1035 1575 1185 1610; x_wconf 86' lang='lat' dir='ltr'><strong>tandem</strong></span> <span class='ocrx_word' id='word_1_249' title='bbox 1205 1576 1411 1621; x_wconf 89' lang='lat' dir='ltr'><strong>perrumpit</strong></span> <span class='ocrx_word' id='word_1_250' title='bbox 1437 1575 1582 1611; x_wconf 85' lang='lat' dir='ltr'><strong>ordines</strong></span> <span class='ocrx_word' id='word_1_251' title='bbox 1609 1576 1671 1610; x_wconf 90' lang='lat' dir='ltr'><strong>ho-</strong></span> 
     </span>
     <span class='ocr_line' id='line_1_48' title="bbox 943 1623 1671 1670; baseline 0 -12"><span class='ocrx_word' id='word_1_252' title='bbox 943 1623 1072 1668; x_wconf 76' lang='lat' dir='ltr'><strong>stium3</strong></span> <span class='ocrx_word' id='word_1_253' title='bbox 1105 1624 1215 1667; x_wconf 88' lang='lat' dir='ltr'>VIII,</span> <span class='ocrx_word' id='word_1_254' title='bbox 1243 1625 1300 1660; x_wconf 86' lang='lat'>34.</span> <span class='ocrx_word' id='word_1_255' title='bbox 1335 1635 1445 1670; x_wconf 82' lang='lat' dir='ltr'><strong>grege</strong></span> <span class='ocrx_word' id='word_1_256' title='bbox 1480 1623 1576 1658; x_wconf 80' lang='lat' dir='ltr'><strong>facto</strong></span> <span class='ocrx_word' id='word_1_257' title='bbox 1611 1635 1671 1659; x_wconf 88' lang='lat' dir='ltr'><strong>ve-</strong></span> 
     </span>
     <span class='ocr_line' id='line_1_49' title="bbox 941 1671 1095 1708; baseline 0.013 -2"><span class='ocrx_word' id='word_1_258' title='bbox 941 1671 1095 1708; x_wconf 87' lang='lat' dir='ltr'><strong>nientes.</strong></span> 
     </span>
    </p>
   </div>
   <div class='ocr_carea' id='block_1_13' title="bbox 162 1836 891 1931">
    <p class='ocr_par' dir='ltr' id='par_1_18' title="bbox 162 1836 891 1931">
     <span class='ocr_line' id='line_1_50' title="bbox 210 1836 891 1874; baseline 0.003 -2"><span class='ocrx_word' id='word_1_259' title='bbox 210 1836 336 1873; x_wconf 87' lang='lat' dir='ltr'><strong>videns</strong></span> <span class='ocrx_word' id='word_1_260' title='bbox 373 1838 470 1872; x_wconf 88' lang='lat' dir='ltr'><strong>totas</strong></span> <span class='ocrx_word' id='word_1_261' title='bbox 509 1848 634 1872; x_wconf 88' lang='lat' dir='ltr'><strong>rerum</strong></span> <span class='ocrx_word' id='word_1_262' title='bbox 676 1837 700 1872; x_wconf 92' lang='lat' dir='ltr'><strong>h</strong></span> <span class='ocrx_word' id='word_1_263' title='bbox 713 1838 768 1874; x_wconf 83' lang='lat' dir='ltr'><strong>ab</strong></span> <span class='ocrx_word' id='word_1_264' title='bbox 778 1849 798 1874; x_wconf 89' lang='lat' dir='ltr'><strong>e</strong></span> <span class='ocrx_word' id='word_1_265' title='bbox 808 1850 832 1873; x_wconf 91' lang='lat' dir='ltr'><strong>n</strong></span> <span class='ocrx_word' id='word_1_266' title='bbox 844 1849 865 1873; x_wconf 88' lang='lat' dir='ltr'><strong>a</strong></span> <span class='ocrx_word' id='word_1_267' title='bbox 875 1849 891 1874; x_wconf 85' lang='lat' dir='ltr'><strong>s</strong></span> 
     </span>
     <span class='ocr_line' id='line_1_51' title="bbox 162 1885 666 1931; baseline 0.006 -12"><span class='ocrx_word' id='word_1_268' title='bbox 162 1895 228 1920; x_wconf 87' lang='lat' dir='ltr'><strong>suo</strong></span> <span class='ocrx_word' id='word_1_269' title='bbox 252 1885 324 1920; x_wconf 85' lang='lat' dir='ltr'><strong>iuri</strong></span> <span class='ocrx_word' id='word_1_270' title='bbox 350 1885 499 1921; x_wconf 83' lang='lat' dir='ltr'><strong>cessisse</strong></span> <span class='ocrx_word' id='word_1_271' title='bbox 524 1887 606 1931; x_wconf 87' lang='lat'>317,</span> <span class='ocrx_word' id='word_1_272' title='bbox 621 1896 666 1922; x_wconf 88' lang='lat'><strong>15.</strong></span> 
     </span>
    </p>
   </div>
   <div class='ocr_carea' id='block_1_14' title="bbox 160 1979 891 2314">
    <p class='ocr_par' dir='ltr' id='par_1_19' title="bbox 161 1979 891 2169">
     <span class='ocr_line' id='line_1_52' title="bbox 211 1979 891 2026; baseline 0.001 -11"><span class='ocrx_word' id='word_1_273' title='bbox 211 1979 373 2026; x_wconf 87' lang='lat' dir='ltr'><strong>undique</strong></span> <span class='ocrx_word' id='word_1_274' title='bbox 407 1980 538 2015; x_wconf 87' lang='lat' dir='ltr'><strong>laxatis</strong></span> <span class='ocrx_word' id='word_1_275' title='bbox 571 2009 578 2018; x_wconf 98' lang='lat'><strong>.</strong></span> <span class='ocrx_word' id='word_1_276' title='bbox 606 2009 614 2017; x_wconf 91' lang='lat'><strong>.</strong></span> <span class='ocrx_word' id='word_1_277' title='bbox 641 2009 649 2018; x_wconf 94' lang='lat'><strong>.</strong></span> <span class='ocrx_word' id='word_1_278' title='bbox 685 1980 891 2016; x_wconf 83' lang='lat' dir='ltr'><strong>habenis</strong></span> 
     </span>
     <span class='ocr_line' id='line_1_53' title="bbox 163 2028 891 2074; baseline -0.004 -7"><span class='ocrx_word' id='word_1_279' title='bbox 163 2031 244 2074; x_wconf 89' lang='lat'>115,</span> <span class='ocrx_word' id='word_1_280' title='bbox 261 2039 290 2065; x_wconf 88' lang='lat'><strong>5.</strong></span> <span class='ocrx_word' id='word_1_281' title='bbox 327 2049 368 2054; x_wconf 91' lang='lat'>—</span> <span class='ocrx_word' id='word_1_282' title='bbox 404 2028 536 2063; x_wconf 86' lang='lat' dir='ltr'><strong>laxatis</strong></span> <span class='ocrx_word' id='word_1_283' title='bbox 569 2031 709 2064; x_wconf 87' lang='lat' dir='ltr'><strong>temere</strong></span> <span class='ocrx_word' id='word_1_284' title='bbox 738 2028 891 2064; x_wconf 86' lang='lat' dir='ltr'><strong>habenis</strong></span> 
     </span>
     <span class='ocr_line' id='line_1_54' title="bbox 161 2076 890 2121; baseline -0.001 -8"><span class='ocrx_word' id='word_1_285' title='bbox 161 2079 244 2121; x_wconf 90' lang='lat'>275,</span> <span class='ocrx_word' id='word_1_286' title='bbox 258 2087 305 2113; x_wconf 80' lang='lat'><strong>25.</strong></span> <span class='ocrx_word' id='word_1_287' title='bbox 332 2097 374 2102; x_wconf 91' lang='lat'>—</span> <span class='ocrx_word' id='word_1_288' title='bbox 402 2076 625 2121; x_wconf 88' lang='lat' dir='ltr'><strong>abiectisque</strong></span> <span class='ocrx_word' id='word_1_289' title='bbox 651 2076 821 2112; x_wconf 91' lang='lat' dir='ltr'><strong>omnibus</strong></span> <span class='ocrx_word' id='word_1_290' title='bbox 845 2077 890 2112; x_wconf 92' lang='lat' dir='ltr'><strong>ti-</strong></span> 
     </span>
     <span class='ocr_line' id='line_1_55' title="bbox 161 2123 710 2169; baseline 0.002 -10"><span class='ocrx_word' id='word_1_291' title='bbox 161 2123 274 2159; x_wconf 86' lang='lat' dir='ltr'><strong>moris</strong></span> <span class='ocrx_word' id='word_1_292' title='bbox 298 2123 367 2159; x_wconf 88' lang='lat' dir='ltr'><strong>Dei</strong></span> <span class='ocrx_word' id='word_1_293' title='bbox 392 2123 543 2159; x_wconf 88' lang='lat' dir='ltr'><strong>habenis</strong></span> <span class='ocrx_word' id='word_1_294' title='bbox 569 2126 650 2169; x_wconf 87' lang='lat'>300,</span> <span class='ocrx_word' id='word_1_295' title='bbox 665 2135 710 2160; x_wconf 83' lang='lat'><strong>30.</strong></span> 
     </span>
    </p>

    <p class='ocr_par' dir='ltr' id='par_1_20' title="bbox 160 2171 891 2266">
     <span class='ocr_line' id='line_1_56' title="bbox 210 2171 891 2208; baseline 0.001 -1"><span class='ocrx_word' id='word_1_296' title='bbox 210 2171 268 2207; x_wconf 84' lang='lat' dir='ltr'><strong>En</strong></span> <span class='ocrx_word' id='word_1_297' title='bbox 303 2198 312 2207; x_wconf 89' lang='lat'><strong>.</strong></span> <span class='ocrx_word' id='word_1_298' title='bbox 340 2199 348 2208; x_wconf 92' lang='lat'><strong>.</strong></span> <span class='ocrx_word' id='word_1_299' title='bbox 376 2200 383 2208; x_wconf 91' lang='lat'><strong>.</strong></span> <span class='ocrx_word' id='word_1_300' title='bbox 418 2171 614 2206; x_wconf 85' lang='lat' dir='ltr'><strong>habetis</strong></span> <span class='ocrx_word' id='word_1_301' title='bbox 651 2171 770 2207; x_wconf 84' lang='lat' dir='ltr'><strong>virum</strong></span> <span class='ocrx_word' id='word_1_302' title='bbox 807 2183 891 2208; x_wconf 83' lang='lat' dir='ltr'><strong>mea</strong></span> 
     </span>
     <span class='ocr_line' id='line_1_57' title="bbox 160 2219 687 2266; baseline 0.004 -12"><span class='ocrx_word' id='word_1_303' title='bbox 160 2219 343 2255; x_wconf 86' lang='lat' dir='ltr'><strong>sententia</strong></span> <span class='ocrx_word' id='word_1_304' title='bbox 367 2219 520 2266; x_wconf 87' lang='lat' dir='ltr'><strong>dignum</strong></span> <span class='ocrx_word' id='word_1_305' title='bbox 545 2222 687 2264; x_wconf 85' lang='lat'>313,15.</span> 
     </span>
    </p>

    <p class='ocr_par' dir='ltr' id='par_1_21' title="bbox 208 2266 890 2314">
     <span class='ocr_line' id='line_1_58' title="bbox 208 2266 890 2314; baseline 0.004 -12"><span class='ocrx_word' id='word_1_306' title='bbox 208 2267 351 2303; x_wconf 87' lang='lat' dir='ltr'><strong>Verum</strong></span> <span class='ocrx_word' id='word_1_307' title='bbox 369 2267 460 2302; x_wconf 89' lang='lat' dir='ltr'><strong>haec</strong></span> <span class='ocrx_word' id='word_1_308' title='bbox 485 2266 724 2302; x_wconf 85' lang='lat' dir='ltr'><strong>hactenus</strong></span> <span class='ocrx_word' id='word_1_309' title='bbox 750 2270 890 2314; x_wconf 81' lang='lat' dir='ltr'>348,³o.</span> 
     </span>
    </p>
   </div>
   <div class='ocr_carea' id='block_1_15' title="bbox 158 2362 889 2742">
    <p class='ocr_par' dir='ltr' id='par_1_22' title="bbox 160 2362 889 2503">
     <span class='ocr_line' id='line_1_59' title="bbox 207 2362 889 2408; baseline 0 -10"><span class='ocrx_word' id='word_1_310' title='bbox 207 2362 403 2408; x_wconf 88' lang='lat' dir='ltr'><strong>plerosque</strong></span> <span class='ocrx_word' id='word_1_311' title='bbox 427 2362 592 2398; x_wconf 88' lang='lat' dir='ltr'><strong>obscuris</strong></span> <span class='ocrx_word' id='word_1_312' title='bbox 617 2364 655 2398; x_wconf 87' lang='lat' dir='ltr'><strong>et</strong></span> <span class='ocrx_word' id='word_1_313' title='bbox 684 2374 780 2408; x_wconf 89' lang='lat' dir='ltr'><strong>pene</strong></span> <span class='ocrx_word' id='word_1_314' title='bbox 809 2363 889 2398; x_wconf 90' lang='lat' dir='ltr'><strong>nul-</strong></span> 
     </span>
     <span class='ocr_line' id='line_1_60' title="bbox 160 2410 889 2456; baseline 0.001 -11"><span class='ocrx_word' id='word_1_315' title='bbox 160 2410 204 2445; x_wconf 90' lang='lat' dir='ltr'><strong>lis</strong></span> <span class='ocrx_word' id='word_1_316' title='bbox 222 2410 422 2446; x_wconf 86' lang='lat' dir='ltr'><strong>maioribus</strong></span> <span class='ocrx_word' id='word_1_317' title='bbox 441 2413 540 2446; x_wconf 89' lang='lat' dir='ltr'><strong>ortos</strong></span> <span class='ocrx_word' id='word_1_318' title='bbox 560 2410 791 2456; x_wconf 84' lang='lat' dir='ltr'><strong>amplissimis</strong></span> <span class='ocrx_word' id='word_1_319' title='bbox 809 2410 834 2446; x_wconf 90' lang='lat' dir='ltr'><strong>h</strong></span> <span class='ocrx_word' id='word_1_320' title='bbox 845 2423 889 2446; x_wconf 93' lang='lat' dir='ltr'><strong>o-</strong></span> 
     </span>
     <span class='ocr_line' id='line_1_61' title="bbox 160 2457 889 2503; baseline 0.001 -11"><span class='ocrx_word' id='word_1_321' title='bbox 160 2457 346 2494; x_wconf 83' lang='lat' dir='ltr'><strong>neribus</strong></span> <span class='ocrx_word' id='word_1_322' title='bbox 371 2459 554 2494; x_wconf 85' lang='lat' dir='ltr'><strong>extulerat</strong></span> <span class='ocrx_word' id='word_1_323' title='bbox 573 2461 652 2502; x_wconf 88' lang='lat'>147,</span> <span class='ocrx_word' id='word_1_324' title='bbox 662 2470 708 2496; x_wconf 85' lang='lat'><strong>20.</strong></span> <span class='ocrx_word' id='word_1_325' title='bbox 728 2479 770 2484; x_wconf 90' lang='lat'>—</span> <span class='ocrx_word' id='word_1_326' title='bbox 790 2459 889 2503; x_wconf 88' lang='lat' dir='ltr'><strong>quod</strong></span> 
     </span>
    </p>

    <p class='ocr_par' dir='ltr' id='par_1_23' title="bbox 158 2505 889 2742">
     <span class='ocr_line' id='line_1_62' title="bbox 191 2505 889 2542; baseline -0.001 0"><span class='ocrx_word' id='word_1_327' title='bbox 191 2533 199 2542; x_wconf 96' lang='lat'><strong>.</strong></span> <span class='ocrx_word' id='word_1_328' title='bbox 219 2533 228 2542; x_wconf 94' lang='lat'><strong>.</strong></span> <span class='ocrx_word' id='word_1_329' title='bbox 253 2505 400 2541; x_wconf 88' lang='lat' dir='ltr'><strong>infimos</strong></span> <span class='ocrx_word' id='word_1_330' title='bbox 424 2506 592 2541; x_wconf 85' lang='lat' dir='ltr'><strong>homines</strong></span> <span class='ocrx_word' id='word_1_331' title='bbox 618 2510 656 2542; x_wconf 87' lang='lat' dir='ltr'><strong>et</strong></span> <span class='ocrx_word' id='word_1_332' title='bbox 678 2507 788 2541; x_wconf 86' lang='lat' dir='ltr'><strong>nullis</strong></span> <span class='ocrx_word' id='word_1_333' title='bbox 813 2518 889 2541; x_wconf 89' lang='lat' dir='ltr'><strong>ma-</strong></span> 
     </span>
     <span class='ocr_line' id='line_1_63' title="bbox 158 2553 888 2589; baseline 0.001 -1"><span class='ocrx_word' id='word_1_334' title='bbox 158 2553 298 2589; x_wconf 90' lang='lat' dir='ltr'><strong>ioribus</strong></span> <span class='ocrx_word' id='word_1_335' title='bbox 320 2556 420 2588; x_wconf 85' lang='lat' dir='ltr'><strong>ortos</strong></span> <span class='ocrx_word' id='word_1_336' title='bbox 442 2554 594 2589; x_wconf 91' lang='lat' dir='ltr'><strong>summis</strong></span> <span class='ocrx_word' id='word_1_337' title='bbox 610 2554 810 2589; x_wconf 88' lang='lat' dir='ltr'><strong>honoribus</strong></span> <span class='ocrx_word' id='word_1_338' title='bbox 829 2566 888 2589; x_wconf 86' lang='lat' dir='ltr'><strong>ex-</strong></span> 
     </span>
     <span class='ocr_line' id='line_1_64' title="bbox 159 2600 889 2646; baseline 0 -10"><span class='ocrx_word' id='word_1_339' title='bbox 159 2600 303 2636; x_wconf 87' lang='lat' dir='ltr'><strong>tulisset</strong></span> <span class='ocrx_word' id='word_1_340' title='bbox 326 2604 409 2646; x_wconf 88' lang='lat'>277,</span> <span class='ocrx_word' id='word_1_341' title='bbox 423 2612 469 2638; x_wconf 72' lang='grc'><strong>25.</strong></span> <span class='ocrx_word' id='word_1_342' title='bbox 495 2622 541 2628; x_wconf 89' lang='grc'><strong>-</strong></span> <span class='ocrx_word' id='word_1_343' title='bbox 566 2601 723 2637; x_wconf 86' lang='lat' dir='ltr'><strong>voluisse</strong></span> <span class='ocrx_word' id='word_1_344' title='bbox 741 2601 889 2646; x_wconf 91' lang='lat' dir='ltr'><strong>quidem</strong></span> 
     </span>
     <span class='ocr_line' id='line_1_65' title="bbox 160 2649 889 2695; baseline 0 -12"><span class='ocrx_word' id='word_1_345' title='bbox 160 2659 199 2684; x_wconf 86' lang='lat' dir='ltr'><strong>se</strong></span> <span class='ocrx_word' id='word_1_346' title='bbox 225 2676 233 2685; x_wconf 96' lang='lat'><strong>.</strong></span> <span class='ocrx_word' id='word_1_347' title='bbox 261 2677 269 2685; x_wconf 93' lang='lat'><strong>.</strong></span> <span class='ocrx_word' id='word_1_348' title='bbox 298 2677 305 2685; x_wconf 95' lang='lat'><strong>.</strong></span> <span class='ocrx_word' id='word_1_349' title='bbox 342 2649 508 2684; x_wconf 89' lang='lat' dir='ltr'><strong>alumnos</strong></span> <span class='ocrx_word' id='word_1_350' title='bbox 534 2649 663 2695; x_wconf 87' lang='lat' dir='ltr'><strong>amplis</strong></span> <span class='ocrx_word' id='word_1_351' title='bbox 688 2649 889 2684; x_wconf 90' lang='lat' dir='ltr'><strong>honoribus</strong></span> 
     </span>
     <span class='ocr_line' id='line_1_66' title="bbox 158 2696 508 2742; baseline 0.009 -11"><span class='ocrx_word' id='word_1_352' title='bbox 158 2696 342 2732; x_wconf 85' lang='lat' dir='ltr'><strong>illustrare</strong></span> <span class='ocrx_word' id='word_1_353' title='bbox 367 2698 508 2742; x_wconf 83' lang='grc'>326,10.</span> 
     </span>
    </p>
   </div>
   <div class='ocr_carea' id='block_1_16' title="bbox 161 2790 889 2883">
    <p class='ocr_par' dir='ltr' id='par_1_24' title="bbox 161 2790 889 2883">
     <span class='ocr_line' id='line_1_67' title="bbox 209 2790 889 2836; baseline 0 -10"><span class='ocrx_word' id='word_1_354' title='bbox 209 2791 239 2826; x_wconf 92' lang='lat' dir='ltr'><strong>si</strong></span> <span class='ocrx_word' id='word_1_355' title='bbox 257 2790 363 2836; x_wconf 83' lang='lat' dir='ltr'><strong>forte,</strong></span> <span class='ocrx_word' id='word_1_356' title='bbox 389 2794 431 2827; x_wconf 88' lang='lat' dir='ltr'><strong>ut</strong></span> <span class='ocrx_word' id='word_1_357' title='bbox 447 2794 533 2827; x_wconf 85' lang='lat' dir='ltr'><strong>sunt</strong></span> <span class='ocrx_word' id='word_1_358' title='bbox 557 2791 778 2836; x_wconf 82' lang='lat' dir='ltr'><strong>humana,</strong></span> <span class='ocrx_word' id='word_1_359' title='bbox 804 2802 889 2826; x_wconf 91' lang='lat' dir='ltr'><strong>eum</strong></span> 
     </span>
     <span class='ocr_line' id='line_1_68' title="bbox 161 2838 547 2883; baseline 0.005 -9"><span class='ocrx_word' id='word_1_360' title='bbox 161 2838 399 2874; x_wconf 86' lang='lat' dir='ltr'><strong>offendissent</strong></span> <span class='ocrx_word' id='word_1_361' title='bbox 422 2841 505 2883; x_wconf 86' lang='lat'>258,</span> <span class='ocrx_word' id='word_1_362' title='bbox 519 2850 547 2875; x_wconf 90' lang='lat'><strong>5.</strong></span> 
     </span>
    </p>
   </div>
   <div class='ocr_carea' id='block_1_17' title="bbox 913 2155 916 2841">
    <p class='ocr_par' dir='ltr' id='par_1_25' title="bbox 913 2155 916 2841">
     <span class='ocr_line' id='line_1_69' title="bbox 913 2155 916 2841; baseline 0 0"><span class='ocrx_word' id='word_1_363' title='bbox 913 2155 916 2841; x_wconf 95' lang='lat' dir='ltr'><strong> </strong></span> 
     </span>
    </p>
   </div>
   <div class='ocr_carea' id='block_1_18' title="bbox 940 1837 1670 1980">
    <p class='ocr_par' dir='ltr' id='par_1_26' title="bbox 940 1837 1670 1980">
     <span class='ocr_line' id='line_1_70' title="bbox 989 1837 1670 1883; baseline -0.001 -10"><span class='ocrx_word' id='word_1_364' title='bbox 989 1839 1126 1875; x_wconf 75' lang='lat' dir='ltr'><strong>Lucan.</strong></span> <span class='ocrx_word' id='word_1_365' title='bbox 1167 1839 1229 1882; x_wconf 90' lang='lat' dir='ltr'><strong>II,</strong></span> <span class='ocrx_word' id='word_1_366' title='bbox 1271 1841 1352 1875; x_wconf 84' lang='lat'><strong>500.</strong></span> <span class='ocrx_word' id='word_1_367' title='bbox 1394 1840 1489 1873; x_wconf 84' lang='lat' dir='ltr'><strong>totas</strong></span> <span class='ocrx_word' id='word_1_368' title='bbox 1532 1837 1670 1883; x_wconf 84' lang='lat' dir='ltr'><strong>accepit</strong></span> 
     </span>
     <span class='ocr_line' id='line_1_71' title="bbox 940 1885 1668 1930; baseline 0.003 -10"><span class='ocrx_word' id='word_1_369' title='bbox 940 1885 966 1920; x_wconf 93' lang='lat' dir='ltr'><strong>h</strong></span> <span class='ocrx_word' id='word_1_370' title='bbox 976 1897 997 1921; x_wconf 89' lang='lat' dir='ltr'><strong>a</strong></span> <span class='ocrx_word' id='word_1_371' title='bbox 1007 1886 1059 1921; x_wconf 91' lang='lat' dir='ltr'><strong>be</strong></span> <span class='ocrx_word' id='word_1_372' title='bbox 1070 1898 1093 1921; x_wconf 90' lang='lat' dir='ltr'><strong>n</strong></span> <span class='ocrx_word' id='word_1_373' title='bbox 1105 1897 1126 1921; x_wconf 90' lang='lat' dir='ltr'><strong>a</strong></span> <span class='ocrx_word' id='word_1_374' title='bbox 1136 1897 1163 1922; x_wconf 89' lang='lat' dir='ltr'><strong>s.</strong></span> <span class='ocrx_word' id='word_1_375' title='bbox 1192 1907 1234 1912; x_wconf 89' lang='lat'><strong>—-</strong></span> <span class='ocrx_word' id='word_1_376' title='bbox 1259 1887 1360 1930; x_wconf 77' lang='lat' dir='ltr'><strong>Sulp.</strong></span> <span class='ocrx_word' id='word_1_377' title='bbox 1371 1887 1445 1922; x_wconf 62' lang='lat' dir='ltr'><strong>Sea.</strong></span> <span class='ocrx_word' id='word_1_378' title='bbox 1458 1887 1555 1922; x_wconf 79' lang='lat' dir='ltr'><strong>Dial.</strong></span> <span class='ocrx_word' id='word_1_379' title='bbox 1568 1887 1598 1928; x_wconf 85' lang='lat' dir='ltr'><strong>I,</strong></span> <span class='ocrx_word' id='word_1_380' title='bbox 1614 1887 1668 1922; x_wconf 89' lang='lat'><strong>18.</strong></span> 
     </span>
     <span class='ocr_line' id='line_1_72' title="bbox 940 1933 1668 1980; baseline 0 -11"><span class='ocrx_word' id='word_1_381' title='bbox 940 1934 1028 1969; x_wconf 86' lang='lat' dir='ltr'><strong>totis</strong></span> <span class='ocrx_word' id='word_1_382' title='bbox 1062 1933 1213 1970; x_wconf 77' lang='lat' dir='ltr'><strong>habenis</strong></span> <span class='ocrx_word' id='word_1_383' title='bbox 1243 1934 1420 1980; x_wconf 85' lang='lat' dir='ltr'><strong>regnabat</strong></span> <span class='ocrx_word' id='word_1_384' title='bbox 1450 1933 1668 1969; x_wconf 85' lang='lat' dir='ltr'><strong>incendium.</strong></span> 
     </span>
    </p>
   </div>
   <div class='ocr_carea' id='block_1_19' title="bbox 938 2125 1667 2691">
    <p class='ocr_par' dir='ltr' id='par_1_27' title="bbox 990 2125 1261 2170">
     <span class='ocr_line' id='line_1_73' title="bbox 990 2125 1261 2170; baseline -0.004 -10"><span class='ocrx_word' id='word_1_385' title='bbox 990 2125 1048 2168; x_wconf 78' lang='lat' dir='ltr'><strong>Cf.</strong></span> <span class='ocrx_word' id='word_1_386' title='bbox 1078 2136 1261 2170; x_wconf 87' lang='lat' dir='ltr'><strong>rumpere.</strong></span> 
     </span>
    </p>

    <p class='ocr_par' dir='ltr' id='par_1_28' title="bbox 939 2172 1667 2267">
     <span class='ocr_line' id='line_1_74' title="bbox 987 2172 1667 2217; baseline -0.003 -10"><span class='ocrx_word' id='word_1_387' title='bbox 987 2173 1079 2209; x_wconf 79' lang='lat' dir='ltr'><strong>Sall.</strong></span> <span class='ocrx_word' id='word_1_388' title='bbox 1105 2174 1186 2217; x_wconf 74' lang='lat' dir='ltr'><strong>luy.</strong></span> <span class='ocrx_word' id='word_1_389' title='bbox 1214 2176 1245 2210; x_wconf 90' lang='lat'><strong>9.</strong></span> <span class='ocrx_word' id='word_1_390' title='bbox 1293 2173 1350 2208; x_wconf 90' lang='lat' dir='ltr'><strong>En</strong></span> <span class='ocrx_word' id='word_1_391' title='bbox 1376 2173 1524 2207; x_wconf 87' lang='lat' dir='ltr'><strong>habes</strong></span> <span class='ocrx_word' id='word_1_392' title='bbox 1551 2172 1667 2207; x_wconf 81' lang='lat' dir='ltr'><strong>virum</strong></span> 
     </span>
     <span class='ocr_line' id='line_1_75' title="bbox 939 2219 1165 2267; baseline 0 -12"><span class='ocrx_word' id='word_1_393' title='bbox 939 2219 1092 2267; x_wconf 89' lang='lat' dir='ltr'><strong>dignum</strong></span> <span class='ocrx_word' id='word_1_394' title='bbox 1117 2223 1165 2257; x_wconf 87' lang='grc'><strong>10.</strong></span> 
     </span>
    </p>

    <p class='ocr_par' dir='ltr' id='par_1_29' title="bbox 939 2267 1667 2352">
     <span class='ocr_line' id='line_1_76' title="bbox 987 2267 1667 2313; baseline -0.003 -11"><span class='ocrx_word' id='word_1_395' title='bbox 987 2269 1118 2305; x_wconf 78' lang='lat' dir='ltr'><strong>Horat.</strong></span> <span class='ocrx_word' id='word_1_396' title='bbox 1144 2270 1222 2305; x_wconf 77' lang='lat' dir='ltr'><strong>Sat.</strong></span> <span class='ocrx_word' id='word_1_397' title='bbox 1247 2269 1284 2313; x_wconf 82' lang='lat' dir='ltr'><strong>I,</strong></span> <span class='ocrx_word' id='word_1_398' title='bbox 1315 2270 1355 2312; x_wconf 89' lang='lat'><strong>4,</strong></span> <span class='ocrx_word' id='word_1_399' title='bbox 1384 2270 1440 2304; x_wconf 89' lang='grc'><strong>63.</strong></span> <span class='ocrx_word' id='word_1_400' title='bbox 1478 2267 1667 2301; x_wconf 86' lang='lat' dir='ltr'><strong>Hactenus</strong></span> 
     </span>
     <span class='ocr_line' id='line_1_77' title="bbox 939 2315 1040 2352; baseline 0.02 -2"><span class='ocrx_word' id='word_1_401' title='bbox 939 2315 1040 2352; x_wconf 90' lang='lat' dir='ltr'><strong>haec.</strong></span> 
     </span>
    </p>

    <p class='ocr_par' dir='ltr' id='par_1_30' title="bbox 939 2360 1666 2456">
     <span class='ocr_line' id='line_1_78' title="bbox 988 2360 1666 2407; baseline -0.006 -10"><span class='ocrx_word' id='word_1_402' title='bbox 988 2364 1080 2400; x_wconf 82' lang='lat' dir='ltr'><strong>Hor.</strong></span> <span class='ocrx_word' id='word_1_403' title='bbox 1113 2365 1189 2399; x_wconf 76' lang='lat' dir='ltr'><strong>Sat.</strong></span> <span class='ocrx_word' id='word_1_404' title='bbox 1224 2364 1260 2407; x_wconf 86' lang='lat' dir='ltr'><strong>I,</strong></span> <span class='ocrx_word' id='word_1_405' title='bbox 1288 2366 1320 2407; x_wconf 81' lang='lat'><strong>6,</strong></span> <span class='ocrx_word' id='word_1_406' title='bbox 1351 2365 1405 2398; x_wconf 84' lang='lat'><strong>10.</strong></span> <span class='ocrx_word' id='word_1_407' title='bbox 1435 2364 1488 2398; x_wconf 90' lang='lat'><strong>11.</strong></span> <span class='ocrx_word' id='word_1_408' title='bbox 1528 2360 1666 2395; x_wconf 78' lang='lat' dir='ltr'><strong>Multos</strong></span> 
     </span>
     <span class='ocr_line' id='line_1_79' title="bbox 939 2409 1666 2456; baseline -0.007 -10"><span class='ocrx_word' id='word_1_409' title='bbox 939 2422 1046 2456; x_wconf 85' lang='lat' dir='ltr'><strong>saepe</strong></span> <span class='ocrx_word' id='word_1_410' title='bbox 1071 2411 1168 2446; x_wconf 89' lang='lat' dir='ltr'><strong>viros</strong></span> <span class='ocrx_word' id='word_1_411' title='bbox 1203 2411 1311 2445; x_wconf 90' lang='lat' dir='ltr'><strong>nullis</strong></span> <span class='ocrx_word' id='word_1_412' title='bbox 1346 2409 1542 2444; x_wconf 84' lang='lat' dir='ltr'><strong>maioribus</strong></span> <span class='ocrx_word' id='word_1_413' title='bbox 1568 2411 1666 2442; x_wconf 86' lang='lat' dir='ltr'><strong>ortos</strong></span> 
     </span>
    </p>

    <p class='ocr_par' dir='ltr' id='par_1_31' title="bbox 997 2457 1665 2503">
     <span class='ocr_line' id='line_1_80' title="bbox 997 2457 1665 2503; baseline -0.006 -9.835"><span class='ocrx_word' id='word_1_414' title='bbox 997 2458 1152 2503; x_wconf 82' lang='lat' dir='ltr'><strong>,amplis</strong></span> <span class='ocrx_word' id='word_1_415' title='bbox 1171 2462 1208 2493; x_wconf 89' lang='lat' dir='ltr'><strong>et</strong></span> <span class='ocrx_word' id='word_1_416' title='bbox 1233 2457 1502 2492; x_wconf 85' lang='lat' dir='ltr'><strong>honoribus</strong></span> <span class='ocrx_word' id='word_1_417' title='bbox 1529 2458 1665 2491; x_wconf 78' lang='lat' dir='ltr'><strong>auctos</strong></span> 
     </span>
    </p>

    <p class='ocr_par' dir='ltr' id='par_1_32' title="bbox 938 2505 1664 2684">
     <span class='ocr_line' id='line_1_81' title="bbox 942 2505 1664 2550; baseline -0.004 -8"><span class='ocrx_word' id='word_1_418' title='bbox 942 2527 983 2531; x_wconf 92' lang='lat'>—</span> <span class='ocrx_word' id='word_1_419' title='bbox 1012 2507 1103 2543; x_wconf 81' lang='lat' dir='ltr'><strong>Sall.</strong></span> <span class='ocrx_word' id='word_1_420' title='bbox 1129 2507 1210 2550; x_wconf 71' lang='lat' dir='ltr'><strong>qu.</strong></span> <span class='ocrx_word' id='word_1_421' title='bbox 1230 2508 1287 2542; x_wconf 88' lang='grc'><strong>49.</strong></span> <span class='ocrx_word' id='word_1_422' title='bbox 1314 2505 1367 2539; x_wconf 82' lang='lat' dir='ltr'><strong>uti</strong></span> <span class='ocrx_word' id='word_1_423' title='bbox 1393 2515 1573 2548; x_wconf 81' lang='lat' dir='ltr'><strong>quemque</strong></span> <span class='ocrx_word' id='word_1_424' title='bbox 1601 2531 1608 2539; x_wconf 96' lang='lat'><strong>.</strong></span> <span class='ocrx_word' id='word_1_425' title='bbox 1629 2531 1636 2538; x_wconf 91' lang='lat'><strong>.</strong></span> <span class='ocrx_word' id='word_1_426' title='bbox 1657 2531 1664 2539; x_wconf 90' lang='lat'><strong>.</strong></span> 
     </span>
     <span class='ocr_line' id='line_1_82' title="bbox 939 2551 1664 2598; baseline -0.003 -10"><span class='ocrx_word' id='word_1_427' title='bbox 939 2554 1095 2598; x_wconf 86' lang='lat' dir='ltr'><strong>pecunia</strong></span> <span class='ocrx_word' id='word_1_428' title='bbox 1120 2557 1184 2588; x_wconf 85' lang='lat' dir='ltr'><strong>aut</strong></span> <span class='ocrx_word' id='word_1_429' title='bbox 1209 2554 1346 2588; x_wconf 90' lang='lat' dir='ltr'><strong>honore</strong></span> <span class='ocrx_word' id='word_1_430' title='bbox 1372 2551 1572 2591; x_wconf 86' lang='lat' dir='ltr'><strong>extulerat,</strong></span> <span class='ocrx_word' id='word_1_431' title='bbox 1606 2552 1664 2586; x_wconf 91' lang='lat'><strong>25.</strong></span> 
     </span>
     <span class='ocr_line' id='line_1_83' title="bbox 938 2597 1662 2646; baseline -0.008 -10"><span class='ocrx_word' id='word_1_432' title='bbox 938 2601 1080 2636; x_wconf 89' lang='lat' dir='ltr'><strong>nobiles</strong></span> <span class='ocrx_word' id='word_1_433' title='bbox 1115 2601 1244 2646; x_wconf 88' lang='lat' dir='ltr'><strong>amplis</strong></span> <span class='ocrx_word' id='word_1_434' title='bbox 1278 2599 1476 2634; x_wconf 83' lang='lat' dir='ltr'><strong>honoribus</strong></span> <span class='ocrx_word' id='word_1_435' title='bbox 1507 2597 1586 2632; x_wconf 80' lang='lat' dir='ltr'><strong>viri.</strong></span> <span class='ocrx_word' id='word_1_436' title='bbox 1622 2618 1662 2622; x_wconf 82' lang='lat'><strong>——</strong></span> 
     </span>
     <span class='ocr_line' id='line_1_84' title="bbox 939 2645 1663 2691; baseline -0.006 -8"><span class='ocrx_word' id='word_1_437' title='bbox 939 2649 1082 2685; x_wconf 71' lang='lat' dir='ltr'><strong>Sueten.</strong></span> <span class='ocrx_word' id='word_1_438' title='bbox 1108 2650 1179 2684; x_wconf 84' lang='lat' dir='ltr'><strong>Iul.</strong></span> <span class='ocrx_word' id='word_1_439' title='bbox 1208 2650 1263 2684; x_wconf 82' lang='lat'><strong>72.</strong></span> <span class='ocrx_word' id='word_1_440' title='bbox 1299 2646 1473 2691; x_wconf 84' lang='lat' dir='ltr'><strong>quosdam</strong></span> <span class='ocrx_word' id='word_1_441' title='bbox 1501 2673 1508 2681; x_wconf 90' lang='lat'><strong>.</strong></span> <span class='ocrx_word' id='word_1_442' title='bbox 1537 2673 1543 2680; x_wconf 91' lang='lat'><strong>.</strong></span> <span class='ocrx_word' id='word_1_443' title='bbox 1573 2673 1580 2681; x_wconf 94' lang='lat'><strong>.</strong></span> <span class='ocrx_word' id='word_1_444' title='bbox 1612 2645 1663 2679; x_wconf 89' lang='lat' dir='ltr'><strong>in-</strong></span> 
     </span>
    </p>
   </div>
   <div class='ocr_carea' id='block_1_20' title="bbox 912 2661 1665 2789">
    <p class='ocr_par' dir='ltr' id='par_1_33' title="bbox 912 2661 1665 2789">
     <span class='ocr_line' id='line_1_85' title="bbox 912 2661 1665 2742; baseline -0.008 -11"><span class='ocrx_word' id='word_1_445' title='bbox 912 2709 914 2742; x_wconf 66' lang='lat' dir='ltr'>g</span> <span class='ocrx_word' id='word_1_446' title='bbox 940 2695 1018 2731; x_wconf 88' lang='lat' dir='ltr'><strong>fimi</strong></span> <span class='ocrx_word' id='word_1_447' title='bbox 1042 2696 1187 2741; x_wconf 85' lang='lat' dir='ltr'><strong>generis</strong></span> <span class='ocrx_word' id='word_1_448' title='bbox 1213 2695 1258 2729; x_wconf 86' lang='lat' dir='ltr'><strong>ad</strong></span> <span class='ocrx_word' id='word_1_449' title='bbox 1285 2661 1524 2738; x_wconf 69' lang='lat' dir='ltr'><strong>ainplissiinos</strong></span> <span class='ocrx_word' id='word_1_450' title='bbox 1550 2692 1665 2726; x_wconf 91' lang='lat' dir='ltr'><strong>hono-</strong></span> 
     </span>
     <span class='ocr_line' id='line_1_86' title="bbox 912 2743 1200 2789; baseline -0.007 -10"><span class='ocrx_word' id='word_1_451' title='bbox 912 2743 914 2761; x_wconf 74' lang='lat'><em>¹</em></span> <span class='ocrx_word' id='word_1_452' title='bbox 939 2755 996 2779; x_wconf 90' lang='lat' dir='ltr'><strong>res</strong></span> <span class='ocrx_word' id='word_1_453' title='bbox 1021 2743 1200 2789; x_wconf 87' lang='lat' dir='ltr'><strong>provexit.</strong></span> 
     </span>
    </p>
   </div>
   <div class='ocr_carea' id='block_1_21' title="bbox 939 2786 1664 2930">
    <p class='ocr_par' dir='ltr' id='par_1_34' title="bbox 939 2786 1664 2930">
     <span class='ocr_line' id='line_1_87' title="bbox 993 2786 1664 2831; baseline -0.009 -5"><span class='ocrx_word' id='word_1_454' title='bbox 993 2792 1128 2826; x_wconf 79' lang='lat' dir='ltr'><strong>Terent.</strong></span> <span class='ocrx_word' id='word_1_455' title='bbox 1148 2791 1275 2824; x_wconf 75' lang='lat' dir='ltr'><strong>Heaut.</strong></span> <span class='ocrx_word' id='word_1_456' title='bbox 1295 2789 1366 2830; x_wconf 89' lang='lat' dir='ltr'>III,</span> <span class='ocrx_word' id='word_1_457' title='bbox 1387 2790 1419 2827; x_wconf 84' lang='lat'><strong>2,</strong></span> <span class='ocrx_word' id='word_1_458' title='bbox 1438 2789 1494 2823; x_wconf 90' lang='lat'><strong>40.</strong></span> <span class='ocrx_word' id='word_1_459' title='bbox 1522 2787 1550 2821; x_wconf 83' lang='lat' dir='ltr'><strong>si</strong></span> <span class='ocrx_word' id='word_1_460' title='bbox 1576 2786 1664 2831; x_wconf 88' lang='lat' dir='ltr'><strong>quid</strong></span> 
     </span>
     <span class='ocr_line' id='line_1_88' title="bbox 939 2834 1664 2879; baseline -0.007 -6"><span class='ocrx_word' id='word_1_461' title='bbox 939 2838 1047 2873; x_wconf 87' lang='lat' dir='ltr'><strong>huius</strong></span> <span class='ocrx_word' id='word_1_462' title='bbox 1082 2838 1199 2872; x_wconf 87' lang='lat' dir='ltr'><strong>simile</strong></span> <span class='ocrx_word' id='word_1_463' title='bbox 1227 2836 1319 2870; x_wconf 81' lang='lat' dir='ltr'><strong>forte</strong></span> <span class='ocrx_word' id='word_1_464' title='bbox 1355 2834 1551 2879; x_wconf 86' lang='lat' dir='ltr'><strong>aliquando</strong></span> <span class='ocrx_word' id='word_1_465' title='bbox 1584 2845 1664 2869; x_wconf 77' lang='lat' dir='ltr'><strong>eve-</strong></span> 
     </span>
     <span class='ocr_line' id='line_1_89' title="bbox 940 2883 1462 2930; baseline -0.004 -11"><span class='ocrx_word' id='word_1_466' title='bbox 940 2886 1046 2930; x_wconf 85' lang='lat' dir='ltr'><strong>nerit,</strong></span> <span class='ocrx_word' id='word_1_467' title='bbox 1073 2889 1113 2919; x_wconf 87' lang='lat' dir='ltr'><strong>ut</strong></span> <span class='ocrx_word' id='word_1_468' title='bbox 1139 2887 1222 2919; x_wconf 89' lang='lat' dir='ltr'><strong>sunt</strong></span> <span class='ocrx_word' id='word_1_469' title='bbox 1248 2883 1420 2917; x_wconf 87' lang='lat' dir='ltr'><strong>human</strong></span> <span class='ocrx_word' id='word_1_470' title='bbox 1432 2893 1462 2917; x_wconf 91' lang='lat' dir='ltr'><strong>a.</strong></span> 
     </span>
    </p>
   </div>
  </div>
 </body>
</html>
