1950 3302
725 253 1022 290 PRAEFATIO
1049 254 1088 292 G.
1115 255 1146 293 1.
1192 227 1193 230 ¹
1626 260 1684 297 lx

325 373 431 418 Cum
456 389 509 418 ne
539 389 692 418 nomen
717 376 885 429 quidem
911 376 1098 426 auctoris
1124 383 1233 422 certo
1261 380 1415 422 certius
1446 382 1567 424 nobis
1599 387 1682 443 trag

175 432 309 476 ditum
329 433 397 488 sit,
416 448 500 488 per
519 449 563 477 se
584 434 838 489 intelliyitur
855 436 966 479 nihil
987 436 1111 480 aliucl
1131 440 1180 481 de
1202 453 1248 481 eo
1270 440 1450 483 relatum
1472 456 1570 495 esse,
1595 442 1683 485 nisi

174 493 288 546 quod
315 492 405 548 ipse
435 493 484 536 in
506 493 630 537 libris
660 495 750 537 suis
781 496 982 539 narravit
1012 511 1086 540 seu
1107 500 1220 552 quod
1249 513 1300 541 ex
1330 499 1420 542 illis
1442 502 1491 543 de
1513 506 1682 545 auctore

173 551 316 595 elucet.
388 553 444 597 Ut
482 553 572 608 ipse
611 553 736 607 infra
768 569 816 608 p.
849 559 902 598 73
931 569 992 609 sq.
1026 556 1146 611 (licit,
1190 557 1447 612 Lampertus
1478 575 1519 602 a.
1552 565 1679 615 1058,

142 611 312 654 aMart.
336 616 404 655 15.
430 613 693 669 Meginheri
725 615 908 658 abbatis
930 616 1254 669 Hersfeldensis
1286 621 1681 664 conversationem

173 672 452 724 aemulatus,
495 673 559 715 rei
598 673 839 726 familiaris
880 689 985 718 cura
1024 676 1204 731 abiecta,
1248 678 1396 721 habitu
1436 681 1681 723 monachali

172 730 226 773 ab
257 745 303 774 eo
333 737 532 787 suscepto,
566 732 615 775 in
646 734 951 778 monasterium
981 736 1288 789 Hersfelslense
1319 738 1413 781 Deo
1445 739 1681 783 serviturus

171 794 359 845 receptus
380 795 471 846 est.
535 793 636 834 Iam
676 793 744 836 die
777 794 1032 848 Septembris
1068 800 1134 838 16.
1167 797 1232 839 vel
1268 801 1334 840 18.
1369 799 1433 841 vel
1467 803 1534 841 19.
1575 799 1680 843 eius-

171 850 264 893 dem
303 851 414 894 anni
453 866 481 894 a
521 852 750 906 Liutpolclo
791 854 1105 910 archiepiscopo
1142 857 1398 911 Moyoiitino
1438 858 1487 901 in
1528 860 1679 913 oppido

124 924 158 950 10
170 909 479 965 Ascafnabury
494 912 508 937 ¹
531 913 755 967 presbyter
786 919 1053 957 consecratus
1084 920 1156 958 est.
1220 917 1340 960 Hinc
1377 923 1555 972 apparet
1585 934 1680 962 eum

170 972 270 1012 tunc
285 969 467 1024 triyinta
488 975 563 1014 aut
575 971 772 1026 plurium
793 988 1007 1016 annorum
1029 979 1178 1018 natum
1199 981 1298 1019 ante
1320 992 1360 1019 a.
1384 982 1510 1020 1028.
1529 978 1676 1033 fluisse,

171 1042 262 1072 cum
305 1043 488 1073 canones
533 1030 674 1074 virum
717 1031 949 1075 tricenario
989 1034 1196 1078 minorem
1240 1041 1346 1079 natu
1383 1038 1678 1092 presbyterum

170 1089 412 1132 consecrari
441 1094 632 1133 vetarent
645 1092 673 1132 ².
725 1091 865 1135 Porro
897 1093 996 1136 inde
1028 1095 1157 1138 elucet
1188 1100 1316 1138 antea
1343 1111 1438 1139 eum
1466 1098 1674 1152 clericum,

169 1146 260 1190 iam
291 1148 518 1192 diaconum
550 1150 796 1194 ordinatum
816 1152 964 1206 fuisse,
998 1158 1036 1196 et
1067 1169 1160 1196 cum
1193 1169 1320 1198 curae
1351 1156 1416 1198 rei
1436 1157 1677 1209 familiaris

122 1221 156 1247 1⁵
168 1207 422 1251 mentionem
442 1209 602 1263 fecerit,
635 1225 730 1252 eum
754 1225 776 1253 e
794 1216 915 1264 qente
942 1213 1062 1256 haud
1091 1213 1258 1269 infima,
1293 1215 1462 1269 copiosa
1492 1231 1543 1259 ac
1569 1217 1676 1260 locu-

159 1266 284 1321 plete,
316 1267 501 1320 fortasse
527 1269 677 1324 nobili,
712 1274 850 1313 ortum
870 1271 1006 1324 fuisse
1028 1277 1136 1316 recte
1159 1275 1314 1328 procul
1335 1275 1461 1318 dubio
1483 1275 1675 1319 animad-

168 1340 334 1369 versum
365 1332 425 1370 est
437 1329 466 1370 3.
531 1329 617 1372 Sed
646 1329 719 1372 ubi
750 1330 852 1373 haec
881 1345 985 1386 qens
1015 1333 1226 1387 floruerit,
1260 1334 1500 1388 iynoratur.
1565 1337 1675 1379 Thu-

167 1385 382 1440 rinyicam
411 1387 579 1441 quidem
610 1403 704 1431 eam
734 1389 870 1442 fuisse
901 1391 1077 1445 quidam
1109 1393 1375 1437 coniecerunt
1388 1395 1415 1449 4,
1457 1410 1549 1438 cum
1579 1397 1674 1450 plu-

166 1445 280 1488 rima
301 1447 351 1489 de
377 1447 615 1502 Thurinyis
639 1448 689 1491 in
709 1449 958 1493 Annalibus
979 1452 1182 1507 retulerit,
1216 1453 1314 1496 huic
1343 1455 1460 1508 yenti
1491 1455 1674 1498 maxime

118 1521 154 1548 20
165 1505 354 1548 studium
384 1521 436 1550 ac
466 1507 659 1560 favorem
689 1508 956 1563 impenderit.
1009 1512 1076 1555 Ac
1106 1526 1211 1556 sane
1234 1518 1414 1568 pateret,
1449 1529 1525 1557 cur
1546 1516 1673 1557 Lam-

156 1569 308 1618 pertus
350 1566 595 1610 Samonibus
640 1569 957 1624 Thurinyisqice
998 1576 1147 1614 contra
1190 1587 1329 1627 reyem
1371 1578 1490 1616 tanto
1533 1575 1673 1617 studio

165 1623 342 1679 faverit,
389 1626 430 1668 si
466 1631 671 1681 parentes
712 1629 960 1684 coynatique
1001 1631 1092 1674 eius
1131 1632 1244 1675 inter
1290 1633 1536 1688 Thurinyos
1583 1634 1674 1689 reyi

164 1683 336 1728 rebelles
366 1685 562 1739 fuissent.
623 1688 685 1730 At
715 1688 792 1732 hoc
814 1703 900 1743 pro
932 1695 1042 1733 certo
1073 1692 1205 1734 statui
1237 1693 1393 1747 nequit,
1427 1693 1554 1736 immo
1586 1699 1673 1736 tam

164 1757 186 1786 e
222 1748 344 1799 „qente
379 1746 600 1790 Hassiaca
640 1748 704 1790 vel
743 1749 1022 1793 Franconica
1063 1765 1190 1804 quam
1238 1752 1506 1807 Thurinyica
1546 1755 1672 1796 Lam-

116 1821 151 1847 25
155 1807 308 1856 pertus
338 1809 456 1848 ortus
486 1806 621 1858 fuisse
643 1811 795 1861 potest.
850 1808 901 1851 Si
931 1809 1097 1861 formas
1128 1811 1349 1854 nominum
1381 1813 1434 1854 ab
1466 1827 1512 1855 eo
1543 1813 1672 1856 usita-

164 1866 232 1906 tas
268 1877 362 1906 cum
401 1864 459 1907 iis
490 1870 709 1908 cartarum
740 1867 1115 1919 Hersfelclensium
1146 1874 1184 1912 et
1216 1871 1502 1914 Fulclensium
1533 1877 1672 1915 contu-

164 1921 284 1976 leris,
326 1924 549 1978 apparebit
579 1925 809 1980 plerasque
841 1941 934 1970 cum
972 1927 1040 1970 his
1072 1931 1346 1984 concordare,
1389 1930 1438 1973 in
1470 1932 1671 1986 Lamper-

163 1980 269 2024 tinis
308 1986 448 2026 autem
485 1983 754 2038 aliquantulo
787 1986 921 2039 plura
959 1987 1161 2031 elementa
1202 1989 1373 2032 dialecti
1411 1990 1672 2034 Germaniae

162 2040 397 2096 superioris
428 2056 556 2096 quam
595 2043 645 2087 in
682 2044 772 2087 illis
809 2045 1000 2089 inveniri
1013 2048 1054 2101 5,·
1093 2050 1206 2091 unde
1238 2049 1378 2092 nescio
1410 2065 1469 2093 an
1502 2051 1671 2104 efficere

115 2167 149 2194 30
156 2158 348 2203 probatur,
362 2159 447 2194 etilo
455 2160 692 2206 Lampertino
703 2163 939 2206 artificiosius
950 2165 1116 2209 expolito,
1131 2166 1356 2210 eleyantiora
1372 2169 1490 2211 mayis
1502 2173 1671 2203 contorto.

162 2206 214 2239 Ac
230 2206 346 2240 multa
361 2207 458 2242 dieta
474 2207 674 2252 Lamperti,
699 2209 744 2243 ab
761 2210 825 2245 hoc
842 2212 881 2244 in
899 2213 1063 2247 omnibus
1083 2213 1214 2247 libellis
1238 2219 1418 2259 usurpata
1444 2226 1485 2249 ac
1510 2218 1670 2261 repetita,

163 2254 202 2286 in
226 2253 311 2288 Vita
335 2254 557 2290 Haimeradi
587 2267 659 2291 non
693 2258 938 2295 inveniuntur.
989 2260 1132 2295 Summe
1166 2262 1282 2305 ’ἰθεῖαν
1306 2264 1498 2297 cuz-endum
1528 2268 1593 2306 est,
1629 2275 1670 2298 ne

161 2301 250 2344 quid
267 2304 470 2346 procacius,
498 2314 541 2338 ne
564 2305 654 2348 quid
678 2309 803 2340 temere
827 2317 872 2340 ecc
891 2308 1026 2341 talibus
1042 2308 1147 2342 cla-tis
1162 2311 1459 2344 concordantibus
1475 2312 1668 2354 efficiatur.

163 2349 199 2392 1)
225 2348 319 2391 Quia
349 2351 390 2384 in
413 2351 564 2386 editione
592 2354 759 2398 principe
783 2354 908 2396 (infra
929 2367 967 2399 p.
987 2357 1049 2397 74,
1075 2367 1112 2392 n.
1138 2356 1180 2399 b)
1206 2357 1270 2392 hoc
1295 2358 1364 2392 loco
1393 2370 1414 2393 a
1439 2357 1670 2404 Scafnaburg

113 2405 148 2432 35
156 2406 350 2440 perperam
391 2397 582 2443 legebatur,
625 2400 839 2435 Lambertus
876 2402 1226 2447 Schafnaburyensis
1268 2417 1290 2438 a
1333 2406 1426 2441 Lud.
1466 2407 1669 2441 Selii-adino

161 2447 287 2478 auctor
307 2446 501 2479 annalium
519 2447 615 2489 falso
640 2451 782 2482 vocatus
806 2453 867 2491 est,
892 2451 987 2494 quod
1011 2462 1135 2486 nomen
1162 2463 1271 2496 usque
1298 2455 1335 2487 in
1360 2458 1524 2492 nostrum
1549 2466 1669 2489 saecu-

162 2491 238 2524 lum
262 2493 386 2535 m‘yut't.
493 2495 530 2538 2)
556 2494 631 2529 Hoc
665 2495 717 2531 W.
753 2496 992 2541 Wattenbach‚
1028 2500 1334 2536 ‘Geschichtschon’
1360 2502 1411 2538 ecl.
1438 2504 1471 2545 2,
1500 2503 1669 2536 Lambert

154 2549 195 2582 p.
222 2544 308 2571 VIII.
343 2541 539 2577 adnotavit.
591 2542 646 2585 Cf.
684 2543 862 2578 Gratiam·
896 2545 1000 2582 Decr.
1035 2546 1071 2590 Ι,
1108 2547 1190 2583 dist.
1219 2550 1281 2591 78,
1319 2550 1358 2582 in
1394 2551 1496 2583 cuius
1531 2562 1606 2593 cap.
1634 2553 1667 2585 5.

160 2589 277 2620 tamen
295 2589 515 2631 permissum
532 2594 594 2632 est,
619 2594 658 2623 ut
683 2593 883 2626 necessitate
906 2598 1106 2638 eoeposcente
1130 2596 1262 2638 m‘yinti
1276 2598 1432 2640 quinque
1457 2608 1572 2632 annos
1590 2600 1670 2631 uati

111 2634 360 2677 mpresbyteri
380 2641 684 2674 consecrarentur.
788 2640 825 2683 3)
858 2640 1086 2675 Wattenbach
1113 2643 1136 2678 l.
1165 2643 1187 2678 l.
1208 2655 1248 2686 p.
1276 2650 1351 2681 VII;
1388 2645 1528 2686 ‘DGQJ
1554 2646 1605 2680 ed.
1633 2648 1666 2681 5.

160 2681 214 2723 ΙῙ,
235 2693 274 2726 p.
290 2683 348 2719 89.
439 2685 477 2728 4)
508 2685 572 2720 Th.
591 2686 888 2730 Knochmhauer,
915 2689 1051 2725 ‘Ge-sch.
1074 2690 1304 2733 ssit'rc‘nyens
1331 2693 1368 2725 in
1394 2693 1458 2726 cler
1482 2693 1612 2728 Kar-ol.
1633 2704 1665 2728 u.

159 2727 282 2764 Sachs.
307 2730 404 2764 Zeit'
429 2732 567 2775 (Gotha
594 2734 705 2776 1863)
726 2745 764 2778 p.
786 2736 878 2775 195,·
915 2736 959 2771 A.
986 2737 1153 2781 Lefarth‚
1183 2739 1364 2774 ‘Lambert
1392 2750 1455 2773 von
1482 2740 1666 2781 Hersfeld’

159 2775 402 2820 (Dasseldorf
431 2780 542 2823 1871)
570 2791 609 2824 p.
629 2782 673 2821 6,·
715 2781 954 2827 Wattenbach,
993 2784 1131 2827 ‘DGQJ
1166 2786 1215 2821 ed.
1241 2788 1275 2822 5.
1311 2787 1362 2830 ΙΙ,
1394 2799 1431 2832 p.
1449 2788 1508 2823 85.
1566 2788 1667 2829 Quod

159 2823 204 2858 F.
228 2824 276 2860 X.
302 2825 459 2869 Krause,
495 2827 681 2862 Lamberti
703 2829 799 2865 An-n.
823 2831 945 2875 praef.
967 2843 1005 2876 p.
1026 2838 1093 2863 XII
1108 2844 1159 2876 sq.
1185 2834 1287 2868 nullo
1320 2837 1398 2868 lure
1429 2836 1665 2877 contenderat,

111 2880 146 2906 45
159 2870 392 2916 Lampertum
414 2873 739 2910 Transrhenanum
756 2877 882 2920 fuisse,
901 2879 974 2912 iam
991 2879 1034 2915 L.
1049 2880 1092 2915 F.
1108 2880 1229 2923 Hesse,
1247 2881 1310 2917 SS.
1326 2883 1366 2923 V,
1387 2895 1423 2927 p.
1441 2884 1520 2918 134.
1537 2885 1663 2917 reiecit.

159 2917 197 2963 5)
222 2919 307 2954 Vide
331 2931 420 2964 quae
447 2922 505 2959 ‘N.
522 2923 667 2957 Archiv’
693 2924 803 2967 XIX,
829 2926 917 2968 fasc.
936 2928 969 2962 2.
996 2927 1063 2960 hac
1087 2928 1129 2961 de
1155 2939 1193 2963 re
1219 2931 1375 2974 exposui.
