1950 3302
366 312 403 347 X
879 306 1173 344 PRAEFATIO
1201 306 1238 342 O.
1264 305 1294 341 Ι.

358 431 520 487 possis,
568 435 615 473 ut
653 444 746 473 eum
791 429 839 471 in
879 427 1132 470 Franconia
1178 430 1326 469 natum
1368 429 1444 468 aut
1485 424 1545 467 ibi
1588 424 1857 478 aliquantum

367 490 563 544 temporis
593 493 801 531 moratum
831 502 918 530 esse
949 486 1146 530 conicias.

511 548 734 591 Neminem
764 548 892 589 latere
915 550 1052 600 potest
1082 546 1358 598 Lampertum
1387 543 1437 586 in
1467 542 1714 586 Annalibus
1743 556 1856 597 may·

368 623 469 651 num
499 607 684 650 studium
711 605 975 660 praestitisse
1005 605 1128 646 rebus
1164 603 1212 645 in
1243 602 1482 656 episcopatu
1511 601 1856 656 Babenberyensi

366 667 504 721 yestis.
557 667 735 708 Praeter
761 665 988 707 Annonem
1022 662 1308 706 Coloniensem
1339 661 1698 715 archiepiscon
1729 659 1886 704 nemi-5

368 740 462 768 nem
498 725 634 767 verbis
670 729 756 766 tam
787 722 1127 777 exquisitissimis
1158 721 1283 764 coluit
1314 734 1440 774 quam
1478 720 1744 763 Guntherum
1774 719 1856 774 epi-

368 799 535 838 scopum
564 784 952 836 Babenberqensem
966 782 992 835 1,
1031 781 1150 824 cuius
1182 780 1370 833 corporis
1400 780 1588 822 habitum
1619 779 1857 823 describens

370 843 548 886 ostendit
586 857 628 885 se
659 857 751 884 eum
783 843 881 884 bene
912 840 1092 893 novisse,
1135 854 1255 893 quem
1286 854 1326 881 a.
1361 843 1487 881 1065.
1519 838 1568 882 in
1608 837 1806 893 Unyaria
1835 852 1856 881 e

375 903 509 944 Terra
532 902 690 944 Sancta
711 914 922 943 reversum
953 900 1064 942 heu!
1099 900 1347 941 immatura
1377 901 1525 942 morte
1557 900 1856 955 praeventum

361 961 554 1014 planxit,
597 974 715 1013 quem
760 963 969 1001 mortuum
1009 959 1213 1001 omnium
1258 959 1355 1013 qui
1402 973 1524 1001 eum
1571 959 1856 1000 noverant
1870 971 1904 997 xo

369 1021 629 1076 planctibus
662 1021 902 1074 exceptum
934 1018 982 1060 in
1004 1017 1157 1071 patria
1188 1031 1274 1059 esse
1305 1016 1427 1059 dixit.
1470 1016 1696 1070 Visionem,
1729 1029 1858 1070 quam

369 1079 436 1121 liic
474 1078 733 1130 Guntherus,
774 1082 872 1119 tunc
903 1076 1183 1119 cancellarius
1213 1076 1335 1130 reyni
1367 1075 1532 1130 Italici,
1574 1090 1615 1118 a.
1648 1079 1775 1118 1056.
1807 1075 1858 1118 de

370 1137 480 1179 obitu
511 1136 712 1179 Heinrici
750 1135 1019 1189 imperatoris
1058 1150 1109 1178 ac
1149 1137 1416 1189 quorundam
1447 1134 1696 1189 principum
1735 1133 1858 1189 reyni

369 1196 562 1238 habuisse
589 1195 755 1248 dicitur,
789 1196 1042 1248 Lampertus
1075 1192 1220 1247 (infra
1243 1209 1290 1248 p.
1315 1196 1392 1249 68)
1426 1194 1636 1248 narravit,
1669 1193 1733 1236 vel
1758 1197 1858 1237 tunc

369 1255 500 1308 icitur
545 1255 608 1296 vel
644 1254 778 1308 paulo
815 1258 914 1308 post
959 1254 1178 1297 Gunthero
1218 1253 1456 1306 familiaris
1497 1253 1632 1306 fuisse
1676 1252 1854 1295 videtur.
1870 1266 1904 1292 15

377 1314 619 1357 Guntherus
640 1313 688 1355 in
708 1313 1050 1366 Babenberqensi
1070 1312 1254 1366 ecclesia,
1287 1317 1333 1355 ut
1356 1312 1445 1366 ipse
1465 1313 1721 1366 Lampertus
1741 1310 1855 1364 dicit,

371 1374 618 1426 adoleverat,
652 1372 878 1415 canonicus
898 1372 1076 1415 maioris
1097 1372 1291 1415 ecclesiae
1311 1371 1467 1414 ibidem
1487 1371 1642 1425 fuerat,
1665 1385 1706 1414 a.
1729 1374 1855 1413 1056.

363 1436 460 1486 post
490 1432 715 1474 Annonem
746 1431 988 1473 ordinatum
1019 1431 1378 1484 archiepiscopum
1415 1430 1704 1474 Ooloniensem
1732 1443 1857 1484 prae-

363 1491 529 1544 positus
556 1491 634 1532 SS.
659 1490 845 1533 Simonis
876 1495 914 1532 et
944 1491 1082 1533 Iudae
1120 1489 1409 1533 Goslariensis
1440 1489 1698 1543 constitutus,
1722 1488 1858 1542 paulo

364 1554 462 1603 post
493 1564 532 1591 a.
560 1553 684 1590 1057.
713 1549 926 1603 episcopus
946 1549 1311 1603 Babenberyensis
1338 1549 1562 1592 ordinatus
1585 1552 1646 1591 est
1658 1549 1686 1589 ².
1729 1547 1859 1591 Prae·
1871 1562 1906 1588 20

373 1613 434 1650 ter
465 1607 718 1651 Heinricum
748 1623 884 1662 reyem
914 1609 1168 1662 Lampertus
1204 1608 1412 1651 neminem
1442 1607 1607 1651 acriore
1637 1607 1734 1650 odio
1762 1620 1859 1660 per-

373 1672 534 1710 secutus
559 1671 618 1709 est
648 1681 773 1720 quam
800 1668 1010 1710 Guntheri
1040 1682 1325 1721 successorem,
1358 1667 1678 1710 Herimannum
1708 1666 1859 1720 episco-

365 1741 470 1780 pum
501 1726 899 1780 Babenberqensem.
962 1727 1017 1771 Ut
1046 1727 1144 1770 huic
1175 1727 1270 1770 odio
1300 1726 1576 1780 satisfaceret,
1610 1726 1779 1779 lonyam
1809 1739 1860 1768 ac

373 1786 516 1837 fusam
546 1787 837 1839 verbosamque
867 1786 1161 1829 narrationem
1192 1785 1419 1839 composuit
1431 1787 1458 1839 3,
1501 1786 1703 1839 quomodo
1733 1783 1802 1828 hic
1831 1797 1861 1826 a

381 1844 585 1898 Greyorio
607 1859 728 1898 papa
758 1845 1138 1888 excommunicatus
1169 1859 1219 1888 ac
1245 1845 1297 1886 ab
1319 1844 1558 1899 episcopatu
1583 1847 1766 1887 remotus
1790 1842 1859 1896 sit,
1873 1857 1908 1885 εει

375 1902 502 1944 latius
533 1917 757 1956 exponens,
797 1918 897 1957 qua,
938 1919 1030 1947 cum
1069 1904 1299 1947 monachus
1337 1903 1585 1946 monasterii
1624 1907 1723 1946 tunc
1758 1915 1862 1945 moe—

374 1961 460 2003 niis
499 1961 686 2003 inclusus
723 1977 868 2015 pauca
908 1964 957 2005 de
997 1963 1064 2005 his
1103 1964 1226 2006 rebus
1264 1962 1391 2017 yestis
1431 1966 1640 2016 comperta
1679 1961 1859 2014 haberet,

366 2019 520 2072 paucis
551 2020 616 2061 his
648 2021 862 2073 compertis
892 2022 1107 2064 uberrima
1138 2026 1368 2065 commenta
1402 2036 1483 2064 sua
1513 2020 1755 2074 admiscuit,
1797 2021 1863 2063 de-

376 2078 546 2119 lectatus
577 2078 813 2121 calamitate
849 2080 933 2122 viri
969 2081 1059 2134 reyi
1089 2080 1438 2133 familiarissimi.
1507 2081 1601 2133 Qua
1630 2079 1680 2122 in
1710 2092 1863 2122 narra-

376 2135 486 2177 tione
517 2137 837 2189 deprehenditur
867 2139 993 2181 situm
1024 2141 1194 2192 locaque
1232 2139 1351 2181 urbis
1381 2138 1746 2192 Babenberyensis
1776 2151 1864 2180 non
1875 2153 1910 2179 so

375 2194 613 2247 iynorasse,
667 2197 764 2238 bene
814 2197 977 2240 novisse
1028 2199 1243 2241 ecclesiam
1296 2198 1340 2240 S.
1389 2197 1539 2240 Iacobi
1589 2197 1642 2239 ab
1690 2195 1864 2239 ecclesia

378 2253 423 2295 S.
438 2252 575 2317 ‘Petri
613 2254 771 2296 maiore
811 2260 973 2298 tantum
1012 2257 1149 2310 spatio
1184 2257 1334 2298 XXX
1362 2270 1572 2310 passuum
1607 2254 1864 2298 disiunctam

376 2311 509 2363 fuisse
542 2308 684 2363 (infra
712 2327 758 2366 p.
788 2316 909 2369 204).
978 2316 1177 2359 Omnium
1207 2315 1423 2358 hominum
1462 2329 1620 2357 summe
1651 2314 1779 2357 coluit
1813 2327 1864 2356 ac

376 2373 597 2411 veneratus
627 2375 686 2411 est
715 2373 965 2426 Lampertus
995 2375 1224 2417 Annonem
1254 2374 1611 2428 archiepiscopum
1647 2372 1863 2416 Colonien-

377 2442 474 2492 sem3
536 2428 682 2492 Huius
723 2431 903 2482 yloriam
948 2433 996 2475 in
1036 2438 1155 2476 astra
1201 2433 1365 2487 extulit,
1413 2432 1540 2475 huius
1584 2431 1861 2484 sanctitatem,
1875 2446 1911 2472 εει

378 2490 641 2539 sapientiam,
674 2487 879 2531 iustitiam
910 2492 1250 2544 exquisitissimis
1275 2492 1412 2534 verbis
1438 2492 1502 2534 vel
1523 2495 1672 2534 contra
1690 2489 1864 2533 verum4

381 2613 414 2655 1)
437 2613 549 2654 Infra
577 2624 614 2657 p.
641 2614 697 2648 99.
809 2617 844 2658 2)
878 2617 932 2658 Cf.
960 2618 1081 2660 Meyer
1110 2629 1177 2652 von
1202 2620 1376 2663 Knonau,
1413 2619 1555 2654 ‘Jahrb.
1581 2617 1758 2652 Heinrich
1781 2617 1808 2650 I
1810 2616 1864 2652 V!

379 2660 409 2702 I,
430 2671 470 2702 p.
489 2662 545 2695 22.
643 2660 680 2702 3)
701 2660 811 2701 Infra
830 2673 868 2704 p.
887 2665 1086 2700 203—210.
1114 2666 1168 2708 Cf.
1192 2678 1229 2710 p.
1248 2668 1293 2702 99
1306 2677 1356 2710 sq.
1380 2666 1422 2700 de
1443 2676 1480 2700 eo
1503 2667 1662 2709 episcopo
1686 2665 1864 2700 ordinato.

379 2708 415 2750 4)
443 2707 541 2748 Quod
568 2710 608 2739 ut
638 2709 851 2751 perspicias,
887 2710 939 2742 vel
969 2711 1030 2745 hoc
1054 2713 1251 2756 exemplum
1281 2716 1437 2757 repetam
1461 2713 1525 2747 hoc
1550 2713 1638 2756 loco,
1673 2711 1767 2756 quod
1789 2712 1864 2745 iam

379 2754 483 2794 infra
512 2764 559 2808 p..
574 2755 661 2794 243,
686 2764 722 2808 n,
749 2756 781 2788 2.
814 2757 893 2791 358.
920 2758 1173 2799 quodammodo
1197 2761 1364 2795 indicavi.
1414 2760 1511 2794 Idem
1536 2759 1627 2804 quod
1650 2759 1912 2802 Lampon-uuo

387 2800 428 2835 V.
456 2800 556 2852 Lullz
580 2811 607 2852 (ξ.
635 2802 671 2842 1,
698 2801 804 2853 infra
823 2813 862 2844 10.
886 2805 955 2839 307
973 2815 1042 2847 sq„
1067 2806 1109 2838 de
1133 2806 1239 2839 Lullo
1262 2811 1471 2840 commentus
1495 2812 1567 2841 est:
1592 2806 1733 2850 Corpus
1758 2815 1865 2839 suum

380 2846 615 2889 quott1d1ams
633 2857 727 2889 pene
746 2848 886 2882 muniis
903 2849 941 2883 in
959 2851 1170 2886 servitutem
1190 2852 1392 2897 redigebat,
1417 2855 1578 2896 repetivit
1601 2854 1710 2895 infra
1727 2863 1768 2896 p.
1781 2853 1863 2888 243.

380 2894 421 2927 de
442 2894 751 2945 Annonedicens:
778 2893 919 2929 Crebris
944 2896 1086 2931 ieiuniis
1112 2910 1243 2942 corpus
1268 2910 1373 2933 suum
1398 2900 1608 2934 macerabat
1632 2902 1670 2935 et
1693 2899 1732 2934 in
1756 2898 1864 2934 servi·

380 2941 497 2974 tutem
531 2939 729 2984 redlgebat.
784 2942 832 2974 At
865 2944 1055 2977 monachus
1089 2946 1347 2988 Styeberyensis
1379 2948 1419 2979 in
1454 2947 1536 2980 Vita
1570 2948 1734 2981 Ammonis
1766 2946 1794 2979 I
1793 2970 1804 2988 ,
1829 2947 1862 2988 5,
