1968 3164
556 241 825 278 LAMPERTI
850 242 1104 279 ANNALES.
1155 244 1202 280 A.
1230 246 1334 281 1073.
1638 248 1708 283 163

197 363 285 420 qui.
309 363 480 406 dicitur
506 362 774 419 Hoenburg.
827 363 1058 406 Habendo
1092 367 1247 408 autem
1281 380 1385 408 cum
1418 368 1704 423 principibus
1720 371 1822 408 1073.

196 422 428 478 'colloquio
460 423 558 465 dies
590 425 795 464 statutus
828 425 898 466 est
919 424 1060 465 XIII.
1084 425 1190 466 Kal.
1215 425 1490 468 Novembris
1521 427 1570 468 in
1603 442 1703 469 con-

197 482 307 525 finio
338 482 615 537 Turingiaea
659 484 706 525 et
747 483 942 525 Hassiae
982 484 1033 524 in
1073 484 1186 526 villa
1226 499 1343 540 quae
1385 486 1558 528 dicitur
1596 486 1702 529 Ger-

196 537 438 597 stengenb.
492 541 551 582 In
582 542 702 583 hanc
736 543 1055 585 condicionem
1089 544 1339 586 discessum
1364 547 1446 587 est.
1501 546 1703 588 Saxones

165 602 353 643 stamen
395 601 451 643 de
491 603 719 656 apparatu
761 601 873 644 belli
911 604 958 644 et
990 604 1315 658 oppugnandis
1346 605 1468 659 regis
1501 606 1703 647 castellis

195 659 315 701 nihil
356 662 603 715 propterea
643 661 959 703 remittebant.
1025 662 1232 718 Cumque
1274 665 1372 719 regi
1414 679 1530 719 quae
1573 667 1704 720 gesta

193 719 383 762 fuerant
414 720 636 762 nunciata
667 721 879 771 fuissent,
913 722 1062 763 visum
1095 725 1165 764 est
1202 723 1274 764 his
1307 724 1385 778 qui
1418 727 1572 779 partes
1606 725 1703 767 eius

195 779 480 821 adiuvabant
511 779 711 820 multum
743 780 990 823 abhorrere
1023 796 1050 823 a
1075 783 1318 825 maiestate
1350 785 1490 838 regia,
1524 786 1578 825 ut
1605 785 1702 839 ipse

195 837 453 880 Saxonibus
475 852 558 893 pro
581 853 628 880 se
650 839 833 881 obsides
856 841 1000 892 daret,
1025 841 1310 896 nimiumque
1332 844 1514 898 gravari
1535 858 1704 886 nomen

148 910 182 934 10
194 897 374 952 regium
412 898 677 940 fedissimae
710 899 995 941 condicionis
1035 901 1218 942 iniuria.
1284 901 1577 958 Quapropter
1608 903 1702 945 Mo-

195 957 416 1012 gontinus
457 959 505 999 et
537 957 825 1000 Coloniensis
867 960 1070 1014 episcopi
1112 962 1290 1003 statuta
1332 962 1406 1004 die
1444 962 1703 1017 Hoenburg
1718 978 1791 1011 sept.
1804 979 1846 1007 13.

194 1017 393 1071 profecti
425 1017 775 1068 obtinuerunt&
809 1020 875 1069 ut,
910 1016 1117 1060 omissis‘¹
1148 1034 1202 1062 ex
1234 1023 1431 1076 utraque
1463 1024 1595 1076 parte
1628 1022 1702 1064 ob-

194 1075 389 1127 sidibus,
438 1076 527 1131 ipsi
574 1078 759 1118 tantum
806 1092 889 1132 pro
931 1082 1070 1133 pacee
1118 1080 1345 1122 firmanda
1386 1081 1523 1123 fidem
1572 1096 1701 1123 suam

192 1135 543 1190 interponerent
590 1138 637 1178 et
684 1137 771 1178 hoc
818 1138 1011 1192 pignore
1058 1140 1265 1181 venturis
1313 1141 1371 1182 ad
1420 1141 1701 1195 colloquium

146 1207 180 1232 15
193 1194 479 1250 principibus
512 1209 694 1237 omnem
727 1197 923 1251 periculi
954 1201 1130 1240 metum
1163 1199 1434 1242 adimerent.

337 1254 525 1296 Interea
555 1269 635 1297 rex
667 1255 845 1310 legatos
868 1257 994 1298 misit
1021 1258 1079 1299 ad
1101 1258 1321 1310 Luticios,
1356 1262 1542 1314 gentem
1567 1260 1700 1302 Saxo-
1716 1265 1819 1301 1074.

191 1313 328 1355 nibus
359 1313 721 1365 infestissimam,
757 1316 912 1370 eisque
943 1317 1175 1358 infinitam
1208 1319 1451 1372 pecuniam
1474 1320 1698 1374 promisit,

191 1374 247 1413 ut
278 1372 536 1414 Saxonibus
569 1373 744 1415 bellum
776 1375 1016 1427 inferrent,
1060 1391 1266 1419 asserens
1299 1392 1376 1420 eos
1408 1393 1531 1420 nunc
1563 1379 1699 1422 intes-

190 1431 303 1473 tinis
343 1432 660 1475 simultatibus
702 1437 950 1490 occupatos
982 1436 1112 1478 facili
1145 1439 1438 1479 externorum
1472 1439 1699 1480 bellorum

143 1490 395 1546 2oim'pulsu
435 1506 568 1547 posse
609 1507 754 1547 usque
796 1495 854 1535 ad
891 1493 1275 1538 internicionemf
1313 1497 1457 1540 deleri
1472 1498 1499 1538 1.
1565 1497 1699 1549 Quod

190 1549 272 1592 ubi
304 1550 562 1593 Saxonibus
605 1555 892 1607 compertum
935 1557 1016 1605 est,
1059 1555 1149 1610 ipsi
1190 1570 1371 1611 quoque
1413 1558 1606 1599 nuncios
1639 1559 1698 1599 ad

192 1623 268 1651 eos
300 1610 526 1652 miserunt
558 1613 605 1652 et
636 1612 785 1654 multo
819 1614 1119 1668 copiosiorem
1153 1616 1216 1657 eis
1258 1617 1502 1670 pecuniam
1535 1618 1698 1671 promi-

191 1671 363 1717 serunt,
387 1671 442 1710 ut
463 1670 520 1710 ab
542 1670 844 1714 infestatione
868 1686 950 1713 sua
970 1675 1067 1714 tam
1089 1674 1248 1728 iniquo
1270 1677 1477 1730 tempore
1500 1676 1697 1730 quiesce-

191 1729 296 1770 rent
308 1724 319 1777 ;’
351 1729 474 1782 quod
507 1729 575 1770 sig
604 1743 698 1771 non
729 1731 951 1782 facerent,
986 1747 1043 1774 ne
1075 1733 1204 1774 inani
1236 1734 1452 1788 opinione
1484 1735 1697 1777 falleren-

143 1781 313 1837 25turh,
363 1801 410 1828 se
457 1788 642 1842 utrique
690 1790 834 1840 hosti,
884 1791 922 1831 si
964 1805 1018 1833 ea
1058 1793 1307 1834 necessitas
1347 1794 1605 1843 incumbat,
1651 1797 1697 1836 et

191 1845 494 1888 multitudine
537 1849 583 1889 et
614 1848 787 1890 virtute
830 1849 1031 1891 militum
1072 1865 1204 1905 posse
1238 1853 1464 1894 sufficere.
1528 1853 1695 1895 Barba—

191 1918 344 1946 rorum
378 1905 459 1946 alii
490 1907 623 1961 regia
659 1907 738 1948 alii
761 1908 994 1950 Saxonum
1026 1910 1161 1952 fedus
1195 1912 1528 1967 pecuniamque
1562 1914 1696 1955 susci-

190 1960 430 2018 piendami
474 1965 792 2008 clamitabant.
856 1967 990 2010 Unde
1023 1972 1125 2011 orta
1157 1984 1238 2025 per
1269 1971 1511 2026 imperitae
1544 1972 1696 2013 multi-

189 2023 367 2065 tudinis
397 2024 805 2079 intemperantiam
838 2028 1083 2079 sedicione,
1116 2031 1251 2071 tanta
1282 2044 1331 2072 se
1363 2031 1474 2073 cede
1507 2032 1694 2073 dilania-

143 2096 177 2121 30
189 2078 407 2134 veruntk,
456 2086 511 2124 ut
551 2085 700 2126 multa
740 2086 869 2128 milia
910 2088 1150 2130 hominum
1188 2089 1238 2130 in
1279 2104 1333 2132 ea
1374 2091 1695 2145 congressione

189 2141 439 2184 interfecta
469 2143 745 2186 referantur.
803 2147 958 2201 Atque
989 2147 1056 2189 ita
1082 2148 1307 2204 -deinceps
1339 2150 1499 2191 multis
1532 2151 1694 2192 diebus

188 2201 238 2242 in
269 2215 317 2244 se
348 2201 472 2257 ipsos
514 2205 561 2245 et
597 2203 647 2244 in
678 2218 761 2247 sua
791 2205 968 2248 viscera
999 2207 1160 2249 hostili
1191 2208 1348 2263 gladio
1381 2209 1694 2252 debachantes

189 2261 390 2303 externis
423 2261 559 2304 bellis
590 2265 848 2307 necessario
881 2267 1178 2320 supersedere
1212 2269 1498 2323 cogebantur
1512 2270 1540 2309 ².

331 2320 428 2362 Rex
451 2335 632 2376 quoque
654 2323 907 2375 Danorum,
942 2339 1117 2368 memor
1149 2328 1357 2370 firmatae
1389 2328 1481 2369 iam
1515 2329 1689 2383 pridem

141 2446 176 2471 35
187 2446 218 2480 a)
237 2447 329 2475 Thur.
348 2448 445 2475 BL2.
519 2449 550 2477 b)
569 2440 655 2477 sici-h.
670 2452 688 2478 I.
708 2458 813 2479 omnes,
887 2451 913 2485 c)
934 2453 1092 2478 obtinuere
1112 2453 1192 2481 1³1¹).
1260 2454 1291 2483 d)
1312 2455 1447 2481 obmissis
1468 2457 1527 2482 B·.’.
1585 2461 1612 2487 c)
1632 2466 1692 2483 ser-

188 2481 288 2508 uanda
314 2483 392 2514 add„
422 2485 471 2509 sed
490 2485 544 2511 del.
563 2485 624 2513 ΒΞ.
716 2487 739 2517 ἰ)
764 2487 999 2514 internecionem
1026 2489 1094 2514 1311·
1120 2490 1146 2516 h.
1167 2490 1201 2517 I.:
1234 2490 1464 2516 internetionem
1492 2493 1541 2516 Al
1573 2500 1692 2524 semper,

188 2518 220 2550 g)
239 2517 307 2550 qui
325 2519 351 2543 B
363 2521 403 2544 1⁸.
479 2520 510 2550 h)
530 2521 669 2547 fallerent
688 2522 714 2546 B
727 2522 767 2549 lb.
841 2523 862 2553 i)
882 2524 968 2551 clam.
987 2531 1063 2552 susc.
1084 2525 1143 2552 B2.
1219 2526 1250 2550 k}
1270 2526 1461 2552 laniauernnt
1480 2528 1504 2551 A
1521 2529 1593 2555 1.1·.

190 2612 225 2654 1)
250 2612 295 2647 A.
316 2614 419 2648 1074.
445 2625 560 2657 reyem
585 2621 790 2650 commotum
815 2619 955 2652 eeclesia
982 2619 1287 2662 Hartfflburqensi
1310 2626 1432 2654 contra
1464 2626 1609 2664 pactum
1634 2623 1692 2657 (Ie-

188 2661 323 2692 structa
347 2660 507 2695 Luticios
539 2667 662 2696 contra
688 2665 848 2699 Saxones
880 2677 1032 2700 evocasse
1066 2667 1187 2700 scmssbit
1215 2666 1342 2701 Bruno
1366 2679 1393 2703 e.
1418 2670 1475 2710 36,
1512 2680 1582 2702 mm
1604 2681 1691 2712 pro-

141 2706 299 2740 wmissa
328 2709 499 2751 pecunia,
539 2711 599 2743 sed
628 2716 734 2755 parte
768 2713 946 2747 Saaeoniae
980 2715 1030 2747 eis
1064 2725 1238 2755 concess«,
1275 2720 1446 2758 quantam
1484 2727 1691 2760 empuqnare

183 2757 337 2796 possent.
379 2755 422 2788 Si
444 2756 554 2790 alteri
575 2757 701 2791 horum
721 2760 987 2803 aliquantulum
1013 2762 1097 2803 fidei
1121 2762 1186 2794 hac
1213 2764 1248 2795 sn
1272 2774 1311 2796 re
1332 2764 1490 2796 dandum.
1516 2768 1575 2806 est,
1603 2770 1690 2798 certe

189 2799 358 2835 Brunom‘
380 2804 530 2836 saniora
553 2808 738 2841 narranti.
859 2809 896 2848 2)
925 2808 1009 2841 Iure
1034 2809 1126 2841 ham·
1152 2811 1397 2844 ηανναίίωιευι
1424 2813 1578 2854 ineptam.
1604 2813 1688 2846 dicit

189 2847 235 2882 E.
252 2847 375 2891 Meyer
400 2849 423 2886 l.
443 2850 466 2884 l.
488 2861 526 2893 p.
543 2852 603 2894 26,
629 2863 737 2895 quam
755 2865 776 2886 a
795 2854 986 2899 Lamperio
1010 2857 1240 2898 eoecoye‘tatmn
1267 2868 1338 2892 esse
1364 2859 1455 2891 mihi
1472 2870 1685 2902 persuasum

187 2895 305 2930 habeo.
356 2896 415 2938 Cf.
431 2897 558 2932 Bruno
581 2910 609 2935 c.
625 2902 682 2936 32.
701 2902 759 2936 36.

1334 2978 1400 3012 11*
