1968 3164
551 253 824 291 LAMPERTI
848 255 1103 294 ANNALES.
1154 259 1202 293 A.
1231 262 1333 296 1074.
1627 264 1694 299 189

588 344 608 357 l

184 376 407 420 suerint¹².
462 376 552 420 Sed
585 378 786 433 cognito,
820 379 943 433 quod
970 380 1155 435 decepti
1187 382 1492 426 similitudine
1526 387 1691 435 essent,
1709 386 1818 440 1074·ι

183 438 232 479 et
272 436 645 492 archiepiscopus
686 434 838 479 intra¹'
883 439 1110 494 templum
1153 442 1303 483 sancti
1344 443 1472 485 Petri
1515 447 1561 486 et
1603 444 1694 486 loci
1708 433 1838 464 ‘⁴²⁰''’²⁵’

182 495 406 551 religione
454 498 501 538 et
547 511 783 539 murorum
832 498 1053 542 firmitate
1101 514 1148 542 se
1190 503 1438 553 tutaretur,
1488 504 1692 558 undique

183 555 451 611 conglobati
491 556 642 611 ipsum
685 557 912 612 templum
945 559 1174 611 obsident,
1218 575 1373 603 muros
1406 563 1692 617 perfringere

151 614 344 658 adedita
374 629 515 670 opera
546 616 816 668 moliuntur,
851 620 1097 672 postremo,
1140 620 1229 661 nisi
1262 621 1390 663 ocius
1423 623 1511 664 sibi
1544 624 1693 664 trada-

182 676 261 716 tur
291 675 678 731 archiepiscopus,
712 676 869 731 ignem
896 682 1104 733 quoquee
1134 677 1210 722 se(1
1238 681 1531 724 adhibituros
1564 683 1693 724 mini-

181 735 357 776 tantur.
425 735 569 776 Tume
608 736 659 777 hi
699 736 779 791 qui
819 737 946 779 intus
995 741 1127 780 erant
1174 740 1385 783 videntes
1434 742 1693 784 obstinatos

182 807 281 839 esse
322 794 382 836 ad
422 808 583 838 necem
625 796 723 838 eius
766 797 942 839 animos
985 798 1159 853 populi,
1203 813 1287 842 nec
1321 801 1547 844 ebrietate
1581 802 1690 852 sola,

182 867 300 908 quae
341 856 548 910 tempore
582 855 730 910 digeri
763 856 893 907 solet,
938 858 1018 899 sed
1051 859 1367 912 pertinacibus
1401 861 1541 902 etiam
1574 862 1692 903 odiis

136 928 170 954 ιο
183 915 231 956 et
270 913 499 956 frenetico
511 910 528 937 f
570 915 770 968 quodam
811 916 968 959 furore
1011 917 1220 960 homines
1263 920 1449 973 agitari,
1494 922 1692 963 suadent

183 973 238 1021 ei,
280 975 335 1014 ut
375 975 557 1015 mutato
598 974 766 1016 habitu
808 976 1013 1031 effugere
1056 980 1250 1020 conetur
1291 980 1347 1021 de
1390 981 1613 1022 aecclesia
1645 983 1693 1022 et

181 1032 347 1075 fallere
385 1033 664 1083 obsidentes,
707 1034 796 1076 hoc
837 1035 964 1078 facto
1008 1039 1054 1079 et
1097 1051 1248 1079 sacras
1285 1040 1422 1081 aedes
1455 1040 1688 1082 incendiig

182 1094 230 1134 et
271 1105 319 1135 se
360 1093 522 1135 mortis
563 1094 769 1149 periculo
817 1095 1075 1137 liberaturu
1106 1092 1145 1137 ¹¹.
1215 1097 1509 1152 Oportunum
1550 1100 1690 1154 fugae

180 1152 492 1207 patrocinium
524 1155 708 1208 tempus
741 1154 1064 1209 pollicebatur.
1129 1156 1371 1200 Sedicione
1410 1159 1458 1199 in
1491 1160 1691 1201 mediam

134 1227 168 1252 15
180 1213 366 1254 noctem
398 1214 647 1294 protracta,
687 1214 940 1256 horrebant
972 1229 1127 1258 omma
1159 1218 1363 1260 tenebris
1396 1221 1443 1260 et
1477 1219 1688 1274 caligine,

180 1272 235 1312 ut
265 1271 393 1312 haud
457 1271 596 1314 facile
630 1273 845 1327 cuiquam
887 1277 1007 1317 esset
1038 1275 1196 1317 vultus
1230 1279 1573 1319 occursantium
1606 1279 1691 1320 dis-

181 1344 381 1373 cernere.
442 1331 686 1386 Angustus
718 1333 873 1375 aditus
915 1335 1107 1389 patebat
1140 1337 1196 1378 de
1229 1337 1405 1392 templo
1446 1339 1495 1379 in
1529 1339 1691 1380 dormi-

180 1390 365 1441 torium,
407 1390 522 1433 item
564 1392 621 1434 de
654 1392 925 1435 dormitorio
962 1395 1011 1435 in
1044 1395 1215 1436 atrium
1249 1397 1527 1452 domumque
1561 1412 1691 1440 cano-

178 1449 274 1497 nici
314 1450 555 1492 cuiusdam
597 1452 898 1494 adherentem
942 1469 1072 1496 muro
1116 1455 1332 1497 civitatis.
1402 1457 1540 1512 Isque
1583 1460 1691 1500 ante

132 1527 168 1552 20
179 1523 351 1565 paucos
393 1509 491 1552 dies
532 1513 662 1554 ortae
704 1512 950 1555 sedicionis
990 1514 1321 1569 impetraverat
1363 1517 1421 1558 ab
1470 1517 1691 1572 archiepi-

181 1582 331 1624 scopo,
375 1569 476 1612 Deo
517 1571 576 1612 ad
618 1571 816 1614 salutem
850 1573 1184 1630 archiepiscopi
1217 1576 1304 1617 hoc
1337 1576 1488 1631 ipsum
1522 1578 1691 1619 miseri·
1757 1626 1765 1638 Ι

181 1628 383 1671 corditer
404 1630 690 1684 providente,
718 1634 772 1672 ut
794 1634 932 1688 rupto
955 1648 1086 1675 muro
1110 1635 1312 1676 civitatis
1336 1637 1579 1690 parvulum
1604 1637 1722 1678 sibi
1756 1649 1822 1687 *ΕΛ

180 1687 411 1743 posticum
452 1689 606 1732 facere
648 1687 889 1732 sineretur.
954 1692 1028 1734 Ibi
1068 1694 1263 1735 eductus
1302 1695 1705 1750 archiepiscopus,>
1823 1703 1827 1713 ‘

181 1747 416 1802 applicitis
458 1763 651 1804 propere
692 1749 742 1790 in
774 1751 1059 1794 evectionem
1093 1753 1190 1794 eius
1224 1757 1270 1796 et
1304 1755 1525 1796 comitum
1560 1752 1686 1797 eiusk

133 1824 169 1850 25
182 1808 382 1861 quatuor
422 1808 563 1862 equis,
607 1808 724 1850 abiit
765 1823 936 1864 opacae
978 1812 1127 1853 noctis
1169 1814 1385 1863 tenebris,
1430 1829 1487 1856 ne
1525 1815 1582 1856 ab
1617 1815 1691 1856 ob-

180 1866 417 1908 viantibus
457 1870 798 1922 agnosceretur,
843 1854 1373 1924 commodissime'ss‘usuffi
1415 1877 1690 1929 repertoque

182 1928 287 1981 post
326 1926 560 1968 modicum
601 1928 815 1983 episcopo
848 1929 1390 1986 Mimigardevurdensi¹,
1432 1934 1566 1976 sociis
1599 1935 1690 1975 iam

182 1985 376 2040 pulchre
408 2000 491 2041 pro
518 2000 573 2029 ea
603 1989 705 2028 tum
732 1988 971 2031 calamitat
1027 1991 1316 2046 constipatus
1348 1993 1396 2033 in
1430 1993 1583 2035 locum
1617 1994 1719 2038 cui,

181 2041 396 2087 Nbssenm
421 2059 589 2088 nomen
622 2050 692 2089 est
727 2049 950 2103 pervenit,
973 2004 1200 2151 {Interim
1234 2052 1283 2092 hi
1316 2053 1394 2107 qui
1428 2053 1550 2095 circa
1581 2056 1692 2095 tem-

135 2123 170 2148 ao
182 2104 311 2160 plum
353 2107 486 2147 erant
530 2107 701 2149 crebris
743 2108 940 2150 arietum
981 2124 998 2150 1
1026 2110 1152 2152 tibus
1200 2126 1354 2154 muros
1402 2113 1689 2167 quatiebant,

183 2166 373 2219 eratque
406 2165 601 2208 confusa
631 2181 719 2208 vox
751 2168 1142 2211 tumultuantium
1177 2173 1224 2212 et
1256 2172 1395 2214 fidem
1429 2172 1517 2214 Dei
1551 2173 1691 2214 omni-

183 2223 389 2279 potentis
429 2226 750 2278 testantium11‚
801 2229 924 2282 quod
965 2243 1059 2271 non
1101 2244 1320 2272 evasurus
1363 2234 1482 2274 esset
1528 2246 1691 2273 manus

183 2297 301 2335 suas,
344 2297 438 2326 non
479 2285 758 2341 decepturus
800 2287 1113 2330 obsidentium
1156 2290 1461 2345 diligentiam,
1510 2292 1692 2333 etiamsi

181 2343 231 2384 in
262 2343 454 2386 minima
484 2346 635 2388 terrae
666 2346 855 2402 reptilia
893 2361 940 2390 se
978 2350 1343 2403 transfiguraret.
1408 2351 1611 2392 Econtra
1643 2351 1692 2391 hi

135 2403 288 2457 35qui⁰
335 2403 670 2447 obsidebantur
715 2420 838 2448 nunc
886 2408 1204 2462 supplicando,
1248 2424 1370 2451 nunc
1413 2410 1689 2465 pollicendo,

182 2462 307 2516 quod
339 2463 693 2518 diligentissime
725 2467 971 2520 quesitum,
1006 2468 1044 2508 si
1076 2468 1376 2517 inveniretur,
1410 2470 1521 2524 ipsis
1555 2470 1692 2510 tradi-

182 2521 278 2562 turi
300 2524 466 2573 essent,
490 2523 659 2566 callide
681 2525 908 2567 ludebant
930 2541 1116 2581 operam
1140 2530 1503 2583 perurgentium,
1532 2543 1691 2582 usque-

184 2593 275 2634 quo
306 2582 704 2638 archiepiscopum
737 2584 922 2639 longius
955 2588 1166 2628 evectum
1210 2591 1348 2642 atque
1382 2588 1430 2628 in
1463 2591 1567 2629 tuta
1599 2588 1690 2629 iam

184 2638 287 2680 loca
318 2654 609 2695 progressum
643 2657 740 2685 esse
773 2645 1125 2687 arbitrarentur.
1180 2646 1295 2687 Tum
1331 2648 1515 2689 demum
1549 2647 1691 2689 reclu-

136 2716 172 2742 40
185 2698 246 2739 sis
297 2698 476 2740 foribus
522 2700 646 2756 ipsos
693 2702 875 2757 ingredi
924 2706 971 2746 et
1019 2718 1101 2759 pro
1150 2705 1312 2746 libitov
1366 2720 1448 2747 suo
1502 2720 1691 2760 querere

186 2757 363 2808 sinunt,
397 2758 696 2815 adiciuntque
728 2762 903 2804 frustra
936 2777 1040 2805 eum
1074 2765 1203 2818 queri
1236 2765 1386 2806 intra*¹
1419 2768 1550 2820 septa
1582 2769 1691 2808 tem-

184 2859 214 2891 s)
234 2860 438 2892 imposuerunt
455 2862 516 2889 32.
608 2862 639 2895 b)
658 2863 736 2890 inter
755 2865 834 2893 Blb.
926 2866 953 2894 υ)
978 2874 1033 2894 om,
1052 2867 1114 2894 132.
1206 2866 1236 2898 d)
1260 2876 1314 2895 om,
1334 2869 1359 2893 B
1372 2869 1413 2897 lb.
1505 2870 1534 2902 e)
1553 2870 1636 2895 'I'zmc
1665 2871 1693 2898 Γ.

185 2895 208 2926 f)
227 2895 363 2928 phrenet.
383 2897 445 2924 Al.
518 2898 550 2931 g)
569 2898 706 2924 incendio
732 2900 760 2928 V.
829 2900 860 2933 h)
880 2902 1056 2927 liberaturos
1077 2903 1137 2930 152.
1212 2904 1232 2935 i)
1253 2904 1326 2929 haut
1346 2905 1413 2929 131³
1432 2906 1520 2934 solus.
1585 2907 1616 2939 k)
1637 2915 1692 2935 om.

184 2931 246 2959 131.
302 2932 323 2963 1)
342 2932 599 2966 mimigardefurd.
618 2934 645 2958 B
657 2935 680 2962 1.
692 2936 716 2962 2.
775 2936 816 2969 m)
835 2937 952 2963 Nussen
973 2939 998 2962 A
1011 2940 1034 2964 1.
1049 2938 1116 2970 B2;
1142 2930 1220 2964 Ngse
1238 2939 1293 2966 Vl.
1350 2940 1380 2967 n)
1399 2942 1611 2967 attestancium
1631 2942 1693 2970 ΒΖ.

136 2972 172 2998 45
185 2966 215 3002 o)
234 2974 288 2996 om.
307 2968 385 2997 131⁸.
459 2967 490 3002 p)
509 2968 596 2995 libitu
615 2969 676 2999 Bi,
687 2971 712 2998 2.
733 2971 781 3003 V„-
799 2973 836 3002 cf.
855 2980 947 3004 supra
962 2981 994 3005 p.
1010 2974 1070 3006 143,
1092 2982 1118 3001 n.
1132 2982 1159 3006 g.
1235 2977 1265 3007 q)
1284 2976 1363 3001 inter
1382 2976 1461 3005 ΒΗ),
