2014 3184
407 299 479 333 402

454 414 717 449 Atrocissimae
730 426 797 460 per
814 426 851 449 se
865 415 1040 461 legationi
1058 427 1080 450 a
1090 415 1113 450 d
1122 436 1135 441 -

407 462 524 496 iecta
548 465 603 496 est
619 462 739 508 gravis
757 463 982 497 contumelia
999 465 1134 508 206,15.

455 508 653 544 Castellum
690 536 698 544 .
727 539 733 546 .
762 538 769 546 .
805 521 878 544 uno
908 513 1051 544 tantum
1077 511 1135 545 iti-

406 567 494 591 nere
541 557 693 602 ipsoque
743 557 955 592 difficillimo
1009 569 1030 592 a
1040 557 1064 592 d
1074 558 1086 592 i
1095 558 1136 592 ri

406 607 551 648 poterat
577 607 656 648 155,
671 615 716 641 35.

454 746 588 790 quique
617 748 764 780 exactor
789 749 898 791 atque
928 747 1135 781 admini-

407 796 508 827 ster
533 793 640 827 huius
666 794 868 828 calumniae
893 794 1135 829 vehementis-

407 840 517 874 simus
545 841 716 875 extiterat
749 844 805 884 76,
820 853 865 877 25.
894 863 935 867 —
963 853 1052 886 quos
1072 868 1079 876 .
1099 870 1106 878 .
1127 870 1134 877 .

406 888 682 922 machinationis
700 899 785 923 suae
802 900 867 923 rex
890 889 1040 923 idoneos
1058 889 1136 924 fore

408 935 639 970 administros
674 939 883 980 speraverat
920 939 999 979 166,
1018 947 1063 973 25.
1091 957 1133 961 —

407 982 467 1026 qui
494 1008 502 1016 .
530 1008 538 1016 .
567 1011 574 1018 .
608 983 751 1018 sceleris
787 983 990 1018 administri
1026 984 1134 1019 desti-

406 1030 483 1064 nati
515 1030 624 1065 fuisse
651 1031 916 1065 accusabantur
944 1034 1023 1074 168,
1035 1043 1061 1067 5.
1089 1052 1134 1057 —

406 1077 483 1121 ipse
522 1105 528 1112 .
558 1103 565 1112 .
593 1106 600 1113 .
640 1078 803 1112 omnium
838 1090 931 1122 quae
964 1078 1135 1114 ferociter

405 1136 470 1159 rex
504 1125 703 1160 meditetur
737 1125 893 1160 ferocior
922 1126 1135 1161 administer

407 1172 538 1206 existat
562 1175 644 1216 261,
658 1184 702 1208 30.

453 1219 564 1254 Cuius
605 1220 719 1254 virtus
760 1223 885 1255 tantae
926 1221 1133 1256 admira-

406 1267 533 1301 tioni
559 1267 657 1312 apud
675 1268 849 1302 barbaros
866 1268 936 1302 fuit
954 1271 1010 1313 78,
1024 1281 1068 1306 20.
1089 1289 1131 1294 —

406 1317 447 1348 ut
471 1315 636 1349 hostibus
668 1315 778 1349 etiam
803 1326 877 1350 non
916 1316 1035 1350 minus
1070 1316 1132 1351 ad-

405 1362 590 1396 mirationi
606 1373 715 1406 quam
726 1363 856 1397 terrori
867 1366 986 1398 essent
997 1366 1077 1407 219,
1087 1375 1132 1400 20.

452 1408 552 1444 Huic
574 1409 717 1444 veniam
742 1409 941 1444 admissi
958 1422 1032 1445 non
1046 1411 1132 1444 alias

405 1456 603 1500 impetrare
619 1459 791 1500 poterant
811 1459 890 1501 149,
900 1468 927 1493 5.
954 1478 999 1483 ——-
1026 1458 1055 1491 si
1072 1469 1132 1492 ve-

405 1503 503 1537 niam
518 1503 568 1538 eis
582 1503 729 1538 admissi
741 1505 1002 1548 pollicerentur
1014 1507 1095 1550 235,
1104 1516 1131 1541 5.

409 1571 451 1576 ——
470 1551 600 1595 quibus
617 1553 654 1585 te
672 1579 680 1587 .
699 1580 707 1587 .
728 1579 735 1587 .
756 1555 969 1596 oportuerat
986 1552 1133 1587 admissi

405 1598 513 1632 huius
547 1598 691 1633 veniam
726 1598 866 1634 dedisse
900 1602 982 1644 249,
1006 1611 1050 1636 30.
1088 1620 1130 1624 —

406 1648 531 1679 utrum
562 1674 568 1681 .
598 1674 604 1681 .
634 1674 640 1682 .
667 1646 811 1680 veniam
837 1646 985 1681 admissi
1008 1650 1132 1691 postu-

405 1693 481 1727 lare
506 1720 515 1730 .
532 1721 539 1728 .
556 1721 562 1729 .
588 1693 777 1728 adveniret
794 1695 876 1738 288,
887 1704 932 1730 35.
953 1715 994 1718 ——
1014 1697 1082 1730 ut.

404 1740 548 1774 veniam
566 1740 634 1775 sibi
650 1752 717 1785 pro
736 1741 892 1776 admisso
918 1770 925 1777 .
946 1767 953 1775 .
1008 1753 1132 1786 preca-

404 1790 532 1822 rentur
558 1790 613 1832 76,
629 1799 673 1824 20.
710 1808 756 1814 ·—
791 1791 833 1822 ut
857 1770 1132 1824 Coloniensibus

406 1835 583 1870 admissae
614 1835 652 1869 111
683 1847 721 1870 se
746 1836 962 1871 temeritatis
987 1837 1132 1872 veniam

405 1883 509 1917 daret
536 1885 614 1927 196,
629 1894 674 1918 20.

453 1929 613 1964 anteris
642 1930 826 1976 (castellis)
862 1930 944 1965 ilico
971 1930 1131 1965 admo-

405 1977 588 2011 vendus
627 1980 705 2011 erat
731 1978 910 2012 exercitus
937 1980 1016 2022 108,
1031 1989 1059 2014 5.
1086 1999 1131 2003 —

404 2024 482 2058 Alii
519 2025 665 2058 castello
701 2050 709 2058 .
737 2052 744 2060 .
773 2050 781 2058 .
820 2026 1022 2059 exercitum
1058 2025 1131 2060 iam

405 2071 618 2105 admoverat
659 2073 739 2115 115,
760 2083 806 2107 20.
844 2092 889 2097 —
931 2073 1132 2107 exercitum

407 2146 414 2153 .
434 2146 442 2154 .
463 2144 470 2151 .
497 2117 544 2151 ad
560 2117 723 2152 Fresiam
747 2118 965 2153 admovebat
992 2122 1071 2162 123,
1086 2131 1130 2155 25.

406 2186 448 2190 —-
477 2164 650 2198 Protinus
676 2164 736 2198 alii
762 2166 910 2200 castello
937 2194 944 2202 .
965 2194 972 2202 .
993 2194 1001 2202 .
1029 2178 1132 2200 exer-

406 2212 519 2247 citum
545 2212 788 2247 admoverunt
823 2215 902 2255 161,
917 2224 962 2248 20.
989 2233 1034 2238 —
1060 2216 1131 2247 sta-

405 2260 544 2304 timque
579 2259 639 2293 alii
665 2259 813 2294 castello
840 2288 847 2295 .
867 2287 875 2296 .
897 2287 904 2295 .
931 2260 1131 2294 exercitum

406 2307 648 2341 admoverunt
673 2309 753 2351 174,
767 2317 794 2342 5.
822 2327 867 2332 ——
898 2309 940 2341 ut
964 2333 972 2342 .
992 2333 999 2341 .
1020 2336 1027 2343 .
1053 2307 1132 2351 ipsa

405 2357 523 2388 eastra
535 2354 683 2388 admoto
695 2354 858 2388 exercitu
875 2357 1132 2399 expugnentur

405 2404 486 2445 217,
500 2413 545 2438 25.
580 2422 621 2426 —-
657 2401 703 2435 ad
738 2401 1022 2447 oppugnandam
1052 2430 1058 2437 .
1086 2427 1095 2436 .
1123 2427 1131 2436 .

405 2449 534 2483 urbem
568 2449 769 2483 exercitum
802 2449 997 2484 admovere
1035 2449 1131 2494 cogi-

404 2497 508 2530 tabat
531 2498 613 2539 262,
633 2508 677 2532 30.
703 2516 748 2520 —-
775 2497 922 2530 castella
956 2523 964 2530 .
994 2525 1001 2532 .
1030 2525 1038 2533 .
1069 2496 1131 2530 ad-

405 2546 506 2577 mota
527 2543 678 2577 militari
699 2554 811 2576 manu
832 2544 971 2588 recepit
993 2546 1074 2586 273,
1085 2555 1131 2579 20.

453 2590 562 2625 Unde
596 2590 714 2635 gloria
745 2590 816 2624 loci
851 2591 926 2625 eius
952 2602 994 2625 eo
1029 2591 1132 2625 brevi

407 2637 694 2672 adoleverat
729 2640 850 2682 330,1.
879 2659 920 2662 —
955 2640 1131 2682 quantum

406 2685 507 2719 brevi
541 2685 745 2722 adoleverit,
766 2685 915 2728 diviciis,
950 2685 1130 2731 magnitu-

407 2733 502 2774 dine,
528 2732 643 2777 gloria
668 2734 749 2777 343,
764 2743 808 2768 25.

454 2779 707 2813 communibus
726 2779 882 2814 consiliis
902 2790 1028 2825 regem
1051 2778 1130 2812 ad-

407 2826 502 2859 orti
538 2828 675 2870 145‚10.
710 2847 755 2852 -—
789 2826 951 2860 unanimi
982 2826 1130 2860 consilio

407 2884 490 2906 eum
520 2873 750 2907 adorirentur
781 2876 860 2918 161,
877 2884 904 2909 5.
942 2894 983 2898 —
1019 2873 1131 2907 Hunc

407 2919 526 2954 adorti
558 2948 564 2955 .
599 2946 606 2954 .
641 2948 648 2955 .
685 2922 865 2965 urgebant
901 2923 1045 2964 159,10.
1086 2940 1127 2944 —

405 2967 537 3001 iunctis
570 2967 739 3011 precibus
772 2967 891 3002 adorti
925 2969 1008 3002 sunt
1046 2978 1130 3002 eum

897 296 1059 332 INDEX
1083 296 1434 333 LOCUTIONUM.

1234 417 1311 452 Liv.
1334 417 1372 460 V,
1391 418 1449 460 48,
1468 418 1500 452 9.
1526 416 1580 451 rei
1597 415 1826 452 foedissimae
1847 428 1916 462 per

1187 475 1224 498 se
1251 463 1445 498 adiecta
1470 463 1668 509 indignitas
1693 466 1758 499 est.

1240 513 1279 548 V.
1298 512 1408 546 Mart.
1430 513 1485 547 10.
1511 522 1584 546 una
1606 514 1751 546 tantum
1769 510 1914 547 eadem-

1185 570 1255 603 que
1289 561 1389 592 arcta
1422 558 1482 593 via
1515 558 1640 593 adiri
1676 561 1832 604 poterat.
1869 578 1912 584 —

1185 607 1264 642 Liv.
1294 606 1418 650 XXV,
1448 608 1503 642 13.
1538 606 1767 641 munimenta
1801 632 1809 640 .
1843 635 1852 643 .
1905 632 1915 651 ,

1185 664 1277 698 quae
1300 653 1402 687 nulla
1419 664 1464 688 ex
1481 655 1586 698 parte
1603 653 1696 688 adiri
1711 653 1782 688 nisi
1798 653 1914 688 arduo

1185 712 1226 735 ac
1249 700 1388 734 difficili
1413 712 1563 735 ascensu
1587 703 1770 746 poterant.

1234 748 1303 784 Cic.
1332 749 1407 783 Cat.
1435 749 1472 791 I,
1497 751 1530 790 3,
1550 750 1582 783 7.
1609 747 1780 783 audaciae
1804 748 1912 784 satel-

1185 794 1287 830 litem
1314 797 1423 839 atque
1449 794 1792 830 administrum
1814 797 1912 832 tune.

1185 863 1231 868 —
1268 843 1355 876 Sall.
1395 843 1475 886 Iuy.
1513 845 1570 879 29.
1613 842 1730 877 socius
1771 844 1810 878 et
1849 842 1912 878 ad·

1185 890 1351 924 minister
1385 889 1547 924 omnium
1585 889 1829 927 consiliorum.
1867 910 1914 916 —

1185 939 1300 973 Amm.
1327 938 1442 972 Marc.
1468 937 1577 981 XIX,
1607 939 1662 982 12,
1687 940 1719 974 1.
1757 948 1912 982 quorum

1185 987 1375 1019 exsecutor
1397 988 1435 1019 et
1457 984 1670 1019 administer
1687 1013 1696 1022 .
1715 1013 1723 1021 .
1743 1012 1752 1022 .
1769 985 1830 1020 ille
1846 995 1912 1020 no-

1183 1032 1296 1067 tarius
1321 1032 1451 1067 missus
1476 1034 1541 1067 est.

1230 1222 1361 1257 lustin.
1387 1223 1459 1265 IV,
1478 1225 1510 1266 1,
1531 1225 1586 1259 16.
1612 1224 1790 1266 quantum
1813 1233 1912 1258 nunc

1183 1269 1549 1313 admirationis,
1583 1271 1728 1304 tantum
1753 1269 1911 1314 antiquis

1182 1317 1332 1351 terroris
1350 1316 1512 1362 dederit3
1539 1317 1686 1359 XXIV,
1699 1318 1734 1360 6,
1747 1318 1780 1352 8.
1806 1315 1908 1362 Quae

1180 1375 1238 1398 res
1260 1364 1436 1398 maiorem
1462 1392 1470 1400 .
1495 1393 1502 1400 .
1527 1391 1535 1400 .
1560 1367 1740 1398 terrorem
1765 1391 1774 1399 .
1802 1389 1810 1398 .
1837 1392 1845 1400 .
1871 1366 1910 1399 et

1182 1411 1460 1445 admirationem
1494 1411 1723 1456 stupentibus
1746 1411 1909 1456 plerum·

1182 1469 1252 1503 que
1278 1457 1406 1494 adfert.

1228 1931 1306 1966 Liv.
1322 1931 1513 1975 XXVIII,
1524 1933 1582 1967 46.
1608 1931 1810 1966 exercitum
1826 1930 1908 1966 ad-

1180 1989 1376 2012 movere
1433 1978 1643 2013 Ariminum
1702 1979 1906 2022 iusserunt3

1181 2026 1330 2068 XXIX,
1350 2028 1407 2062 35.
1433 2025 1614 2060 exercitus
1638 2025 1711 2062 ad.
1759 2027 1906 2062 ‚tumu-

1180 2073 1257 2107 lum
1283 2075 1338 2107 est
1363 2072 1547 2117 admotus;
1573 2074 1648 2117 IX,
1669 2075 1726 2110 25.
1753 2073 1783 2107 si
1804 2083 1914 2108 exer-⁷

1182 2120 1274 2154 citus
1300 2120 1549 2164 admoveatur,
1575 2124 1632 2156 etc.
1660 2141 1703 2145 -
1731 2123 1763 2156 1.
1786 2121 1904 2156 Maoh.

1181 2169 1213 2207 5,
1228 2169 1285 2202 27.
1305 2167 1572 2202 constituerunt·
1591 2167 1787 2202 admovere
1804 2178 1907 2203 exer·

1182 2213 1295 2247 citum
1320 2214 1546 2258 civitatibus3
1575 2217 1609 2251 2.
1634 2215 1754 2251 Mach.
1773 2217 1828 2259 13,
1848 2216 1904 2252 13.

1180 2261 1393 2304 priusquam
1426 2273 1492 2296 rex
1525 2261 1738 2298 admoveret
1767 2261 1906 2297 exerei-

1180 2310 1258 2341 tum
1285 2308 1332 2342 ad
1355 2307 1543 2345 Iudaeam.

1228 2590 1319 2626 Sall.
1337 2590 1417 2632 luy.
1437 2592 1492 2626 18.
1513 2601 1571 2624 res
1587 2589 1784 2625 Persarum
1799 2590 1903 2626 brevi

1180 2636 1420 2718 ἓΐεέεέΐῗΐνίίῑς
1447 2638 1522 2672 Cat.
1542 2639 1574 2673 7.
1600 2640 1776 2682 quantum
1800 2638 1904 2674 brevi

1233 2779 1369 2813 Terent.
1404 2779 1532 2814 Heaut.
1572 2780 1642 2822 IV,
1669 2781 1700 2823 1,
1728 2780 1764 2814 9.
1802 2763 1912 2813 cesso⁴

1179 2825 1275 2860 hunc
1298 2825 1505 2870 adoriri3
1531 2827 1599 2862 Ad.
1617 2826 1690 2868 III,
1707 2827 1814 2870 4,41.
1839 2825 1902 2860 ad-

1179 2875 1279 2907 ortus
1305 2875 1359 2907 est
1382 2873 1501 2918 iurgio
1525 2873 1687 2907 fratrem.
