2046 3190
542 245 813 304 L4MPERT1
837 247 1094 286 ANNALES.
1145 250 1193 287 A.
1221 253 1324 289 1075.
1628 258 1698 292 207

186 365 315 409 cibus
354 381 574 423 responsa
614 370 842 412 atrociora
883 372 1112 423 redderet,
1156 377 1348 429 repente
1395 376 1444 417 111
1492 378 1819 434 111ediun110735·

183 427 442 481 procedunt
473 428 618 483 legati
650 430 771 472 sedis
794 431 1076 486 apostolicae
1104 435 1150 475 et
1172 437 1328 489 preter
1353 435 1547 485 litteras,
1582 452 1695 492 quas
1711 427 1831 459 (Mam)-

183 486 396 529 manibus
444 489 688 543 preferunt
702 490 729 541 1,
779 491 883 532 viva
922 505 1034 534 voce
1077 493 1120 534 ei
1162 507 1216 535 ex
1263 495 1450 538 nomine
1498 497 1695 539 Romani

182 546 415 600 pontificis
463 548 767 600 denunciant,
818 553 871 592 ut
918 551 1102 593 nullum
1150 553 1366 609 deinceps
1414 557 1694 610 pontificalis

152 605 327 648 ⁶officii
358 607 428 649 ius
461 610 834 665 potestatemque
856 611 1041 662 habeat,
1076 612 1312 667 sciatquea
1341 628 1388 656 se
1412 617 1694 670 apostolicae

182 667 671 710 excommunicationis
712 669 869 724 gladio
907 671 964 713 de
997 685 1187 727 corpore
1220 674 1493 717 universalis
1525 677 1694 719 aeccle-

182 725 276 768 siae
317 723 573 782 precisumb
613 742 723 779 esse,
767 733 1013 786 propterea
1054 733 1177 786 quod
1216 733 1450 776 obiectum
1493 736 1581 777 sibi
1613 738 1693 778 cri-

182 798 288 827 men
340 788 630 841 symoniacae
682 790 896 833 hereseos
942 791 1116 833 totiens
1169 793 1436 848 apostolicis
1485 796 1693 851 epistolis

181 843 376 887 Romam
418 850 636 890 evocatus
677 864 875 904 purgare
914 851 1184 894 distulisset.
1248 853 1519 909 Precipiunt
1552 857 1693 898 etiam

138 915 172 940 10
185 904 362 947 clericis
394 906 872 964 Babenbergensibus,
911 913 966 952 ut
997 911 1180 953 nullum
1221 913 1348 955 ultra
1381 915 1423 956 ei
1453 916 1692 970 tamquam

181 964 396 1020 episcopo
427 967 651 1010 honorem
682 970 1080 1025 reverentiamque
1114 972 1340 1023 deferant,
1384 974 1465 1016 sed
1503 975 1560 1016 ab
1594 976 1691 1018 eius

180 1026 501 1069 communione
543 1028 669 1070 omni
710 1030 873 1072 modoc
913 1044 961 1072 se
1002 1031 1282 1082 abstineant,
1324 1047 1382 1075 ne
1416 1034 1691 1089 deprehensi

178 1086 417 1140 tamquam
439 1087 780 1131 ecclesiasticae
813 1091 1066 1132 sanctionis
1098 1093 1460 1146 transgressores
1493 1095 1690 1137 similem

179 1157 284 1185 cum
326 1158 380 1187 eo
421 1145 705 1190 sortianturd
751 1151 1241 1193 excommunicationis
1282 1153 1551 1195 vindictam.
1615 1155 1691 1196 Ibi

131 1213 164 1239 15
178 1203 378 1258 primum
419 1206 660 1263 episcopus
702 1209 1094 1252 circumventume
1134 1225 1181 1254 se
1218 1212 1383 1255 fraude
1417 1213 1689 1256 clericorum

177 1276 364 1306 suorum
396 1265 612 1309 advertit.
677 1267 856 1320 Quibus
889 1270 1057 1312 acriter
1088 1271 1424 1323 insistentibus,
1465 1275 1518 1314 ut
1550 1288 1688 1328 quan-

175 1323 326 1366 tocius
349 1325 620 1381 episcopatu
642 1328 885 1371 abdicatus
908 1330 1192 1381 abscederet,
1227 1346 1332 1373 cum
1354 1332 1486 1374 nulla
1507 1334 1687 1376 ratione

176 1383 444 1428 satisfacere
467 1390 635 1441 posset,
660 1391 1010 1444 assererentque
1032 1390 1117 1432 sub
1139 1391 1470 1434 testificatione
1487 1394 1687 1435 nominis

176 1442 322 1496 divini
353 1445 536 1487 nullum
569 1461 616 1490 se
648 1448 698 1489 in
731 1449 955 1491 aecclesia
986 1464 1101 1505 opus
1124 1450 1214 1493 Dei
1246 1453 1431 1494 acturos
1463 1452 1564 1495 fore
1587 1454 1686 1508 ipso

126 1502 223 1544 20in
263 1517 318 1546 ea
358 1506 648 1560 persistente,
691 1508 895 1551 incertus
938 1510 1249 1565 confususque
1292 1512 1435 1553 animi
1468 1513 1594 1554 misit
1628 1514 1686 1555 ad
1701 1526 1821 1558 (suurn)

174 1563 440 1619 episcopum
471 1566 813 1621 Mogontinum,
854 1570 1128 1611 fidissimum
1170 1570 1258 1612 sibi
1293 1572 1505 1623 amicum,
1549 1587 1686 1627 quem

173 1622 332 1665 multis
355 1638 462 1680 sepe
486 1625 721 1669 beneficiis
743 1629 961 1683 privatim
994 1632 1041 1672 et
1063 1630 1249 1684 publice
1279 1631 1366 1672 sibi
1391 1631 1684 1683 devinxisset,

173 1682 342 1736 quique
374 1685 593 1735 omnium,
628 1701 745 1741 quae
777 1688 827 1729 in
859 1685 1174 1743 adquirendos
1210 1690 1284 1732 vel
1316 1691 1685 1734 administrando

174 1741 445 1797 episcopatu
476 1746 705 1799 gessisset,
741 1748 950 1790 conscius
973 1749 1061 1790 sibi
1084 1750 1405 1804 particepsque
1439 1751 1682 1802 extitisset,

124 1811 160 1838 2⁵
172 1802 456 1856 rogavitque,
496 1806 551 1846 ut
592 1820 729 1860 quam
771 1808 991 1850 citissime
1022 1809 1203 1851 veniret
1236 1812 1283 1851 et
1314 1810 1683 1853 tumultuantem

172 1860 406 1904 intestinis
437 1863 754 1908 simultatibus
788 1867 962 1909 clerum
993 1882 1177 1922 quoquo
1209 1871 1365 1924 posset
1397 1871 1534 1912 modo
1567 1885 1683 1913 com-

172 1924 392 1975 pesceret.
456 1923 547 1966 Ille
588 1925 706 1967 nihil
748 1929 953 1969 moratus
996 1928 1132 1970 affuit
1165 1929 1364 1983 egitque,
1408 1932 1462 1970 ut
1493 1931 1682 1985 rogaba-

170 1981 262 2031 tur,
307 1995 411 2023 cum
454 1983 645 2035 clericis,
688 2000 747 2028 ne
789 1986 926 2028 obliti
966 1988 1155 2043 pudoris
1198 2003 1251 2031 ac
1283 1989 1538 2032 modestiae
1571 2004 1681 2033 suae

170 2039 220 2080 in
261 2041 528 2097 episcopum
575 2058 728 2096 suum,
778 2060 914 2101 quem
955 2050 1145 2102 propter
1186 2048 1338 2090 Deum
1386 2050 1531 2104 patris
1579 2050 1681 2092 loco

123 2110 158 2136 ³0
170 2101 380 2142 venerari
412 2102 692 2156 debuissent,
736 2106 835 2149 sine
877 2121 1015 2149 causa
1047 2109 1412 2160 exardescerent,
1457 2123 1562 2151 cum
1604 2124 1680 2152 eos

169 2163 285 2202 necg
330 2161 455 2204 dicto
500 2177 586 2206 nec
626 2164 766 2217 facto,
810 2167 933 2221 quod
974 2167 1095 2210 iuste
1136 2168 1187 2209 in
1233 2168 1468 2223 querelam
1516 2183 1679 2212 vocare

169 2222 370 2273 possent,
404 2222 552 2264 sciens
574 2228 880 2279 provocasset,
914 2227 988 2269 vel
1011 2227 1196 2282 siquid,
1231 2229 1354 2283 quod
1378 2243 1454 2271 eos
1487 2229 1676 2277 lederet,

167 2278 289 2322 forte
321 2281 493 2324 inscius
522 2284 795 2335 admisisset,
829 2300 877 2328 se
908 2287 1145 2342 cognitore
1179 2290 1318 2342 atque
1346 2288 1520 2330 arbitro
1552 2303 1678 2343 para-

166 2340 242 2380 tus
275 2342 396 2383 esset
426 2343 587 2396 quovis
619 2345 756 2386 modo
789 2346 1057 2390 satisfacere
1090 2348 1299 2398 offensis;
1344 2351 1600 2402 parcerent,
1639 2349 1677 2389 si

120 2408 154 2434 ³⁵
166 2398 318 2441 minus
361 2401 459 2443 eius
499 2402 813 2456 innocentiae,
862 2409 911 2448 at
958 2407 1123 2448 honori
1165 2410 1304 2462 atque
1347 2407 1677 2449 existimationi

166 2455 424 2514 propriaeh,
458 2475 516 2504 ne
549 2463 608 2504 ad
642 2462 1058 2521 contempnendosi
1096 2467 1333 2522 episcopos
1366 2481 1472 2508 suos
1505 2467 1677 2508 caeteri

166 2573 195 2602 8)
214 2573 289 2599 sciat
307 2574 388 2602 BD.
461 2577 491 2608 b)
510 2578 673 2610 prescisum
692 2580 756 2606 132.
819 2582 845 2613 c)
865 2588 969 2607 00111111.
991 2582 1111 2607 omnino
1131 2581 1213 2608 Blb.
1270 2582 1300 2612 d)
1320 2590 1384 2607 cxc.
1405 2583 1574 2607 sorciautxzr
1593 2581 1675 2608 Blb.

165 2608 194 2668 Σ)
206 2608 378 2677 Ιοὶέξῖῑὶξῑοιὲω
396 2611 475 2638 Blt.
533 2614 557 2645 f)
574 2615 689 2646 acquir.
710 2617 790 2642 Bit.
802 2617 828 2643 2.
892 2619 922 2649 g)
941 2625 978 2642 nc
997 2617 1079 2643 Blb.
1155 2618 1186 2649 h)
1206 2619 1310 2650 propie
1329 2619 1356 2643 B
1368 2619 1409 2643 1⁸.
1486 2618 1506 2648 i)
1527 2622 1675 2644 comeum.

117 2735 152 2760 40
168 2727 202 2769 1)
229 2727 299 2761 Nec
324 2728 432 2772 ἷθθαίῐ
454 2733 664 2775 apostolicae
689 2735 781 2770 sedis
806 2736 1006 2778 adfuerunt
1039 2747 1099 2770 nec
1126 2737 1264 2770 litterae
1284 2747 1402 2780 papae
1437 2740 1519 2769 tnnc
1544 2737 1674 2771 allatae

163 2777 247 2807 Sunt
273 2776 336 2818 (cf.
359 2788 398 2821 Ρ.
416 2780 498 2822 206,
525 2791 560 2815 n.
580 2782 631 2823 2),
664 2783 724 2816 sed
748 2783 871 2826 Poppo
900 2785 1132 2826 praepositus
1165 2784 1301 2826 aliique
1331 2784 1450 2817 clerici
1474 2784 1674 2818 Babenber-

163 2831 284 2864 yevwes
300 2823 416 2858 Roma
440 2828 575 2860 reversi
597 2830 808 2864 mandatum
834 2831 994 2874 attulere,
1022 2835 1060 2864 ut
1079 2831 1328 2865 Herimannus
1352 2834 1675 2866 eoecmmmma‘catus

163 2868 364 2914 haberetur,
401 2871 431 2906 si
465 2872 542 2918 ipse
577 2874 623 2909 ad
657 2877 923 2921 suscipiendam
958 2878 1175 2912 sententiam
1211 2877 1353 2913 Romae
1388 2890 1426 2913 se
1460 2890 1533 2913 non
1568 2891 1672 2924 prae-

163 2919 334 2952 sentaret.
