2014 3184
506 221 775 263 LAMPERTI
801 224 1055 261 ANNALES.
1106 223 1153 260 A.
1182 224 1286 259 1076.
1588 221 1660 256 ‘283

148 353 409 411 gratissime
449 351 683 399 utebatur,
727 362 885 390 omnes
927 347 1091 389 castris
1124 345 1282 401 egredi
1313 344 1466 393 iubet;
1510 343 1660 384 missis
1676 339 1779 375 1076.

149 427 330 470 quoque
362 410 677 454 Wormaciam
718 407 900 450 nunciis
942 406 1127 456 milites,
1176 418 1289 459 quos
1330 404 1428 445 illic
1470 402 1661 458 presidii
1672 387 1745 419 ‘⁰⁶²‘
1758 384 1880 417 ²⁶—3¹)
1881 404 1890 412 '

150 487 289 516 causa
321 471 641 520 constituerat,
685 467 932 510 abscedere
964 466 1219 519 urbemque
1253 464 1468 518 episcopo
1501 465 1660 517 patere

150 533 394 590 precipita.
453 530 636 572 Dehinc
669 527 863 570 caeteris
879 526 906 577 1,
940 525 1020 580 qui
1052 525 1111 566 ad
1144 523 1318 566 auxilia
1349 523 1437 564 sibi
1468 522 1663 564 ferenda

120 593 418 648 sfrequentes
459 589 783 637 convenerant,
833 585 1028 640 singulis
1075 585 1125 625 in
1172 598 1253 625 sua
1302 582 1514 631 dimissis,
1563 581 1661 636 ipse

149 653 283 695 iuxta
323 651 589 694 condictum
633 662 738 690 cum
779 646 940 701 paucis
982 645 1164 700 Spiram
1206 642 1461 689 contendit,
1505 641 1661 695 ibique

150 707 301 754 intrab
339 710 562 754 terminos
604 710 651 750 et
683 707 822 762 leges,
866 719 979 760 quas
1021 704 1253 759 principes
1286 701 1660 757 prescripserant‚

153 772 392 826 aliquanto
423 772 632 823 tempore
654 766 950 809 mediocriter
971 765 1115 806 vitam
1138 775 1377 816 moresque
1401 760 1662 803 cohibebat.

297 829 435 872 Suevi
468 830 515 871 et
547 827 762 873 Saxones,
806 827 1064 880 postquam,
1108 822 1279 865 deditis
1318 819 1784 865 Wormaciensi-(xov.)

107 891 252 941 1obus‚
296 891 470 931 statum
513 886 715 929 civitatis
758 885 998 940 episcopo⁰
1039 877 1414 938 pacatissimum‘l
1456 879 1664 922 reddide-

154 951 277 998 runt,
311 949 425 991 laeti
457 949 739 1000 ovantesque
772 944 970 1000 patriam
1003 942 1290 998 repetebant,
1323 940 1664 998 confestimque

152 1005 899 1068 legawss-B-anmraesfflparunt,
944 1003 1022 1058 qui
1055 1016 1222 1057 papam
1259 1001 1326 1042 rei
1358 1001 1516 1055 gestae
1550 999 1666 1040 ordi-

155 1083 262 1112 nem
314 1068 561 1111 edocerent
614 1065 838 1118 enixeque
885 1063 1171 1117 flagitarent,
1221 1063 1274 1102 ut
1322 1059 1537 1102 sedandis
1586 1072 1667 1112 per

156 1128 334 1171 Gallias
365 1127 511 1169 tantis
543 1125 772 1167 bellorum
806 1122 1012 1165 civilium
1053 1119 1412 1175 tempestatibus
1449 1119 1547 1174 ipse
1581 1120 1667 1159 sta-

109 1202 142 1227 15
155 1190 262 1230 tuta
302 1187 377 1229 die
425 1200 555 1228 suam
603 1198 696 1226 non
744 1183 1077 1237 dedignaretur
1123 1182 1329 1235 prestare
1370 1178 1666 1234 presentiam.

154 1248 254 1290 Rex
295 1247 436 1290 etiam
479 1247 605 1287 certo
649 1243 797 1286 sciens
839 1255 1022 1284 omnem
1064 1255 1194 1282 suam
1231 1240 1281 1280 in
1314 1253 1366 1281 00
1399 1238 1518 1280 verti
1551 1237 1780 1283 salu-(Dec.)

156 1310 265 1358 tem,
309 1306 347 1348 si
389 1307 497 1347 ante
536 1302 896 1346 anniversariam
930 1301 1052 1343 diem
1085 1298 1561 1342 excommunicatione
1595 1297 1668 1338 ab-

26 1382 72 1416 ⁸1>-
83 1383 144 1410 255.
158 1367 426 1417 solveretur,
469 1378 554 1407 nec
596 1363 708 1405 satis
749 1364 906 1403 tutum
939 1357 1051 1402 *suis
1091 1359 1352 1401 rationibus
1385 1357 1666 1407 existimans,

157 1429 211 1468 ut
253 1427 497 1482 expectato
538 1424 688 1465 intrae
729 1421 907 1463 Gallias
938 1419 1137 1462 Romani
1179 1418 1412 1474 pontificis
1451 1418 1667 1467 adventu,

110 1501 146 1526 20
159 1487 223 1529 sic
263 1486 437 1528 infesto
478 1483 635 1532 iudici,
685 1483 749 1524 sic
792 1481 1040 1523 obstinatis
1088 1478 1435 1521 accusatoribus
1484 1491 1670 1518 causam

159 1541 318 1588 suamf
345 1544 583 1586 addiceret
608 1542 940 1591 ventilandam,
976 1540 1204 1595 optimum
1237 1539 1399 1579 factug
1436 1537 1523 1578 sibi
1555 1536 1670 1577 iudi-

161 1605 283 1648 cavit
324 1619 406 1660 pro
449 1618 503 1646 eo
544 1605 645 1644 tum
687 1603 814 1642 statu
855 1615 1009 1642 rerum
1052 1613 1251 1648 suarum⁷
1301 1599 1354 1638 ut
1403 1597 1451 1638 in
1494 1595 1671 1638 Gallias

161 1663 473 1720 proficiscenti
503 1663 712 1704 Romano
755 1660 965 1715 pontifici
997 1659 1147 1700 intrae
1188 1657 1376 1698 Italiam
1410 1658 1671 1698 occurreret

163 1727 209 1767 et
242 1722 554 1765 anathematis
587 1720 927 1762 absolutionem
961 1732 1144 1772 quoquo
1177 1718 1331 1771 posset
1365 1716 1501 1757 modo
1534 1715 1671 1769 impe-

115 1798 149 1823 25
161 1786 286 1825 trare
319 1784 587 1831 conaretur;
626 1781 713 1821 hac
746 1780 1007 1834 impetrata,
1043 1779 1271 1819 caeteram
1305 1775 1442 1817 rebus
1476 1773 1672 1815 difficul-

163 1845 310 1885 tatem
342 1841 481 1883 facile
524 1839 836 1888 adimendam,
882 1832 1013 1879 cum¹¹
1053 1836 1255 1890 colloqui
1296 1834 1583 1890 principibus
1626 1835 1673 1875 et

165 1903 375 1945 conferre
418 1900 611 1943 consilia
652 1901 698 1941 et
740 1899 877 1940 fidem
912 1897 1164 1938 amicorum
1197 1896 1246 1936 in
1279 1895 1481 1936 adversis
1514 1893 1674 1948 implo-

165 1976 266 2004 rare
308 1960 439 2002 nulla
480 1960 697 2014 deinceps
730 1959 908 2000 vetaret
949 1956 1126 2010 religio.
1191 1954 1356 1996 Paucis
1389 1954 1534 2008 igitur
1567 1955 1675 1994 ante

166 2016 392 2063 natalemi
436 2019 626 2061 Domini
668 2018 830 2060 diebus
873 2015 1078 2071 Spirensi
1125 2015 1239 2056 urbe
1288 2014 1528 2055 discedens
1571 2027 1675 2054 cum
1689 2027 1871 2059 (c.Dec.20).

119 2096 153 2121 30
167 2094 308 2122 uxore
342 2082 388 2122 et
421 2079 517 2121 filio
549 2077 741 2134 parvulo
773 2077 862 2118 iter
895 2070 1168 2130 adgressusk
1199 2076 1281 2124 est,
1316 2087 1400 2115 nec
1434 2073 1676 2127 quisquam

169 2155 222 2183 ex
256 2139 469 2182 omnibus
491 2137 758 2180 Teutonicis
789 2137 860 2178 vir
891 2136 1121 2190 ingenuus
1155 2134 1403 2176 comitatus
1437 2135 1506 2175 est
1534 2145 1676 2186 regno

168 2200 467 2242 excedentem
499 2200 655 2253 preter
685 2211 829 2238 unum
873 2198 919 2238 et
960 2195 1108 2250 ipsum
1150 2208 1234 2236 nec
1268 2207 1435 2248 genere
1468 2206 1551 2233 nec
1586 2192 1678 2246 opi-

168 2260 253 2302 bus
296 2258 595 2313 conspicuum
610 2258 637 2297 ².
703 2256 910 2310 Cumque
951 2254 1171 2309 impensis
1208 2256 1304 2294 tam
1337 2252 1466 2306 longi
1498 2251 1678 2292 itineris

169 2321 325 2374 egeret
356 2317 608 2371 multisque
641 2315 938 2371 supplicaret,
973 2314 1140 2369 quibus
1171 2312 1394 2354 incolumi
1419 2326 1467 2353 re
1491 2310 1679 2365 publica

123 2393 156 2419 35
170 2391 470 2433 sepenumero
512 2376 765 2431 profuerat,
815 2374 951 2430 pauci
993 2373 1242 2415 admodum
1285 2374 1429 2421 erant,
1481 2370 1558 2424 qui
1606 2369 1678 2411 vel

169 2440 378 2480 veterum
410 2436 735 2478 beneficiorum
777 2434 998 2476 memoria
1029 2433 1103 2475 vel
1136 2431 1339 2487 presenti
1372 2431 1679 2471 humanarum

171 2510 325 2539 rerum
357 2495 623 2551 spectaculo
646 2494 844 2550 permoti
875 2493 1200 2535 necessitatem
1228 2491 1326 2533 eius
1353 2483 1670 2544 aliquatenus¹

173 2625 203 2653 a)
221 2623 356 2655 precepit
374 2623 471 2650 BL2.
554 2622 586 2655 b)
604 2623 682 2648 inter
701 2623 762 2649 Bl.
849 2623 875 2652 e)
894 2629 948 2647 om.
970 2621 995 2645 B
1008 2618 1050 2647 lb.
1124 2619 1154 2649 d)
1174 2619 1398 2650 paucissimum
1420 2617 1445 2642 B
1457 2618 1480 2642 1.
1555 2618 1582 2646 e)
1602 2615 1682 2640 inter

174 2658 254 2685 ΒΗ).
317 2659 341 2688 f)
359 2666 414 2685 om.
434 2658 531 2686 131.2.
591 2660 621 2690 g)
641 2659 720 2684 facto
734 2660 802 2690 pos!
821 2665 897 2685 corr.
917 2658 999 2682 factu
1021 2656 1079 2683 132.
1143 2655 1174 2685 h)
1195 2662 1261 2679 eum
1282 2656 1307 2679 A
1321 2656 1343 2681 1,
1407 2654 1427 2683 i)
1447 2653 1487 2677 sic
1507 2659 1604 2677 omnes
1623 2651 1649 2678 h.
1664 2651 1683 2679 l.

126 2693 162 2718 40
175 2694 206 2727 k)
226 2700 310 2726 aggr.
330 2694 426 2721 Bl.2.
500 2694 521 2725 l)
540 2693 728 2726 aliquoteuus
750 2694 830 2719 151¹.

177 2803 212 2843 l)
238 2801 339 2834 Inter
364 2799 427 2834 hos
450 2803 613 2842 caeteros,
640 2811 728 2844 quos
744 2800 871 2843 Lamp.
899 2801 993 2832 inter
1011 2798 1330 2832 excormmcnicatos
1356 2806 1530 2829 recense-re
1554 2795 1681 2835 uoluit,

175 2849 333 2882 abbatem
359 2847 646 2888 Hersfeldensem
680 2848 795 2889 fuisse
828 2848 970 2881 conicio.
1024 2846 1077 2887 Cf.
1115 2846 1172 2880 ιΝ.
1199 2844 1353 2878 Ανοὴι“ι”
1388 2843 1503 2886 XIX,
1535 2854 1574 2886 p.
1605 2844 1683 2877 198.

176 2898 212 2936 2)
237 2896 292 2937 Cf.
321 2896 424 2936 infra
446 2906 483 2939 p.
506 2895 587 2938 285,
614 2905 648 2930 n.
667 2896 700 2930 5.
