2046 3190
335 242 405 276 200
701 236 970 273 LAMPERTI
995 235 1250 271 ANNALES.
1299 235 1346 272 A.
1375 237 1477 273 1074.

220 363 321 398 1074-
337 362 409 413 sit,
445 360 736 403 decernendi.
789 360 863 402 Ad
895 359 1113 400 ultimum
1146 360 1426 413 congregata
1458 358 1647 400 sinodoa
1678 358 1728 400 in
1759 358 1837 400 Er-

262 410 577 476 ⁰⁰‘'phesfurt¹'
625 433 779 462 mense
823 418 1013 461 Octobri
1059 418 1259 473 pressius
1305 417 1397 459 iam
1443 417 1734 470 imminebat,
1782 420 1836 460 ut

335 481 542 535 relegata
573 479 699 521 omni
730 478 1111 533 tergiversatione
1142 477 1529 532 inpresentiarum
1570 479 1652 519 aut
1685 477 1836 519 coniu-

335 540 463 595 gium
504 539 771 581 abiurarent
813 540 893 579 aut
935 537 1052 579 sacri
1093 537 1252 578 altaris
1291 536 1545 578 ministerio
1578 550 1624 579 se
1657 537 1836 579 abdica-

334 601 439 641 rent
454 599 481 639 1.
544 598 718 639 Multas
751 599 939 639 econtra
970 596 1041 638 illi
1072 596 1279 638 raciones
1316 596 1626 647 asserebantss,
1669 596 1866 651 quibus5

334 658 552 699 instantis
596 657 977 712 perurgentisque
1023 655 1368 711 improbitatem
1421 655 1606 698 eludere
1658 658 1836 698 senten-

335 718 539 772 tiamque
572 730 749 759 cassare
782 716 1056 758 niterentur.
1120 714 1326 768 Cumque
1368 715 1584 756 adversus
1622 714 1836 769 apostoli-

336 791 415 819 cae
449 777 568 819 sedis
601 775 940 825 auctoritatem,
983 788 1074 828 qua
1115 788 1161 816 se
1193 774 1273 816 ille
1306 774 1365 815 ad
1397 774 1516 815 hanc
1549 774 1836 816 exactionem

335 838 490 891 preter
510 835 799 877 voluntatem
822 834 1061 889 propriam·
1076 833 1364 888 compulsum
1386 833 1683 884 obtendebat,
1716 833 1836 875 nihil

335 898 620 950 argumenta,
663 894 782 935 nihil
823 893 1184 948 supplicationes
1225 889 1500 947 precesqued
1537 893 1832 947 proficerent:
1851 907 1884 932 10

336 955 506 1010 egressi
538 956 759 1008 tanquam
792 954 851 994 ad
884 952 1254 1002 consultandum,
1289 951 1532 994 consilium
1562 952 1739 1003 ineunt,
1781 954 1836 993 ut

333 1015 382 1054 in
424 1014 662 1055 sinodume
702 1027 795 1054 non
835 1013 1040 1062 redeant,
1085 1012 1164 1054 sed
1205 1011 1368 1052 iniussi
1399 1025 1556 1053 omnes
1595 1011 1645 1052 in
1676 1011 1835 1054 domos

334 1087 439 1114 suas
472 1073 725 1115 discedant.
789 1071 1016 1114 Nonnulli
1049 1071 1189 1113 etiam
1222 1071 1426 1112 confusis
1457 1071 1646 1113 vocibus
1684 1070 1835 1113 clami-

333 1133 498 1175 tabant
530 1132 694 1174 melius
727 1132 814 1173 sibi
835 1131 992 1181 videri,
1027 1133 1080 1172 ut
1111 1131 1160 1171 in
1192 1126 1433 1172 sinodumf
1459 1130 1654 1185 regressi
1684 1130 1835 1185 ipsum

334 1192 618 1247 episcopum,
663 1191 928 1246 priusquam
970 1190 1274 1232 execrabilem
1315 1190 1586 1232 adversumg
1622 1203 1698 1232 eos
1739 1203 1835 1232 sen-
1850 1203 1883 1230 15

333 1251 528 1293 tentiam
562 1251 888 1306 promulgaret,
924 1250 1146 1291 cathedra
1177 1249 1427 1304 episcopali
1454 1249 1755 1291 deturbarent
1787 1250 1834 1291 et

333 1311 498 1352 merita
530 1312 676 1351 morte
709 1304 937 1350 multatoh
963 1309 1143 1363 insigne
1170 1309 1505 1350 monimentum
1537 1309 1596 1350 ad
1627 1310 1834 1363 posteros

333 1370 716 1419 transmitterent,
751 1383 808 1410 ne
835 1369 936 1422 quis
970 1368 1184 1423 deinceps
1217 1381 1529 1409 successorum
1562 1367 1659 1410 eius
1691 1367 1833 1409 talem

334 1428 610 1470 sacerdotali
651 1428 826 1470 nomini
868 1427 1146 1469 calumniam
1179 1428 1355 1468 struere
1387 1428 1652 1481 temptaret.
1716 1425 1833 1468 Cum

334 1489 392 1529 ad
425 1488 690 1542 episcopum
722 1487 920 1529 relatum
953 1488 1072 1528 esset
1105 1487 1191 1528 hoc
1225 1500 1301 1528 eos
1333 1486 1600 1536 machinari,
1641 1499 1881 1527 commo-20

334 1547 459 1588 nitus
492 1562 518 1588 a
551 1547 656 1596 suis,
690 1548 743 1587 ut
775 1546 1043 1596 tumultum,
1078 1546 1157 1599 qui
1189 1545 1435 1596 oriebatur,
1470 1547 1652 1586 matura
1683 1545 1832 1587 mode-

333 1606 512 1648 ratione
554 1608 854 1661 preverteret,
898 1605 1024 1646 misit
1065 1605 1124 1646 ad
1165 1618 1241 1646 eos
1282 1605 1407 1646 foras
1447 1605 1736 1659 rogavitque,
1779 1606 1833 1646 ut

334 1666 494 1708 sedato
526 1667 711 1720 pectore
744 1666 792 1706 in
825 1665 1063 1706 sinodume
1102 1664 1477 1719 regrederentur;
1517 1678 1576 1715 se,
1611 1677 1715 1705 cum
1747 1663 1833 1719 pri-

333 1740 459 1766 mum
500 1725 791 1779 oportunitas
833 1724 1071 1774 arrisisset,
1114 1724 1307 1766 Romam
1341 1723 1593 1765 missurum
1632 1725 1679 1765 et
1711 1723 1832 1765 dom-

332 1780 466 1825 numi
499 1784 815 1839 apostolicum,
851 1784 888 1824 si
921 1798 1010 1838 qua
1041 1785 1195 1838 posset
1226 1783 1423 1834 racione,
1457 1783 1514 1824 ab
1541 1783 1628 1824 hac
1655 1783 1880 1825 senten-25

332 1844 426 1886 tiae
473 1844 746 1886 austeritate
788 1844 1109 1885 deducturum.
1172 1843 1363 1884 Postero
1405 1842 1479 1884 die
1527 1842 1737 1884 admissis
1782 1841 1832 1883 in

334 1899 645 1944 auditoriumk
672 1903 977 1945 communiter
1009 1902 1138 1943 laicis
1172 1903 1218 1944 et
1251 1902 1440 1952 clericis,
1474 1903 1675 1943 veterem
1701 1901 1831 1942 illam

333 1962 389 2003 de
430 1963 676 2004 reddendis
719 1962 907 2003 decimis
949 1961 1182 2015 querelam
1222 1961 1429 2015 replicat,
1473 1962 1520 2002 et
1552 1960 1682 2014 quasi
1713 1959 1831 2002 nihil

333 2020 455 2062 bello
504 2021 740 2072 Saxonico,
790 2021 909 2061 nihil
957 2023 1112 2062 actum
1160 2021 1220 2062 sit
1268 2020 1622 2071 conditionibus,
1665 2019 1831 2074 quibus

332 2079 471 2134 paulo
504 2080 712 2134 superius
743 2080 793 2120 in
825 2075 1134 2134 Grerstingunl
1174 2094 1264 2134 pax
1296 2081 1585 2130 convenerat,
1629 2079 1686 2120 de
1717 2079 1879 2121 inte-30

332 2153 414 2193 gro
455 2138 719 2193 Turingosm
760 2152 916 2180 omnes
964 2139 1020 2180 de
1061 2139 1260 2179 iniusta1¹
1307 2139 1588 2180 decimarum
1634 2139 1831 2180 retenta-

331 2198 485 2239 tione⁰
514 2211 614 2240 reos
647 2197 859 2239 addicere
892 2197 1093 2247 molitur,
1128 2211 1211 2238 nec
1244 2197 1470 2251 recogitat
1503 2197 1622 2238 hanc
1645 2210 1831 2238 causam

332 2257 555 2312 originem
582 2257 966 2310 seminariumque
993 2256 1199 2297 extitisse
1231 2256 1436 2296 omnium
1469 2256 1786 2297 calamitatum
1800 2255 1827 2305 ²,

333 2317 498 2371 quibus
530 2331 612 2371 per
633 2316 788 2371 plures
819 2316 911 2356 iam
938 2329 1081 2356 annos
1103 2329 1174 2356 res
1196 2315 1382 2369 publica
1413 2314 1829 2356 incommodissime

331 2431 361 2466 a)
385 2440 452 2466 syn.
472 2432 535 2457 Al.
555 2432 635 2457 131⁸.
645 2430 691 2458 δῖ).
782 2431 812 2462 b)
840 2430 1019 2462 Erpesfurht
1044 2430 1111 2462 2113
1142 2429 1333 2462 erphesfurdt
1355 2428 1438 2455 Blb.
1524 2428 1552 2462 c)
1580 2428 1747 2454 afferebant
1764 2429 1828 2454 ΒΞ.
1843 2432 1878 2459 35

332 2467 362 2499 d)
382 2475 486 2500 preces
505 2467 586 2494 1331).
660 2466 688 2500 e)
707 2474 772 2500 syn.
793 2465 987 2492 A1.131.3b.
1061 2465 1084 2498 f)
1103 2473 1168 2498 syn.
1188 2466 1251 2491 Al.
1273 2464 1408 2490 1312.3b.
1488 2463 1518 2497 g)
1538 2463 1683 2490 aduersus
1702 2465 1768 2490 ΒΞ.
1790 2464 1828 2490 N.

331 2504 363 2535 h)
381 2505 524 2529 mulctato
545 2504 608 2530 Al.
628 2503 692 2528 ΒΞ.
778 2503 799 2534 i)
818 2502 968 2527 dominum
989 2501 1051 2526 Al.
1072 2501 1143 2534 1313
1164 2499 1233 2526 (lx-im
1253 2501 1315 2526 132.
1408 2498 1440 2533 k)
1459 2500 1637 2525 adiutorium
1657 2500 1740 2533 B1⁸;
1761 2500 1830 2525 audi

331 2547 345 2564 e
364 2547 440 2565 corr.
460 2538 542 2564 Blb.
613 2537 633 2572 l)
654 2538 836 2570 Gerstingim
854 2537 940 2569 B1b;
962 2537 1156 2569 Gerstungun
1175 2537 1237 2562 ΒΞ.
1294 2538 1333 2567 m)
1353 2536 1446 2562 Thur.
1466 2536 1546 2561 131⁸.
1557 2536 1583 2561 2.
1596 2535 1647 2569 δὺς
1668 2535 1830 2568 Thuringis

330 2575 357 2599 B
368 2574 411 2600 lb.
486 2574 518 2608 n)
538 2574 605 2600 dein
622 2575 701 2600 iusta
719 2574 746 2598 B
757 2572 800 2599 lb.
874 2573 903 2606 o)
923 2572 1096 2599 detencione
1115 2573 1178 2598 ΒΞ.

332 2657 367 2701 1)
394 2658 504 2691 Valde
528 2658 662 2691 mirum
686 2661 746 2701 est,
782 2657 876 2700 quod
900 2656 1106 2699 Siyefridus
1132 2655 1204 2688 iam
1230 2665 1264 2689 a.
1285 2656 1388 2690 1074.
1414 2654 1455 2687 de
1479 2654 1664 2688 connubiis
1687 2654 1829 2687 clerieo·
1842 2664 1878 2688 40

330 2715 413 2737 rum
438 2706 612 2739 solvendis
635 2709 806 2739 tractasse
829 2705 984 2747 dicatur,
1010 2714 1088 2736 cum
1113 2703 1286 2736 decretum
1310 2702 1351 2735 de
1376 2703 1589 2735 continentia
1623 2702 1829 2735 clericorum

330 2752 469 2785 demum
493 2764 527 2787 a.
549 2753 650 2788 1075.
677 2754 717 2785 in
745 2752 942 2785 Germania
963 2750 1233 2795 promulyatum
1258 2751 1316 2791 sit,
1346 2759 1490 2792 cumque
1514 2749 1580 2782 hae
1605 2750 1646 2782 de
1670 2759 1710 2782 re
1733 2749 1831 2782 nihil

330 2800 370 2831 in
394 2800 552 2842 epistolis
569 2800 760 2842 Siyefridi,
787 2799 885 2832 nihil
906 2800 946 2832 in
970 2797 1125 2841 epistolis
1152 2797 1322 2839 Greyorii
1339 2796 1421 2831 VII.
1448 2797 1598 2839 leyatur.
1641 2796 1766 2830 Potius
1789 2797 1829 2829 in

329 2846 461 2887 synodo
494 2857 527 2881 a.
557 2848 661 2882 1075.
698 2846 767 2881 Oct.
794 2847 977 2889 celebrata,
1014 2846 1055 2879 de
1083 2855 1155 2887 qua
1180 2845 1286 2886 infra
1309 2854 1348 2886 p.
1367 2845 1437 2879 226
1453 2854 1504 2886 sq.
1531 2843 1658 2887 Lamp.
1692 2842 1825 2886 retulit,

329 2892 413 2925 haec
436 2897 515 2926 acta
539 2904 609 2927 esse
632 2894 816 2929 crederem.
914 2894 950 2936 2)
975 2893 1033 2934 Cf.
1062 2892 1117 2927 ‘N.
1144 2891 1296 2924 Archiv'
1322 2891 1430 2933 XIX,
1457 2901 1496 2934 p.
1519 2891 1585 2926 186
1602 2901 1652 2933 sq.
1841 2899 1876 2924 45
