2014 3184
577 285 741 327 INDEX
765 272 1118 320 LOGUTIONUM.
1533 259 1604 295 465

101 427 195 463 haee
218 419 355 468 legatio
390 417 472 459 152,
485 425 532 451 20.
568 429 611 437 -
647 406 751 453 Quae
784 403 834 438 le·
883 397 985 445 gotio
1010 391 1282 440 permotus3
1312 385 1389 419 Cat.
1415 382 1474 418 51.
1499 387 1611 423 quem

104 472 207 522 gotio
229 477 357 515 reg-sm
381 461 622 500 vehementer
651 449 838 500 permovit
885 457 944 482 res
967 445 1072 479 tanta
1103 469 1111 477 .
1139 465 1148 474 .
1175 464 1184 473 .
1215 446 1291 471 non
1314 427 1520 478 permovit,
1553 426 1610 462 50.

105 523 191 566 252,
205 529 235 556 5.
260 536 306 543 --
330 509 584 551 Vehementer
606 503 699 540 haec
722 497 838 534 verba
886 492 1076 540 permotus
1101 484 1275 522 oratione.

107 563 372 616 permoverunt
397 587 405 596 .
424 584 433 593 .
453 586 461 594 .
487 555 600 592 duces
627 551 767 592 167‚10.
794 564 839 570 —-

109 615 216 653 Haec
250 618 359 648 causa
394 635 402 643 .
435 631 444 640 .
472 630 480 639 .
514 598 699 648 principes
731 592 842 629 vehe-

111 664 257 701 menter
280 653 515 705 permoverat
538 649 622 691 258,
635 656 663 682 5.
692 663 734 668 -
761 639 844 676 Rex

113 711 265 756 accepto
289 702 426 741 nuncio
460 696 622 746 graviter
655 690 845 738 permotus

118 761 200 802 107,
215 767 261 793 ιο.

164 805 228 842 ine
254 796 454 838 immobilis
477 785 787 840 persistebat
809 781 849 816 in

119 849 302 891 sententia
327 848 408 889 129,
421 855 467 881 ao.
498 861 544 867 —
569 834 682 874 defixi
705 833 745 868 in
769 840 850 866 sen·

119 899 237 938 tentia
268 893 506 943 persistentes
535 887 619 929 224,
633 894 679 920 25.
709 901 750 905 —
777 875 852 914 Sed

121 947 228 986 brevi
250 940 411 992 perstitit
434 939 474 974 in
497 931 687 982 proposito
714 929 852 970 139,15.

126 1017 171 1024 -—
202 994 314 1031 abbas
346 1018 355 1027 .
383 1017 391 1025 .
419 1015 427 1023 .
462 982 666 1020 obstinatus
697 976 737 1011 in
770 983 855 1019 pro-

125 1043 246 1092 posito
281 1034 445 1086 perstitit
483 1033 568 1074 144,
592 1038 637 1064 15.
677 1045 720 1050 -
761 1020 857 1056 fixus

129 1090 406 1130 obstinatusque
441 1075 661 1127 persistebat
697 1071 736 1106 in
772 1078 858 1115 pro·
959 1062 1066 1104 Very.
1092 1058 1181 1092 Aen.
1207 1053 1264 1094 II,
1291 1051 1371 1087 650.
1399 1043 1503 1081 Talia
1526 1051 1634 1087 per-

90 1186 94 1187 ⁷
128 1138 250 1224 {sito
289 1136 371 1178 181,
394 1141 440 1167 io.
480 1147 522 1153 —-
564 1119 760 1160 Perstabat
799 1115 860 1150 hic
909 1109 1074 1146 stabat
1095 1109 1302 1139 memorans
1324 1095 1491 1138 fixusque
1512 1098 1637 1124 mane-

183 1197 227 1222 us
250 1184 290 1219 in
313 1177 504 1228 proposito
531 1174 612 1215 196,
627 1180 672 1206 35.
909 1160 985 1195 bat.

181 1243 266 1270 cum
282 1227 407 1266 omnia
421 1223 524 1271 prius
547 1221 731 1255 incassum
754 1224 780 1258 p
791 1223 811 1247 e
822 1221 864 1244 r-

135 1275 437 1325 temptasset
469 1266 631 1317 pericula
666 1264 788 1304 180‚1.
819 1277 865 1284 —-

138 1341 223 1367 cum
256 1323 381 1362 omnia
411 1313 648 1356 deliberando
681 1310 867 1356 pertemp-

137 1377 278 1414 tassent
300 1373 425 1415 234,1.
453 1386 495 1392 —-
523 1363 660 1400 Omnes
676 1357 765 1400 vias,
790 1364 869 1389 om-

139 1426 203 1462 nia
234 1421 336 1469 prius
360 1414 512 1454 consilia
543 1403 872 1457 pertemptavimus

77 1515 79 1517 ,
142 1475 226 1517 279,
239 1481 286 1508 zo.
314 1487 356 1494 -—
383 1467 652 1510 quamcumque
667 1454 766 1489 viam
790 1459 872 1495 per-

143 1516 386 1565 temptassent
410 1513 493 1554 213,
507 1518 552 1545 35.
590 1524 634 1531 —-
661 1507 874 1546 quamcum-

146 1579 218 1615 que
249 1565 349 1600 viam
381 1555 623 1603 temptassent
659 1551 738 1592 122,
756 1557 802 1583 2ο.
830 1563 873 1569 -

147 1626 217 1652 nec
243 1642 251 1650 .
276 1640 285 1649 .
312 1638 321 1648 .
346 1608 462 1644 ullam
485 1596 757 1646 recuperandae
782 1592 877 1628 salu-

149 1664 197 1700 tis
220 1661 319 1696 viam
335 1655 517 1700 temptare
543 1647 711 1684 sinebant
735 1643 818 1684 259,
832 1650 878 1675 2ο.

200 1707 340 1744 falsitas
355 1702 554 1738 verborum
574 1689 795 1742 phaleris
818 1685 880 1722 ad-

155 1758 286 1794 ornata
309 1754 392 1795 296,
406 1759 452 1786 15.

203 1802 368 1840 Noverat
391 1808 459 1832 rex
488 1794 579 1829 haut
608 1787 695 1825 satis
728 1781 883 1831 placi-

157 1857 321 1889 turum
344 1842 572 1893 principibus
599 1866 607 1875 .
633 1865 641 1873 .
663 1864 671 1873 .
698 1831 798 1879 quod
821 1856 830 1865 .
849 1857 858 1866 .
877 1855 886 1865 .

158 1901 297 1937 factum
314 1895 442 1931 fuisset
465 1891 584 1932 119,1.
611 1904 654 1911 —-
680 1893 747 1917 rex
771 1877 888 1914 sciens

159 1949 252 1984 haut
274 1945 369 1980 bene
398 1938 579 1986 placitura
611 1961 619 1969 .
647 1961 655 1968 .
682 1959 690 1967 .
724 1924 891 1974 pontifici

163 2005 258 2042 quae
281 1994 389 2039 gesta*
407 1985 555 2023 fuerant
581 1981 662 2023 114,
676 1988 722 2014 25.

212 2041 329 2078 multa
363 2031 566 2081 largiendo,
602 2027 711 2073 plura
746 2019 892 2068 polli-

167 2087 321 2127 cendo
358 2085 439 2127 158,
462 2092 507 2117 15.
543 2097 587 2103 —-
625 2083 724 2109 nunc
757 2067 894 2114 suppli-

168 2136 296 2180 cando,
326 2142 424 2168 nunc
449 2122 656 2174 pollicendo
684 2121 764 2163 189,
778 2127 823 2153 35.
852 2134 894 2140 —-

170 2184 293 2222 Multa
310 2182 350 2216 in
365 2186 516 2225 presens
531 2169 767 2217 largiebatur,
791 2163 900 2209 plura

171 2235 210 2269 in
235 2231 403 2266 futurum
425 2220 670 2270 pollicebatur
702 2215 784 2258 202,
800 2223 827 2247 1.
855 2228 898 2235 —-

173 2280 340 2322 Cumque
378 2271 471 2308 nihil
511 2261 768 2313 supplicando,
809 2255 903 2293 nihil

174 2324 370 2375 pecuniam
395 2315 595 2359 offerendo,
620 2310 715 2347 nihil
740 2318 805 2343 sua
831 2331 839 2340 .
865 2333 872 2340 .
895 2331 902 2339 .

178 2385 267 2421 erga
289 2372 411 2417 ipsum
435 2375 562 2412 regem
589 2390 597 2398 .
617 2389 624 2397 .
644 2386 653 2395 .
678 2356 794 2392 multa
819 2362 905 2397 sepe

177 2423 272 2458 bene
306 2416 438 2454 merita
466 2403 788 2449 commemorando
822 2410 906 2445 pro-

179 2469 334 2506 ficerent
359 2465 494 2507 149‚1o.
519 2478 564 2484 —
590 2454 707 2491 multa
732 2461 797 2486 sua
821 2457 909 2492 erga

183 2528 246 2554 eos
260 2516 300 2550 in
315 2509 535 2559 preteritum
551 2505 646 2540 bene
662 2498 795 2535 merita
812 2505 909 2530 com·

183 2571 402 2604 memoram,
426 2557 533 2603 plura
557 2553 596 2587 in
615 2550 781 2585 futurum
805 2540 911 2588 polli-

187 2622 273 2648 cens
298 2610 379 2652 175,
394 2617 438 2643 10.
470 2622 512 2629 -—
538 2596 703 2644 ingentia
727 2593 778 2629 eis
802 2591 912 2626 bene·
1010 2581 1088 2615 Ltv.
1103 2577 1134 2617 Ι,
1148 2575 1206 2615 47,
1221 2574 1255 2607 7.
1273 2569 1318 2603 de
1337 2577 1375 2601 se
1400 2558 1564 2606 ingentia
1580 2554 1687 2601 polli-

187 2659 271 2695 ficia
292 2653 508 2702 pollicentes
535 2650 616 2691 159,
629 2655 656 2681 5.
938 2647 941 2671 ι
963 2626 1090 2665 cendo-

236 2701 398 2751 portis
432 2698 543 2734 etiam
577 2689 763 2728 interdum
797 2693 916 2720 erum·
939 2674 942 2709 1
1021 2675 1099 2708 Liv.
1141 2663 1332 2703 XXVIII,
1373 2661 1430 2695 22.
1481 2649 1692 2698 patentibus

977 1631 1078 1676 Sulp.
1114 1628 1189 1662 Sev.
1226 1621 1326 1657 Dial.
1361 1619 1385 1652 Ι
1387 1644 1397 1662 ,
1433 1617 1492 1652 27.
1529 1612 1655 1646 inanes

930 1686 1141 1717 sermonum
1181 1669 1410 1718 phaleras
1451 1664 1489 1698 et
1526 1658 1656 1694 verbo-

930 1739 1014 1764 rum
1040 1721 1266 1760 ornamenta.

981 1774 1085 1818 Sulp.
1121 1771 1195 1805 Sev.
1230 1763 1328 1800 Dial.
1355 1760 1434 1802 III,
1463 1758 1518 1794 11.
1553 1752 1660 1788 Haec

934 1829 1168 1868 nequaquam
1208 1810 1458 1860 placitura
1498 1799 1662 1838 Martino

937 1867 1099 1917 episcopi
1123 1861 1340 1900 sentiebant.

991 2011 1081 2047 Sall.
1108 2009 1186 2043 Cat.
1203 2005 1261 2041 38.
1287 1999 1371 2036 dein
1396 1990 1589 2040 largiundo
1615 1990 1667 2022 at·

945 2066 1016 2107 que
1040 2050 1278 2104 pollicitando
1309 2044 1424 2091 magis
1454 2037 1670 2076 incendere3

944 2111 1004 2146 26.
1037 2111 1067 2140 et
1093 2105 1172 2147 luy.
1198 2102 1256 2136 23.
1282 2098 1340 2132 46.
1374 2090 1492 2127 multa
1525 2082 1670 2131 polli-

948 2153 1121 2194 cendo,
1156 2150 1237 2191 Iuy.
1264 2146 1319 2181 16.
1354 2137 1475 2174 dando
1501 2138 1538 2170 et
1568 2129 1673 2177 polli-

950 2202 1066 2240 cendo
1107 2197 1224 2233 multa
1263 2187 1437 2237 perfecit3
1478 2185 1535 2219 49.
1578 2189 1674 2213 com-

950 2248 1182 2287 monefacere
1205 2237 1373 2276 beneficii
1399 2233 1453 2268 sui
1481 2260 1487 2266 .
1515 2258 1521 2265 .
1544 2257 1551 2263 .
1578 2228 1675 2271 post-

952 2308 1054 2335 remo
1088 2304 1156 2339 pro
1187 2289 1362 2330 cuiusque
1396 2277 1541 2324 ingenio
1573 2271 1677 2318 polli-

954 2344 1082 2387 cendo,
1108 2334 1322 2375 minitando.

190 2764 279 2800 pere
314 2777 322 2786 .
350 2778 358 2787 .
386 2777 394 2785 .
426 2745 564 2782 audent
588 2742 646 2783 95,
660 2750 687 2774 5.
724 2755 769 2761 ——
804 2728 919 2776 portis
967 2719 1127 2769 portis
1153 2742 1161 2750 .
1181 2743 1188 2751 .
1210 2742 1216 2749 .
1243 2706 1460 2751 erumpunt3
1491 2698 1615 2739 XXV,
1633 2697 1691 2732 28.

192 2797 440 2848 prorumpunt
463 2794 546 2835 218,
559 2799 605 2826 25.
968 2767 1153 2816 patefacta
1176 2761 1326 2804 repente
1351 2755 1458 2799 porta
1483 2776 1492 2785 .
1513 2775 1520 2783 .
1540 2775 1547 2782 .
1574 2754 1694 2779 erum-

970 2818 1042 2863 pit,
1077 2818 1136 2847 etc.
1172 2828 1216 2834 —-
1255 2804 1343 2840 Sall.
1379 2800 1457 2842 luy.
1488 2797 1544 2832 99.
1580 2789 1695 2837 portis

973 2869 1176 2905 erumpere.
1213 2873 1254 2879 ——
1297 2851 1380 2884 Tac.
1416 2846 1511 2880 Hist.
1544 2841 1610 2883 IV,
1638 2839 1694 2874 34.

947 2880 953 2957 i
974 2909 1089 2958 portis
1112 2899 1368 2951 prorumpunt.

1367 2967 1415 3002 30
