2014 3184
394 199 466 234 444

393 316 490 351 vitae
515 316 788 352 institucionem
813 317 886 352 iam
912 319 996 353 ante
1022 329 1122 354 com-

391 367 564 408 pererant
601 367 681 409 314,
696 376 741 401 20.
782 385 824 390 --
863 365 958 400 vitae
994 377 1121 401 eorum

390 411 659 446 institutionem
685 412 854 457 exposuit
877 415 999 458 332,1.

439 459 634 494 verborum
670 459 872 494 blandicias
906 461 1015 496 velud
1048 461 1119 496 in-

392 508 607 541 structas
634 507 680 541 ad
704 507 903 552 perniciem
929 519 1032 543 suam
1057 508 1119 544 de-

391 553 530 598 cipulas
555 556 696 599 324,1o.

436 696 567 730 armati
584 696 630 730 in
641 698 742 731 stru
751 697 898 742 otique
913 697 1116 732 Goslariam

390 743 616 778 contendunt
643 747 763 788 153,1.
802 765 842 769 ——
881 745 1053 789 quoniam
1078 746 1115 779 in

387 791 658 835 expeditionem
700 792 830 826 armati
876 792 1115 838 instructique

386 838 570 873 venissent
596 841 675 882 157,
690 850 734 875 35.
761 860 803 864 -—
828 839 926 884 quod
953 868 961 876 .
989 868 996 876 .
1025 868 1032 877 .
1059 852 1115 875 ar-

385 885 475 920 mati
501 886 741 931 instructique
767 887 813 922 ad
836 887 1017 932 palacium
1036 891 1114 923 ten-

386 933 515 967 derent
555 935 694 977 182,1ο.
735 955 776 959 —
817 935 850 969 ei
887 935 1020 969 armati
1060 935 1113 970 in-

384 981 585 1024 structique
604 982 747 1016 obviam
760 982 966 1027 procedunt
981 985 1112 1027 169,15.

387 1048 428 1053 -—
464 1028 653 1074 designato
692 1029 751 1064 die
789 1032 826 1064 et
862 1030 943 1065 loco
983 1031 1113 1065 armati

383 1075 624 1120 instructique
649 1080 772 1121 presto
790 1077 902 1112 assint
926 1080 1009 1122 270,
1026 1091 1051 1114 1.
1069 1099 1111 1103 —

383 1124 505 1168 copias
547 1124 597 1158 ita
639 1124 856 1160 militaribus
898 1125 1006 1160 armis
1056 1126 1111 1160 in-

383 1173 538 1206 structas
563 1174 705 1216 234,10.

430 1314 598 1348 omnibus
634 1342 640 1350 .
675 1340 683 1349 .
717 1343 724 1350 .
762 1315 875 1360 copiis
909 1315 1109 1350 instructis-

382 1360 472 1395 sima
500 1364 578 1404 169,
594 1372 638 1397 25.
668 1382 710 1387 -
738 1373 821 1396 cum
853 1363 921 1407 ipsi
946 1363 1109 1397 multitu-

381 1407 476 1452 dine,
519 1408 648 1452 opibus
682 1409 863 1454 armisque
900 1410 1107 1445 instructio—

379 1466 438 1489 res
469 1455 539 1489 sint
566 1458 675 1499 187,2
660 1467 705 1492 25.
732 1477 776 1482 -
803 1457 908 1511 copia
943 1458 1107 1492 omnium

421 1530 428 1538 .
464 1529 472 1537 .
510 1503 626 1537 inulta
659 1503 771 1538 fratre
808 1504 1108 1540 instructior

378 1530 522 1594 327,10.

427 1600 467 1631 ut
505 1609 588 1632 eum
625 1598 704 1633 iure
741 1599 828 1634 belli
863 1599 1106 1635 intactum

378 1644 513 1679 sineret
539 1647 595 1689 (8,
609 1657 653 1682 25.

425 1704 470 1727 ne
497 1693 582 1737 quid
613 1705 681 1738 pro
711 1694 827 1729 amico
854 1705 919 1729 suo
944 1695 1104 1730 intac-

376 1741 473 1774 tum
510 1741 843 1786 intemptatumque
879 1742 1104 1786 relinqueret

375 1789 458 1832 208,
475 1799 518 1824 15.

422 1931 541 1964 aetate
567 1930 761 1976 integra
787 1934 844 1976 99,
858 1942 886 1968 5.

421 2023 556 2057 bellum
574 2036 697 2058 rursus
715 2024 760 2059 de
782 2025 883 2060 inte
894 2038 978 2072 gro
1003 2039 1100 2062 sum-

372 2070 445 2115 psit
471 2074 527 2115 60,
543 2082 587 2107 15.

419 2120 555 2162 petere,
582 2120 623 2152 ut
647 2118 695 2152 ad.
719 2122 940 2154 conventum
964 2121 1098 2165 princi-

370 2177 460 2209 pum
485 2166 590 2210 regni
615 2177 920 2210 communemque
950 2168 1097 2203 audien—

370 2212 460 2246 tiam
518 2224 576 2247 res
633 2213 828 2259 integra
890 2214 1098 2250 differretur

372 2262 451 2304 181,
466 2271 511 2296 25.
537 2281 579 2285 —
608 2272 722 2305 orare,
747 2264 789 2295 ut
812 2272 892 2296 rem
916 2262 1097 2306 integram

369 2307 532 2352 generali
549 2308 703 2343 concilio
723 2309 978 2354 communique
995 2310 1096 2344 audi-

370 2355 489 2389 entiae
515 2355 680 2390 differret
704 2359 786 2401 297,
801 2367 828 2392 5.
849 2377 891 2382 —
910 2368 948 2392 se
973 2359 1096 2392 tamen

368 2413 447 2436 rem
471 2403 653 2448 integram
679 2432 686 2440 .
706 2403 948 2448 ..pontificis
973 2406 1095 2451 cogni-

367 2450 459 2484 tioni
482 2461 667 2486 reservare
692 2453 833 2496 281,1-0.

415 2497 511 2532 vitae
535 2498 835 2543 integritate
862 2501 1001 2544 196,15.

416 2556 486 2588 quo
523 2556 589 2579 rex
625 2557 768 2590 semper
808 2546 1094 2582 intenderat

366 2593 578 2636 260‚10.—
605 2603 833 2638 quocumque
855 2594 1095 2630 intendissent

366 2640 447 2683 213,
462 2651 506 2675 30.

414 2686 480 2720 sub
514 2686 926 2723 interminatione
954 2689 1093 2734 gratiae

366 2743 451 2767 suae
468 2733 612 2778 utrique
630 2734 754 2769 abbati
769 2736 934 2780 precepit
952 2738 1032 2781 144,
1046 2747 1091 2772 25.

368 2799 410 2804 ——
437 2791 474 2814 se
502 2806 509 2815 .
530 2809 536 2816 .
556 2806 565 2815 .
592 2781 658 2815 sub
690 2782 986 2818 interminatione
1011 2794 1091 2829 gra-

365 2827 436 2861 tiae
462 2839 547 2862 suae
571 2828 760 2873 precipere
791 2832 873 2874 211,
887 2841 914 2866 5.
944 2851 985 2856 —
1013 2831 1090 2875 qui·

881 199 1045 235 INDEX
1069 199 1421 238 LOOUTIONUM.

1221 463 1357 498 Terent.
1382 465 1514 501 Heaut.
1531 466 1606 509 III,
1633 468 1665 509 1,
1693 469 1751 504 41.
1787 478 1898 512 quam

1169 520 1212 544 ea
1245 522 1343 546 nunc
1380 511 1627 548 instructa
1662 514 1816 559 pulchre
1849 515 1899 551 ad

1166 558 1367 602 perniciem
1404 559 1482 596 siet.
1520 580 1563 585 -
1595 561 1673 598 Liv.
1705 563 1743 606 I,
1771 564 1835 608 54,
1860 566 1895 600 2.

1167 604 1273 639 dictis
1299 605 1475 651 factisque
1501 608 1671 644 omnibus
1696 609 1744 644 ad
1767 609 1895 646 fallen-

1166 651 1255 686 dum
1279 653 1477 691 instructis.

1213 701 1491 745 Liv.XXIX,2.
1509 703 1640 738 armati
1657 703 1894 740 instructi-

1166 758 1236 791 que
1262 758 1406 794 omnes;
1436 750 1622 795 XXVIII,
1642 753 1700 788 36.
1725 752 1895 789 instructi

1166 795 1389 840 armatique3
1430 797 1600 842 XXVII,
1627 800 1686 836 48.
1724 799 1894 837 omnibus

1166 842 1304 887 copiis.
1357 843 1567 880 ‚instructis
1584 847 1816 892 armatisque,
1832 853 1892 886 ac.

1167 910 1210 914 —
1228 891 1312 927 Sall.
1328 891 1408 934 Iuy.
1427 894 1484 928 53.
1506 892 1674 928 instructi
1688 894 1893 941 intentique

1165 937 1310 972 obviam
1326 939 1598 983 proceduntoe—
1613 941 1692 979 Liv.
1708 943 1770 987 VI,
1785 945 1892 986 26‚4.

1164 985 1294 1020 armati
1318 987 1508 1032 paratique
1525 988 1671 1023 obviam
1695 989 1892 1035 imperato-

1163 1032 1263 1067 ribus
1290 1061 1298 1069 .
1326 1061 1333 1069 .
1361 1035 1657 1080 .processimus;
1682 1037 1829 1082 XXIX,
1858 1039 1891 1076 1.

1163 1079 1360 1124 diemque
1350 1081 1404 1127 iis,
1431 1093 1504 1127 qua
1520 1082 1621 1127 equis
1638 1083 1820 1130 armisque
1836 1085 1891 1120 in-

1163 1128 1291 1162 structi
1324 1131 1433 1173 atque
1459 1131 1578 1165 ornati
1602 1130 1780 1177 adessent,
1814 1132 1890 1169 edi-

1161 1175 1225 1211 xit.
1247 1196 1288 1200 —
1308 1176 1395 1213 Sall
1415 1177 1490 1212 Cat.
1509 1180 1566 1215 56.
1592 1189 1638 1213 ex
1659 1179 1759 1214 omni
1784 1179 1891 1226 copia

1234 1251 1241 1259 .
1280 1234 1364 1268 pars
1399 1227 1529 1268 quarta
1563 1229 1641 1261 erat
1670 1226 1890 1263 militaribus

1161 1271 1270 1304 armis
1295 1271 1481 1308 instructa.

1207 1319 1336 1354 lustin.
1362 1320 1488 1363 XVII,
1517 1323 1635 1364 2,13.
1670 1321 1733 1376 qui
1757 1322 1889 1367 opibus

1160 1376 1269 1408 quam
1282 1366 1486 1400 militibus
1476 1379 1487 1401 1
1498 1379 1523 1402 n
1533 1379 1549 1402 s
1559 1370 1575 1402 t
1583 1380 1603 1402 r
1612 1380 1637 1402 u
1647 1379 1666 1403 c
1676 1369 1712 1403 t
1701 1381 1713 1403 1
1724 1380 1746 1404 o
1755 1381 1775 1404 r
1787 1372 1887 1415 erat,

1167 1413 1201 1445 V
1198 1413 1234 1456 I,
1265 1415 1302 1456 1,
1331 1416 1363 1450 3.
1401 1414 1457 1449 vir
1491 1417 1528 1449 et
1561 1415 1740 1451 industria
1763 1417 1887 1462 potior

1158 1462 1195 1494 et
1224 1439 1403 1496 militibus
1432 1461 1654 1500 instructior.
1705 1465 1761 1508 Cf.
1786 1476 1884 1502 usus.

1202 1603 1280 1638 Ia'v.
1304 1604 1387 1647 VII,
1415 1606 1473 1641 20.
1505 1604 1742 1640 intactum
1767 1606 1883 1642 invio-

1154 1650 1342 1695 latumque
1368 1651 1519 1687 crimine
1544 1652 1642 1689 belli.

1201 1698 1278 1733 Liv.
1305 1699 1358 1742 ΙΙ,
1379 1701 1435 1743 64,
1455 1701 1487 1735 4.
1524 1702 1565 1734 ut
1588 1700 1679 1736 nihil
1703 1701 1802 1737 bello
1825 1701 1881 1737 in-

1152 1746 1293 1780 tactum
1318 1746 1550 1791 relinqueret.
1579 1767 1622 1773 —-
1648 1749 1739 1785 Hor.
1758 1749 1878 1785 Cam.

1151 1793 1183 1836 I,
1202 1794 1260 1835 35,
1282 1795 1339 1829 35.
1366 1793 1454 1838 quid
1478 1794 1657 1830 intactum
1683 1824 1691 1832 .
1710 1823 1720 1833 .
1739 1796 1880 1842 .liqu.i-

1150 1851 1252 1885 mus;
1278 1841 1347 1885 Ep.
1365 1842 1418 1885 II,
1437 1844 1472 1885 3,
1491 1844 1571 1879 263.
1597 1841 1661 1877 Nil
1682 1843 1879 1890 intempta-

1150 1889 1229 1922 tum
1255 1888 1370 1922 nostri
1393 1868 1545 1933 liquere.

1204 1936 1341 1971 Terent.
1368 1937 1486 1972 Andr.
1511 1938 1544 1980 Ι,
1571 1940 1603 1980 1,
1629 1939 1686 1974 45.
1717 1943 1751 1974 et
1778 1939 1876 1976 Eun.

1148 1983 1222 2026 ΙΙΙ,
1250 1985 1284 2026 2,
1309 1985 1367 2020 20.
1394 1986 1514 2019 aetate
1532 1963 1744 2040 integra.

1196 2009 1285 2066 Sall.
1310 2031 1390 2074 luy.
1416 2033 1472 2068 62.
1508 2031 1554 2067 de
1578 2031 1776 2080 integro
1800 2033 1876 2070 bel-

1148 2077 1225 2111 lum
1255 2078 1376 2114 sumit.

1195 2125 1274 2160 Liv.
1300 2126 1375 2170 ΙΙΙ,
1402 2127 1461 2169 44,
1489 2128 1544 2163 12.
1577 2127 1803 2181 postulant.

1147 2173 1188 2204 ut
1218 2183 1297 2206 rem
1332 2173 1576 2219 integram
1610 2174 1649 2208 in
1672 2175 1787 2220 patris
1811 2175 1875 2211 ad·

1146 2221 1296 2252 ventum
1311 2219 1471 2264 differat3
1489 2222 1653 2265 XXVII,
1671 2225 1728 2259 25.
1746 2233 1804 2258 res
1819 2222 1874 2258 in-

1145 2267 1249 2310 tegra
1273 2269 1399 2310 postea
1416 2267 1625 2303 referi-‚etur
1643 2290 1688 2294 —
1707 2271 1776 2306 Cic.
1796 2270 1872 2308 Cat.

1144 2313 1224 2356 III,
1252 2316 1291 2356 3,
1321 2316 1353 2349 7.
1391 2317 1432 2348 ut
1463 2315 1508 2349 de
1539 2316 1700 2360 periculo
1725 2317 1871 2361 publico

1144 2371 1218 2394 non
1255 2339 1302 2394 ad
1339 2361 1529 2395 consilium
1565 2363 1752 2406 publicum
1791 2374 1871 2399 rem

1143 2406 1325 2452 integram
1350 2407 1543 2445 deferrem.

1191 2502 1280 2537 Sall.
1291 2503 1367 2538 Cat.
1377 2504 1434 2539 54.
1450 2502 1748 2549 integritate
1761 2505 1868 2541 vitae.

1190 2550 1278 2584 Sall.
1304 2550 1383 2592 Iuy.
1409 2552 1488 2586 104.
1513 2551 1672 2597 negotio,
1698 2563 1771 2596 quo
1795 2553 1810 2587 i
1818 2563 1868 2588 11-

1142 2596 1257 2679 ἓὲῐζξ
1267 2607 1287 2630 e
1297 2608 1316 2630 r
1325 2608 1345 2630 a
1355 2600 1390 2640 t3
1418 2600 1473 2633 74.
1500 2609 1728 2643 quocumque
1749 2599 1868 2635 inten-
