2014 3184
360 203 431 238 406

361 320 491 354 armati
525 320 749 355 conveniunt
784 324 864 366 121,
879 333 923 358 25.
952 343 995 348 —-
1026 322 1089 358 Ad

359 367 491 401 horum
509 368 584 402 vim
610 368 806 403 arcendam
823 370 885 404 vix
910 370 979 405 sibi
1001 371 1088 405 satis

360 415 548 459 copiarum
573 426 650 450 esse
675 417 755 459 151,
767 427 793 452 5.
814 437 857 442 —
874 417 1087 463 priusquam

361 491 368 498 .
395 489 404 498 .
432 490 440 498 .
472 462 519 496 ad
548 463 624 496 vim
658 463 853 498 arcendam
889 492 896 500 .
925 493 932 500 .
961 493 969 501 .
1001 476 1086 500 con-

357 509 472 544 fluere
505 512 655 554 possent
690 513 770 555 170,
785 523 829 548 30.
856 531 901 537 —-
933 513 1087 547 collibus

358 557 421 601 qui
454 557 564 591 modo
596 557 642 592 ad
677 558 873 593 arcendam
897 560 972 594 vim
997 571 1086 605 pau-

357 603 474 638 lulum
516 604 603 649 quid
644 605 914 640 commoditatis
950 607 1086 643 habere

357 651 576 686 videbantur
605 654 686 697 256,
701 664 746 689 25.
775 673 818 679 -—
844 657 971 689 contra
996 666 1086 699 quos

357 745 439 838 νέιεῐὶι
468 699 671 781 3591ῗὲἒέ
699 711 912 783 ξιὲῗὲξῗίῗιζε
937 701 1088 784 ffssbaatss

359 820 378 829 ..
454 805 498 829 15.

405 841 443 874 in
469 840 631 875 arduis
657 841 766 876 rebus
792 845 924 887 124,10.
953 845 1085 888 125,1o.

359 889 498 932 169,15.
525 891 667 933 273,15.

405 982 467 1026 qui
490 982 592 1027 prior
616 983 721 1018 alteri
753 995 881 1019 arma
905 985 1086 1021 intulisset

359 1032 439 1073 132,
454 1040 480 1065 5.
502 1050 543 1055 —
563 1033 604 1064 ut
629 1031 762 1066 exteris
787 1032 958 1086 gentibus
982 1044 1086 1068 arma

357 1074 516 1111 inferant
542 1080 681 1122 151,10.
707 1100 753 1105 -
778 1080 856 1126 regi
883 1109 890 1116 .
915 1108 923 1117 .
949 1108 957 1116 .
983 1092 1086 1116 arma

356 1124 491 1159 inferre
527 1105 706 1179 para'bant
742 1129 825 1171 280,
839 1139 884 1164 35.
919 1149 960 1153 —
997 1128 1085 1163 dum

356 1171 461 1206 fratri
501 1171 649 1207 iamiam
690 1185 792 1209 arma
832 1174 969 1210 inferre
1003 1204 1012 1212 .
1040 1204 1047 1212 .
1076 1205 1083 1212 .

356 1219 550 1254 moliretur
573 1222 655 1264 327,
670 1232 715 1258 25.

404 1265 542 1311 Quodsi
565 1268 699 1302 armis
720 1279 853 1314 cogere
868 1269 1085 1306 instituisset

358 1315 437 1357 152,
453 1325 496 1350 ιο.

403 1340 458 1395 E’a
482 1372 540 1395 res
565 1361 720 1396 fratrum
753 1363 893 1398 animos
918 1363 956 1398 in
981 1375 1082 1409 spem

356 1407 555 1442 maximam
581 1413 837 1444 arrexerat
861 1413 943 1455 325,
958 1422 1004 1447 25.

403 1466 474 1499 quo
498 1455 561 1490 ille
582 1456 815 1510 potissimum
840 1457 1055 1493 incentore
1044 1471 1083 1493 ιιι

354 1501 449 1536 hanc
482 1502 652 1537 seviciam
685 1504 925 1540 inarserat
965 1508 1022 1550 76,
1036 1518 1081 1543 30.

357 1569 400 1574 -—
426 1549 555 1594 quibus
579 1551 810 1595 potissimum
834 1533 1082 1590 incentoribus

353 1598 496 1631 tantum
522 1598 661 1632 malum
686 1602 870 1635 exarserat
893 1602 952 1644 86,
968 1612 1011 1637 ιο.
1035 1622 1081 1626 -

354 1644 484 1688 quibus
516 1645 677 1689 primum
711 1647 918 1682 auctoribus
954 1659 997 1683 ea
1025 1660 1081 1683 ra-

353 1691 429 1725 bies
454 1691 632 1726 inarserat
655 1695 738 1737 233,
751 1706 796 1730 20.

401 1738 439 1772 in
456 1741 611 1774 artum
629 1741 808 1775 conclusis
825 1741 933 1776 rebus
948 1745 1027 1788 143,
1037 1754 1080 1779 30.

356 1806 397 1810 -—
425 1786 525 1820 cuius
551 1787 668 1821 omnis
693 1799 774 1832 spes
800 1800 997 1834 omnesque
1023 1802 1081 1824 co-

351 1832 433 1877 piae
445 1833 483 1867 in
497 1836 617 1868 artum
627 1838 774 1870 coactae
787 1836 933 1871 fuerant
945 1839 1081 1882 282,15.

351 1900 398 1904 —
412 1880 553 1915 Verum
571 1882 684 1926 copiis
701 1883 753 1917 ita
777 1883 815 1917 in
833 1887 954 1918 artum
979 1896 1081 1920 coac-

351 1927 397 1961 tis
422 1930 544 1969 322,1.
582 1949 624 1953 —
660 1929 698 1963 in
732 1933 853 1965 artum
890 1932 1081 1967 conclusae

352 1974 429 2018 spei
454 1977 535 2018 337,
550 1985 595 2011 25.

396 2021 450 2055 ibi
475 2022 653 2056 acerbiori
670 2034 764 2066 pene
789 2035 912 2059 rerum
939 2037 1079 2070 aspe-

351 2067 501 2102 ritate
539 2069 722 2113 excipitur
758 2072 816 2115 84,
836 2083 879 2107 10.
918 2093 963 2097 —
1002 2073 1080 2108 Nec

350 2116 474 2149 tamen
513 2143 519 2150 .
583 2116 693 2150 ,hac
726 2128 849 2152 rerum
883 2120 1078 2163 asperitate

386 2190 393 2197 .
421 2190 428 2197 .
455 2162 573 2197 evinci
596 2165 743 2207 poterat
767 2167 849 2209 264,
863 2177 908 2202 35.
929 2186 971 2191 —
986 2166 1078 2202 Vin-

348 2208 442 2243 citur
458 2212 583 2244 tamen
598 2221 722 2245 rerum
739 2212 934 2256 asperitate
956 2215 1076 2257 326,1.

350 2276 393 2281 —
419 2256 567 2291 tandem
592 2258 708 2292 victus
733 2270 856 2294 rerum
881 2260 1077 2305 asperitate

348 2305 487 2348 346,15.
513 2325 555 2329 —
582 2316 666 2339 eum
693 2334 700 2342 .
721 2334 728 2342 .
748 2334 756 2342 .

346 2362 429 2385 rum
465 2352 660 2396 asperitate
696 2378 703 2387 .
731 2379 740 2388 .
768 2382 775 2389 .

348 2397 603 2433 deducendum
627 2402 752 2444 295,1.

395 2446 549 2480 emensis
584 2449 641 2481 tot
674 2459 798 2482 rerum
830 2449 1074 2493 asperita—

346 2492 479 2527 tibus
505 2495 604 2538 99,1.

394 2539 440 2574 ad
493 2541 807 2576 asserendam
865 2543 1073 2578 libertatem

344 2587 484 2630 patriae
520 2590 598 2631 150,
614 2600 659 2624 10.
695 2609 738 2613 —
770 2589 975 2634 liberosque
1009 2602 1072 2625 no-

346 2635 438 2668 stros
464 2662 471 2670 .
500 2661 507 2668 .
536 2663 543 2670 .
569 2635 608 2669 in
633 2636 840 2671 libertatem
873 2649 1072 2672 asseremus

346 2682 556 2725 155‚15.—
583 2694 693 2727 seque
718 2683 756 2717 in
781 2684 1013 2721 libertatem.
1034 2711 1042 2720 .
1063 2714 1070 2722 .

345 2728 497 2762 asseruit
522 2731 645 2773 248‚5.

391 2777 432 2808 ut
466 2776 592 2819 quavis
630 2777 843 2812 condicione
881 2805 889 2814 .
925 2804 932 2812 .
969 2807 977 2814 .
1015 2779 1070 2813 in-

343 2823 551 2856 nocentiam
613 2835 715 2858 suam
786 2828 1070 2860 assererent

782 2318 851 2342 nec
876 2308 996 2352 aliqua
1019 2320 1076 2343 re-

812 2354 858 2389 ab
896 2355 1076 2390 sententia

846 202 1011 239 INDEX
1035 204 1385 243 LOCUTIONUM.

1185 844 1274 881 Hor.
1289 845 1408 881 earm.
1427 845 1480 889 II,
1495 847 1528 888 3,
1544 848 1576 883 1.
1599 845 1769 892 Aequam
1785 858 1863 884 mo·

1134 893 1260 926 mento
1294 892 1404 927 rebus
1439 892 1478 927 in
1515 893 1683 929 arduis
1716 905 1863 932 servare

1134 941 1307 975 mentem.

1181 987 1259 1023 Liv.
1276 987 1446 1031 XXXII,
1463 990 1518 1024 10.
1543 988 1590 1023 ab
1615 999 1659 1024 eo
1683 988 1748 1035 qui
1761 989 1864 1036 prior

1135 1045 1263 1068 arma
1298 1034 1502 1079 intulisset,
1542 1036 1580 1080 Ι,
1613 1039 1679 1080 30,
1710 1039 1746 1074 8.
1787 1037 1862 1074 utri

1133 1081 1234 1126 prius
1260 1093 1361 1116 arma
1385 1082 1574 1128 inferrent,
1599 1088 1658 1120 etc.

1181 1271 1267 1307 Sall.
1283 1272 1364 1315 qu.
1379 1274 1435 1308 10.
1461 1283 1550 1317 quos
1573 1284 1692 1318 neque
1716 1273 1860 1310 arm-:is

1133 1329 1264 1363 cogere
1291 1346 1298 1354 .
1325 1330 1518 1363 ...queas

1180 1366 1269 1401 Sall.
1297 1366 1373 1402 Cat.
1400 1369 1457 1403 39.
1493 1367 1556 1401 ubi
1583 1395 1591 1403 .
1619 1396 1626 1404 .
1654 1395 1662 1404 .
1689 1378 1770 1413 spes
1795 1369 1859 1404 ob-

1131 1412 1206 1447 lata
1247 1415 1317 1458 est,
1354 1415 1460 1448 vetus
1497 1417 1683 1450 certamen
1719 1415 1860 1451 animos

1132 1471 1259 1494 eorum
1285 1461 1493 1506 arrexit3
1517 1463 1576 1498 40.
1593 1462 1859 1499 inmaxumam

1131 1519 1234 1552 spem
1257 1508 1416 1543 adducti.

1180 1650 1316 1687 Lucan.
1349 1652 1388 1694 V,
1416 1653 1495 1687 359.
1531 1651 1662 1696 quibus
1685 1651 1778 1688 haec
1801 1663 1859 1688 ra·

1132 1697 1210 1732 bies
1234 1698 1442 1732 auctoribus
1467 1699 1601 1734 arsit.

1178 2029 1247 2063 Cic.
1265 2029 1307 2062 de
1323 2034 1414 2065 orat.
1432 2030 1464 2073 I,
1481 2031 1513 2071 1,
1526 2031 1559 2066 3.
1585 2028 1622 2064 in
1644 2029 1701 2064 his
1718 2040 1854 2076 aspe-

1128 2075 1368 2110 ritatibus
1401 2087 1535 2112 rerum.
1569 2096 1612 2102 —-
1647 2077 1736 2113 Sall.
1771 2078 1854 2122 1¹49.

1129 2124 1185 2158 67.
1219 2122 1266 2156 In
1291 2134 1334 2157 ea
1359 2125 1461 2158 tanta
1485 2124 1690 2168 asperitate.

1171 2451 1287 2486 Amm.
1306 2451 1421 2487 Marc.
1438 2452 1545 2495 XIV,
1561 2454 1617 2496 10,
1636 2455 1669 2489 6.
1695 2453 1850 2488 emensis

1123 2496 1401 2532 difficultatibus
1429 2499 1564 2535 multis.

1170 2545 1247 2580 Ia‘v.
1281 2544 1384 2588 VIII,
1411 2548 1443 2582 5.
1483 2558 1703 2592 quamquam
1739 2547 1849 2584 armis

1121 2602 1313 2635 possumus
1355 2603 1376 2627 a
1386 2592 1410 2627 d
1421 2604 1436 2627 s
1447 2604 1467 2628 e
1475 2605 1495 2627 r
1505 2605 1525 2629 e
1534 2606 1554 2628 r
1564 2605 1584 2629 e
1621 2594 1771 2631 Latium
1807 2595 1849 2633 in

1121 2638 1340 2674 libertatem.
