1968 3164
552 221 824 260 LAMPERTI
848 221 1103 258 ANNALES.
1152 221 1200 256 A.
1229 223 1332 258 1071.
1636 222 1705 257 127

338 347 463 391 Hinc
495 347 740 402 digressus,
773 346 1103 402 pentecosten²
1130 343 1406 386 Halberstat
1438 342 1704 385 celebravit.

195 408 271 452 Ibi
302 406 522 452 Ottonem
555 407 720 449 ducem
753 407 1048 459 caeterosque
1085 403 1310 458 ingenuos
1325 402 1351 453 ¹,
1395 402 1474 457 qui
1515 416 1620 444 cum
1651 415 1706 444 eo

195 482 325 511 ama
363 469 527 510 contra
565 479 664 508 rem
708 464 943 521 publicam
991 463 1238 519 sumpsisse
1286 462 1615 517 arguebantur,
1657 462 1706 503 in

197 527 480 571 deditionem
532 525 736 581 suscepit
787 523 1165 580 principibusque
1217 522 1349 576 regni
1400 522 1449 562 in
1497 521 1707 563 custodia

165 587 434 634 shabendos
466 587 515 628 et
545 586 724 627 statuto
752 584 826 627 die
858 583 948 626 sibi
978 582 1292 625 restituendos
1325 580 1665 623 commendavit
1678 581 1706 620 ².

338 645 683 702 Meginwardus
725 644 868 686 abbas
900 642 1148 698 Augiensis
1190 641 1418 696 dignitate
1461 654 1544 682 sua
1583 640 1708 681 ultro

197 719 245 750 se
277 705 526 757 abdicavit,
569 705 772 747 offensus
803 706 906 745 tum
937 702 1239 745 infestatione
1272 701 1563 756 quorundam
1595 699 1709 740 mili·

195 768 299 808 tum
339 779 541 815 suorum,
583 764 663 819 qui
705 777 811 806 eum
851 762 1070 818 gravibus
1111 760 1405 804 contumeliis
1443 760 1707 809 affecerant,

195 829 300 868 tum
338 824 696 881 importunitate
736 823 872 878 regis,
914 822 995 877 qui
1034 819 1358 875 frequentibus
1399 833 1504 862 eum
1546 819 1710 861 edictis

150 907 186 932 10
197 884 407 941 urgebat,
440 886 495 926 ut
526 883 688 940 predia
718 882 999 932 monasterii,
1033 894 1151 935 quae
1181 882 1280 922 tam
1312 879 1410 922 eius
1432 893 1571 934 quam
1596 879 1711 934 prio·

198 959 302 986 rum
333 943 557 986 abbatum
588 942 840 998 largicione
874 941 1134 996 dilapidata
1163 940 1239 981 vix
1275 939 1368 980 iam
1400 939 1449 980 in
1481 952 1591 980 usus
1623 938 1711 979 fra-

198 1006 326 1046 trum
367 1003 582 1046 sufficere
623 1003 859 1058 poterant,
903 1000 1132 1042 militibus
1175 994 1296 1041 suisb
1345 999 1393 1039 in
1437 998 1711 1040 beneficium

201 1065 414 1120 erogaret
426 1063 456 1103 ³.
510 1062 568 1104 In
600 1062 755 1104 locum
787 1061 886 1104 eius
917 1074 1011 1102 non
1043 1073 1125 1115 per
1147 1058 1387 1101 electionis
1414 1058 1596 1107 ostium,
1631 1057 1712 1099 sed

200 1137 283 1180 per
313 1122 592 1166 simoniacae
624 1122 837 1164 hereseos
870 1119 1138 1163 cuniculum
1179 1118 1392 1174 protinus
1424 1117 1593 1172 irrupit
1624 1117 1712 1157 Rfi-

153 1183 386 1231 15bertus0
430 1181 574 1224 abbas
611 1180 1011 1235 Babenbergensis
1024 1179 1053 1227 4,
1096 1179 1403 1233 cognomento
1444 1176 1713 1218 Nummula-

198 1242 309 1293 rius,
351 1241 668 1284 annumeratis
709 1241 758 1282 in
790 1239 991 1282 erarium
1022 1238 1145 1294 regis
1186 1237 1313 1280 mille
1346 1237 1499 1292 pondo
1532 1236 1714 1290 argenti

201 1301 436 1358 purissimi
449 1301 478 1342 ⁵.
540 1300 633 1342 Hic
664 1294 1017 1342 sordidissimis‘1
1052 1297 1292 1352 questibus
1325 1298 1372 1339 et
1403 1296 1567 1346 usuris,
1601 1308 1714 1350 quas

0 1359 2 1361 ’
70 1381 188 1414 ⁸p.184.
201 1361 344 1405 etiam
374 1361 583 1417 privatus
615 1360 768 1402 adhuc
800 1359 850 1400 in
882 1355 1180 1400 ‘monasterio
1213 1358 1528 1405 exercuerate,
1567 1355 1714 1396 infini-

199 1423 299 1464 tam
330 1420 418 1463 sibi
449 1420 695 1476 pecuniam
727 1419 1021 1468 conflaverat,
1061 1419 1109 1459 et
1140 1418 1389 1472 propterea
1419 1417 1592 1457 mortes
1625 1415 1714 1469 epi-

153 1494 444 1537 mscoporum
485 1481 534 1522 et
565 1474 818 1522 abbatumf
855 1478 992 1520 anxia
1023 1476 1376 1532 expectationeg
1412 1475 1506 1517 iam
1539 1474 1715 1516 dudum

202 1540 526 1596 suspiraverat.
589 1538 798 1593 Cumque
840 1551 917 1580 eos
959 1537 1140 1579 diucius
1171 1535 1368 1577 vivendo
1399 1536 1508 1576 vota
1549 1547 1631 1575 sua
1669 1535 1716 1575 et

203 1601 455 1643 effrenatae
494 1598 766 1641 ambicionis
805 1597 1044 1653 impetum,
1088 1609 1178 1650 quo
1211 1608 1401 1650 preceps
1432 1593 1713 1649 rapiebatur,

203 1659 373 1702 morari
413 1659 618 1714 graviter
658 1660 706 1700 et
746 1655 1153 1712 impacientissime
1201 1655 1363 1705 ferret,
1408 1667 1461 1696 eo
1502 1653 1715 1695 vesaniae

204 1719 364 1770 evasit,
396 1721 452 1760 ut
483 1719 639 1774 preter
660 1711 872 1759 occultah
900 1729 1104 1765 munera,
1139 1714 1306 1768 quibus
1332 1712 1716 1755 auriculariorum

156 1797 192 1823 25
203 1779 336 1822 favor
366 1777 664 1820 redimendus
696 1778 807 1826 erat,
849 1775 950 1830 regi
982 1776 1170 1816 centum
1202 1773 1356 1828 pondo
1399 1772 1499 1813 auri
1531 1771 1716 1826 promit-

203 1839 338 1889 teret,
381 1840 448 1887 ut,
491 1837 640 1879 eiecto
681 1835 875 1878 eximiae
917 1833 1180 1876 sanctitatis
1220 1833 1318 1875 viro
1360 1831 1528 1873 abbate
1562 1830 1717 1872 Wide·

205 1897 331 1947 rado,
380 1896 469 1939 sibi
515 1895 706 1938 abbatia.
752 1893 998 1936 Fuldensis
1043 1892 1321 1934 traderetur.
1385 1891 1446 1932 Et
1493 1891 1715 1946 profecto,

206 1957 331 2012 quod
370 1955 550 1998 nefarie
592 1954 938 2010 concupiverat,
988 1952 1349 2006 flagiciosissime
1390 1945 1715 2006 optinuisseti‚

206 2015 298 2058 nisi
337 2015 486 2071 pauci,
529 2014 697 2069 quibus
738 2014 863 2068 leges
905 2011 1244 2055 ecclesiasticae
1285 2010 1484 2066 pecunia
1521 2009 1718 2051 cariores

160 2077 354 2125 aoerant,
395 2075 446 2116 in
477 2074 646 2116 faciem
677 2073 789 2128 regi,
831 2086 890 2115 ne
922 2072 971 2114 id
1002 2067 1234 2121 faceretk,
1273 2069 1564 2112 obstitissent
1578 2068 1606 2108 ⁶.
1671 2068 1718 2109 Is

208 2134 652 2190 pseudomonachus,
696 2133 847 2175 dicam
889 2131 1146 2187 expressius
1186 2130 1233 2173 vi
1265 2129 1436 2172 doloris
1477 2128 1716 2183 impulsus,

209 2258 228 2276 n.
258 2249 523 2283 pouthec.31b.2.
578 2250 609 2282 b)
628 2256 715 2275 suum
727 2249 806 2277 131⁸.
862 2247 890 2281 e)
908 2248 1059 2274 Rubertus
1078 2247 1140 2275 Al.
1154 2247 1231 2272 131⁸.
1253 2246 1337 2277 Va›·.;
1358 2246 1508 2277 Rupertus
1528 2245 1590 2271 ΒΞ,
1609 2244 1719 2270 Ευιεει·,

210 2293 226 2312 e
257 2284 369 2314 nux-did.
387 2286 473 2318 Bl·;
494 2285 673 2311 sordissimis
692 2283 773 2312 Blb.
846 2283 874 2317 e)
894 2286 1070 2310 excreuerat
1088 2282 1168 2310 ΒΡ).
1224 2282 1247 2314 f)
1266 2285 1296 2307 et
1315 2282 1382 2308 abb.
1402 2289 1456 2308 om.
1476 2279 1552 2307 ΒΗ).
1617 2279 1649 2312 g)
1669 2286 1718 2304 ex-

209 2325 302 2355 spect.
321 2322 382 2350 ΒΞ.
450 2321 482 2355 h)
500 2321 599 2348 oculta
617 2321 679 2349 ΒΞ.
752 2320 773 2354 ἰ)
793 2320 886 2347 obtin.
906 2321 968 2348 Al.
987 2320 1049 2346 Bl.
1125 2318 1157 2351 k)
1177 2318 1277 2350 regine
1298 2318 1327 2343 id
1349 2318 1446 2342 facere
1467 2316 1492 2341 B
1505 2316 1546 2343 1¹³.

163 2427 198 2454 35
213 2419 248 2462 1)
274 2417 375 2451 Inter
399 2417 463 2451 hos
488 2417 594 2451 etiam
611 2417 788 2459 Maymtm
810 2416 927 2458 filium
952 2415 1053 2448 ducis
1070 2413 1266 2455 Saxoniae,
1292 2413 1356 2456 qui
1380 2416 1463 2444 tunc
1488 2422 1523 2444 se
1548 2410 1721 2443 dedidisse

210 2465 360 2500 videtur.
449 2466 486 2509 2)
512 2465 609 2498 Huic
632 2467 812 2508 repuynat
838 2462 1023 2497 annalista
1050 2462 1266 2502 Attalica-xis,
1293 2461 1358 2503 qai
1380 2459 1503 2492 ser-ibit
1530 2458 1721 2491 Adalberto

211 2512 474 2556 archiepiscopo
499 2513 728 2546 intercedente
753 2513 828 2545 iam
853 2515 936 2544 tunc
964 2509 1120 2543 Ottonem
1146 2510 1186 2542 in
1210 2509 1370 2551 qratiam
1396 2508 1491 2549 reqe's
1525 2506 1719 2538 admtssum

212 2570 292 2595 esse.
333 2560 403 2593 Sed
418 2561 553 2593 erravit
572 2559 826 2603 proculdubio
851 2558 916 2601 (cf.
943 2568 976 2593 a.
997 2559 1102 2599 1072,
1129 2556 1236 2598 infra
1256 2567 1295 2598 p.
1317 2556 1414 2595 137),
1439 2564 1518 2586 cum
1545 2557 1573 2586 et
1592 2552 1720 2586 Adam.

213 2607 331 2643 Brem.
359 2607 434 2650 III,
453 2609 510 2644 59.
545 2611 686 2641 tantum
720 2607 815 2639 dicat
849 2605 995 2639 οοπεὶῑίο
1030 2604 1291 2647 archiepiscope·
1323 2602 1425 2634 duces
1460 2611 1495 2633 se
1524 2601 1602 2642 reye'
1625 2599 1722 2631 dedi-

165 2655 314 2691 4ode‘88e.
366 2654 423 2697 Cf.
451 2655 606 2698 Voqeler,
642 2654 733 2688 ‘Otto
764 2665 794 2690 v.
821 2652 1031 2687 Nordheim’
1063 2663 1102 2695 p.
1121 2653 1190 2690 35;
1226 2650 1270 2684 Ε.
1298 2650 1419 2690 Meyer
1455 2648 1475 2682 Ι.
1495 2648 1517 2682 I.
1550 2659 1588 2690 p.
1611 2648 1654 2682 12
1671 2657 1720 2689 sq.

214 2703 250 2746 3)
284 2702 327 2736 Ut
352 2702 531 2746 Liupoldo
555 2702 597 2735 de
618 2702 821 2745 Mer-sbury,
848 2701 954 2742 infra
977 2711 1015 2743 p.
1037 2701 1115 2735 130.
1143 2699 1421 2737 commemorato,
1449 2698 1581 2727 cut-rem
1607 2704 1722 2737 qaan-

213 2749 298 2782 dam
322 2751 361 2783 in
387 2749 588 2792 beneficium
610 2750 724 2791 claret,
749 2759 863 2792 reyem
886 2748 1107 2792 praecepisse
1131 2745 1282 2778 tradant
1309 2744 1405 2777 Anu.
1426 2742 1545 2775 Altah.
1568 2753 1603 2776 a.
1620 2743 1722 2776 1071.

215 2796 274 2839 Cf.
291 2797 472 2832 Ber-thola.
499 2797 614 2840 (Ana.
632 2797 669 2832 S.
688 2797 824 2838 Blasiz)
850 2807 883 2831 α.
905 2797 1008 2836 low,
1035 2794 1098 2828 SS.
1123 2794 1162 2834 V,
1184 2803 1222 2835 p.
1241 2793 1321 2827 275.
1408 2791 1444 2833 4)
1471 2790 1507 2824 S.
1527 2789 1721 2823 Michaelis.

216 2844 273 2886 Cf.
304 2845 402 2880 Ann.
427 2844 463 2880 S.
492 2844 600 2880 Mich.
627 2844 730 2886 Bab„
765 2843 829 2879 SS.
853 2844 893 2885 V,
924 2854 962 2886 p.
981 2843 1014 2877 9.
1130 2842 1166 2883 5)
1199 2839 1367 2881 Triyinta
1395 2837 1508 2870 libras
1534 2838 1622 2870 aare?
1646 2847 1720 2869 eum

168 2902 203 2927 45
216 2893 295 2935 rem·
318 2891 482 2926 obtulisse
505 2892 628 2925 dicant
654 2892 751 2927 Ann,
778 2890 898 2925 Altah.
998 2891 1034 2932 6)
1062 2888 1122 2930 Cf.
1147 2897 1262 2931 supra
1285 2897 1322 2929 p.
1342 2887 1399 2926 93,
1425 2887 1513 2919 7122.

1721 341 1823 377 1071.

1720 388 1786 417 zan,
1800 389 1843 416 12.

1733 2083 1769 2115 cf,
1780 2082 1846 2110 aaz.
1858 2082 1884 2113 2,
1898 2083 1939 2109 11.
