1942 3198
290 226 446 261 XXXII
810 224 1106 261 PRAEFATIO
1134 224 1171 260 O.
1190 223 1263 260 III.

433 347 613 389 Brevem
653 347 764 388 hunc
805 346 986 388 libellum
1025 345 1158 397 fuisse
1195 343 1452 386 Trithemius
1492 344 1645 398 optimo
1682 358 1788 388 sane

292 405 384 449 iure
416 405 536 448 dixit.
591 406 708 447 Nam
739 404 1019 457 antiquiorem
1039 403 1287 445 monasterii
1317 402 1386 444 sui
1417 402 1639 446 historiam
1659 404 1786 447 Lam-

284 469 432 518 pertus
455 478 614 518 parum
646 467 849 516 accurate,
886 462 988 516 quin
1020 462 1146 505 etiam
1177 461 1381 504 levissime
1413 462 1622 505 tractavit.
1685 462 1786 517 Ipse

293 523 459 576 quidem
491 522 626 565 discit1
658 537 699 564 se
731 524 780 564 de
803 521 1022 575 prioribus
1053 521 1272 563 abbatibus
1301 522 1511 573 usquead
1535 521 1786 565 Gozbertum

294 580 340 633 (9
348 583 571 636 70—984)
606 581 715 623 nihil
746 580 897 623 litteris
933 580 1116 622 inditum
1155 579 1368 633 reperisse,
1411 581 1485 622 sed
1513 594 1660 634 pauca
1697 579 1784 635 qui·
1797 599 1817 626 ο

292 642 394 694 dem,
420 640 674 694 praesertim
695 654 774 692 quo
800 644 977 692 tempore
1009 639 1180 692 quisque
1210 638 1512 681 monasterium
1533 639 1701 694 reoeerit,
1732 652 1784 683 ex

291 700 537 742 Annalibus
568 698 952 751 Hersfeldensibus,
995 712 1097 750 quos
1125 701 1274 751 postea
1304 697 1352 739 in
1383 697 1544 741 maiore
1581 697 1688 741 libro
1718 712 1783 742 ex-

292 758 471 812 scripsit,
506 772 745 811 coynoscere
768 757 983 811 potuisset,
1017 756 1107 799 alia
1139 756 1253 799 lectis
1279 756 1575 810 diplomatibus
1595 761 1634 800 et
1653 756 1785 800 cartis

292 817 339 859 in
370 817 540 859 archivo
571 816 868 868 Hersfeldensi
908 816 1096 869 servatis,
1137 829 1315 868 quorum
1355 816 1564 859 nonnulla
1602 815 1691 859 imm
1726 817 1787 859 ad

302 875 440 917 Vitam
462 875 580 917 Luni
609 876 933 928 componendam
959 875 1221 927 adhibuerat,
1254 874 1538 918 addidicisset.
1593 875 1678 918 Sed
1695 875 1784 930 ipse
1797 890 1835 918 ιο
1878 933 1882 936 .
1917 852 1938 927 J

291 934 427 976 studio
458 934 646 976 historici
677 934 851 987 penitus
889 948 1038 976 carens
1075 938 1197 986 atque
1228 933 1395 975 alienus
1416 948 1579 988 parum
1609 935 1786 978 curabat

292 993 467 1045 antiqua
507 997 703 1046 tempora,
745 993 831 1034 solo
871 992 1008 1034 studio
1047 1007 1190 1035 rerum
1228 1007 1303 1034 suo
1344 997 1523 1047 tempore
1557 997 1782 1047 yesta‘rum,

291 1065 369 1104 quo
409 1056 542 1093 motus
581 1051 669 1093 iam
709 1065 878 1094 carmen
918 1051 1027 1094 illud
1066 1051 1324 1105 deperditum
1373 1056 1675 1106 composuerat,
1725 1053 1786 1095 ad

291 1111 400 1153 hunc
433 1110 614 1152 libellum
646 1110 988 1153 conscribendum
1009 1110 1210 1153 incitatus
1241 1115 1310 1164 est,
1343 1114 1391 1152 ut
1419 1110 1508 1165 ipse
1539 1111 1602 1154 bis
1633 1110 1744 1154 dixit
1753 1112 1781 1165 ²,

291 1170 365 1211 hoc
396 1169 476 1210 sibi
508 1169 680 1211 consilio
703 1169 971 1222 potissimum
994 1170 1222 1223 proposito,
1256 1174 1302 1212 ut
1329 1169 1600 1224 calamitates,
1633 1169 1784 1224 quibus
1797 1186 1833 1213 ιε

291 1227 591 1269 monasterium
622 1242 695 1270 suo
728 1232 906 1282 tempore
938 1243 1177 1282 oppressum
1208 1243 1294 1271 esse
1323 1228 1408 1282 ipsi
1446 1228 1676 1283 videbatur,
1718 1242 1783 1272 ea:-

283 1290 470 1339 poneret.
542 1287 692 1339 Itaque
732 1301 838 1340 quae
879 1289 927 1329 de
967 1287 1220 1330 monasterio
1260 1287 1558 1340 Hersfeldensi
1602 1288 1784 1340 fundato

292 1345 339 1387 in
381 1345 480 1387 Vita
510 1346 629 1387 Lutli
669 1346 895 1399 scripserat
933 1346 1120 1388 breviata
1159 1346 1361 1400 repetivit,
1403 1347 1479 1390 hoc
1517 1347 1609 1401 ipso
1647 1346 1784 1390 libello

294 1404 463 1446 laudato
477 1404 503 1457 3,
538 1404 635 1446 dein
666 1419 782 1446 mera
813 1405 988 1447 nomina
1019 1406 1324 1448 succedentium
1354 1405 1436 1448 sibi
1467 1407 1664 1448 abbatum
1687 1420 1784 1449 enu-

293 1462 485 1515 meravit,
528 1463 757 1516 perpaucis
803 1464 961 1506 additis
1002 1466 1050 1506 de
1091 1464 1212 1506 libris
1251 1469 1290 1507 et
1326 1465 1585 1508 ornamentis
1624 1466 1677 1508 ab
1715 1464 1832 1510 hisso

294 1521 522 1574 acquisitis,
556 1535 661 1574 quae
693 1522 819 1564 etiam
849 1537 923 1564 suo
955 1527 1132 1576 tempore
1163 1523 1375 1566 exstantia
1400 1523 1518 1566 vidit.
1588 1525 1704 1578 Quae
1734 1525 1784 1567 de

301 1579 502 1622 Goeberto
534 1582 679 1623 abbate
711 1581 892 1634 deposito
924 1582 1130 1635 Zeyuntur,
1163 1582 1226 1624 ita
1257 1587 1496 1636 repugnant
1524 1581 1705 1637 veritati,
1737 1585 1785 1625 ut

293 1638 444 1680 dubius
483 1639 654 1681 haerere
693 1640 852 1693 possis,
904 1655 1006 1682 num
1054 1641 1142 1694 ipse
1181 1642 1436 1695 Lampertus
1485 1646 1572 1684 tam
1615 1641 1784 1684 insulsa

291 1697 522 1750 scripserit,
565 1712 623 1740 an
663 1699 891 1741 monachus
921 1700 1287 1742 Hamerslebensis
1318 1715 1368 1743 ea
1399 1700 1632 1754 corruperit
1641 1701 1670 1754 4,
1710 1701 1786 1743 sed

292 1755 478 1808 equidem
517 1756 739 1799 Wilhelmo
780 1758 1056 1801 Wattenbach
1096 1759 1305 1801 assentior
1318 1760 1344 1813 5,
1396 1759 1470 1812 qui
1514 1764 1652 1802 monet
1695 1763 1784 1802 tam
1794 1772 1832 1800 ευ

283 1828 442 1866 parum
483 1815 720 1869 diliqentem
757 1817 1031 1870 Lampertum
1071 1818 1204 1870 fuisse
1245 1818 1292 1860 in
1332 1818 1454 1860 rebus
1493 1818 1682 1872 antiquis
1719 1818 1783 1861 in·

292 1873 513 1927 daqandis,
536 1879 582 1916 ut
601 1875 729 1926 facile
751 1880 913 1918 tantam
935 1876 1224 1928 confusionem
1243 1877 1385 1928 facere
1397 1877 1597 1930 potuerit.
1641 1877 1783 1920 Plura

294 1964 327 2007 1)
351 1965 463 2006 Infra
485 1977 522 2009 p.
539 1968 620 2009 347,
649 1967 670 2001 Ζ.
688 1969 850 2008 27—35,·
874 1969 920 2010 cf.
942 1969 1049 2012 prol„
1077 1969 1183 2010 infra
1202 1980 1242 2012 p.
1257 1970 1338 2011 345,
1366 1969 1388 2005 Z.
1407 1970 1536 2005 9—12.
1608 1970 1645 2013 2)
1670 1969 1780 2014 Prol„

292 2012 397 2052 infra
416 2023 455 2054 p.
474 2014 554 2055 345,
582 2014 603 2046 Ζ.
625 2016 774 2050 12-14.
801 2019 831 2048 et
850 2026 890 2058 p.
908 2017 990 2057 348,
1017 2016 1037 2051 l.
1056 2018 1209 2051 23—27.
1324 2017 1360 2059 3)
1386 2017 1500 2057 Infra
1521 2028 1558 2060 p.
1575 2018 1657 2058 347,
1684 2017 1706 2052 l.
1723 2017 1782 2052 25.

292 2060 349 2092 26.
405 2059 597 2101 Perper-am
630 2072 737 2104 neque
771 2062 845 2095 ulla
879 2073 971 2095 sana
1004 2064 1145 2096 ratione
1177 2064 1281 2096 nisus
1313 2063 1409 2096 discit
1442 2064 1486 2098 F.
1513 2063 1635 2107 stoue,
1674 2063 1781 2099 ‘Hm
1794 2075 1831 2100 no

294 2105 492 2138 Jahrbuch’
518 2107 630 2150 XIII,
654 2120 691 2151 p.
709 2110 789 2144 447.
817 2110 1027 2142 monachum
1051 2110 1371 2143 Hamerslebensem
1395 2121 1412 2143 e
1442 2110 1526 2143 Vita
1549 2110 1653 2143 Daui
1674 2121 1782 2154 quae-

292 2152 375 2183 dam
418 2155 627 2195 excerpsisse
666 2159 697 2188 et
737 2157 785 2189 iis
823 2167 913 2199 quae
948 2167 991 2189 ex
1024 2157 1112 2191 Inst.
1147 2157 1308 2191 Herveld.
1344 2161 1544 2199 sumpserat
1576 2157 1780 2201 inseruisse,

292 2199 451 2240 neylectis
475 2201 522 2232 iis
547 2212 634 2243 quae
659 2203 733 2234 iam
753 2204 794 2236 Gr.
818 2203 946 2246 Waitz,
974 2203 1038 2238 SS.
1059 2204 1099 2246 V,
1124 2215 1160 2247 p.
1181 2206 1260 2244 139,
1287 2203 1310 2239 Ζ.
1328 2205 1384 2238 21.
1410 2207 1499 2237 recte
1522 2204 1678 2247 dixerat,
1705 2207 1782 2237 tum

293 2246 340 2277 iis
373 2256 461 2287 quae
495 2248 568 2290 ipse
602 2249 658 2283 ‘N.
685 2249 830 2283 Archiv’
865 2250 941 2293 IX,
974 2262 1011 2294 p.
1039 2251 1111 2286 294
1126 2261 1177 2294 sq.
1212 2253 1282 2286 313
1299 2262 1349 2294 sq.
1384 2254 1414 2283 et
1455 2251 1508 2286 W.
1542 2251 1779 2294 Wattenbach,

295 2291 430 2332 ‘DGQ’
456 2294 506 2328 ed.
532 2296 563 2329 5.
591 2295 642 2336 II,
670 2307 709 2338 p.
737 2298 792 2331 92.
820 2307 1107 2340 eoeposueramus.
1157 2298 1309 2331 Rationi
1340 2308 1530 2332 consonum
1564 2302 1668 2342 atque
1695 2308 1830 2342 per-⁸5

292 2339 451 2381 spicuam
485 2350 555 2373 non
588 2342 700 2375 solum
732 2347 779 2375 est
804 2344 1037 2387 Lampertum
1067 2355 1172 2378 suum
1197 2345 1329 2378 librum
1354 2345 1402 2377 ad
1426 2346 1672 2379 enarrandam
1695 2346 1790 2388 fusu-

292 2385 467 2418 dationem
501 2390 707 2422 monasterii
741 2392 984 2434 exscripsisse,
1029 2392 1088 2424 sed
1122 2393 1227 2424 etiam
1261 2393 1335 2434 ipse
1368 2393 1408 2425 in
1438 2392 1587 2436 proloyo
1621 2393 1674 2436 (p.
1697 2393 1778 2436 343,

293 2431 314 2466 Z.
330 2433 374 2466 27
387 2434 479 2474 sqq.)
499 2434 596 2467 Vitae
612 2436 713 2468 [fulli
727 2437 840 2470 verbis
861 2448 949 2471 usus
965 2438 1062 2471 dixit
1086 2450 1120 2472 se
1145 2439 1252 2480 infra
1276 2442 1520 2472 narraturum
1545 2449 1586 2472 ea
1610 2449 1701 2482 quae
1724 2440 1782 2473 in-

293 2478 358 2519 fra
393 2489 408 2510 e
439 2479 519 2511 Vita
553 2481 653 2514 Lulli
685 2485 863 2527 exscripta
897 2489 988 2519 sunt.
1057 2486 1106 2518 Et
1139 2486 1261 2527 verba,
1296 2485 1426 2529 quibus
1458 2486 1542 2519 Vita
1574 2486 1676 2519 Lulli
1707 2486 1730 2521 Ζ.
1755 2485 1780 2520 l.

292 2526 424 2557 citatur
447 2524 561 2568 (Haeo
594 2555 600 2562 .
629 2556 636 2563 .
665 2556 671 2563 .
703 2529 847 2564 libellus
881 2530 926 2564 de
960 2531 1035 2565 vita
1069 2532 1184 2566 sancti
1213 2532 1313 2566 Lulli
1347 2532 1464 2566 editus
1497 2560 1504 2568 .
1532 2560 1540 2567 .
1568 2558 1576 2566 .
1608 2532 1830 2578 explicat)4o

292 2572 467 2614 ipsissimi
489 2578 570 2605 sunt
586 2575 782 2619 Lamperti,
809 2581 926 2621 utpote
942 2580 1006 2620 qui
1028 2580 1153 2612 iisdem
1177 2580 1292 2613 verbis
1316 2580 1435 2613 Vitam
1458 2580 1631 2623 Wiyberti
1653 2580 1782 2613 lauda-

292 2619 379 2650 verit
403 2619 441 2660 (c.
463 2620 516 2653 17.
543 2620 634 2654 sieut
658 2622 775 2656 editus
801 2623 846 2657 de
862 2624 937 2657 vita
960 2624 1035 2658 eius
1060 2625 1202 2659 libellus
1227 2625 1390 2670 indicat),
1415 2630 1600 2660 mutuatus
1624 2637 1680 2660 eos
1702 2636 1782 2660 cum

292 2668 340 2697 tot
366 2665 449 2698 aliis
474 2675 497 2697 a
522 2666 618 2709 Sulp.
645 2668 779 2712 Severo,
815 2672 879 2713 qui
902 2671 1018 2714 Epist.
1044 2673 1074 2706 Ι.
1101 2673 1224 2706 habet:
1253 2672 1368 2706 libelli
1392 2673 1474 2717 mei,
1502 2684 1612 2716 quem
1636 2673 1682 2708 de
1705 2673 1781 2708 vita

291 2710 390 2744 beati
413 2711 481 2744 viri
506 2710 656 2747 Martini
681 2715 787 2750 edidi.
873 2717 910 2760 4)
925 2718 1072 2750 Penitus
1095 2720 1311 2752 reiciendum
1337 2723 1385 2752 est
1409 2721 1501 2763 quod
1526 2721 1578 2756 W.
1604 2721 1646 2754 de
1665 2721 1780 2754 Gaesa-

293 2757 424 2798 brecht,
462 2758 606 2794 ‘DKZJ
631 2762 681 2796 ed.
708 2764 741 2798 5.
767 2763 803 2805 I,
834 2775 873 2806 p.
900 2765 981 2799 847.
1002 2767 1208 2808 proposuit,
1238 2776 1277 2808 p.
1304 2767 1384 2808 349,
1413 2767 1435 2801 Z.
1461 2769 1492 2801 7.
1522 2777 1595 2810 pro
1619 2764 1828 2801 Ludolfoffl

293 2804 472 2846 Zeyendum
488 2815 557 2838 esse
573 2805 758 2851 Lothario,
776 2820 854 2842 cum
870 2811 1048 2852 Isudolfus
1065 2813 1139 2844 iam
1157 2816 1261 2844 antea
1282 2814 1488 2847 nominatus
1503 2815 1560 2848 sit.
1647 2814 1683 2858 5)
1700 2814 1780 2847 ‘Ga-

292 2850 516 2886 schichtschr.
542 2854 575 2886 2.
594 2854 729 2897 Ausy.’,
757 2856 923 2890 Lambert
943 2869 982 2901 p.
1002 2863 1137 2901 XXVII,
1162 2869 1197 2893 n.
1215 2861 1249 2893 2.
