2014 3184
350 266 422 300 324
566 263 694 300 VITA
720 265 878 301 LULLI
902 265 1142 302 AROHOEP.
1170 266 1316 304 AUOT.
1342 266 1634 304 LAMPERTO.

352 386 604 427 christiano
637 386 755 427 nihil
778 387 1028 438 decentius,
1063 389 1336 443 professioni
1367 390 1699 432 monachorum
1729 390 1849 432 nihil

353 445 648 486 commodius.
702 446 902 488 Proinde
934 447 1056 501 ipsos
1088 461 1180 488 non
1213 448 1328 490 bene
1360 449 1525 490 rebusa
1553 449 1645 490 suis
1677 450 1848 505 prospi-

353 516 465 553 cere,
501 505 539 545 si
571 504 858 547 immemores
891 505 1202 548 nobilissimae
1235 508 1606 558 conversationis,
1640 522 1731 563 qua
1753 509 1848 551 fue-

350 565 457 603 rant
495 578 521 603 a
552 563 688 605 beato
721 564 962 606 Bonifacio
995 565 1249 608 liberaliter
1281 566 1483 617 educati,
1526 567 1650 608 ultro
1682 567 1731 608 in
1763 581 1848 610 ser-

350 622 547 664 vitutem
580 624 896 665 concederent.
960 624 1047 665 His
1089 626 1227 678 atque
1265 626 1531 667 huiusmodi
1562 627 1879 670 sermonibus5

352 695 378 721 a
410 681 546 722 beato
572 681 708 722 Lullo
741 684 1012 724 cunctorum
1044 683 1243 724 fratrum
1275 685 1450 726 animos
1483 699 1620 739 quam
1650 686 1848 728 maxime

352 739 570 781 alienavit
613 742 659 782 et
699 741 818 781 nihil
858 741 954 783 tale
995 742 1249 796 suspicanti
1288 757 1380 784 non
1422 744 1698 786 mediocrem
1737 745 1848 787 invi·

352 799 474 839 diam
514 795 667 841 brevib
707 800 1031 842 conflaveratss.
1095 801 1162 842 Ex
1204 803 1290 843 hoc
1332 816 1488 844 omnes
1530 816 1635 844 eum
1665 803 1848 846 infestis

351 858 601 908 mentibus,
645 855 875 900 adversisd
912 859 1153 901 obtutibus
1193 861 1437 915 respicere,
1480 861 1848 906 familiaritatem

351 917 565 966 abnuere,
599 917 844 958 verborum
883 918 1139 960 blandicias
1170 919 1309 961 velud
1345 920 1623 962 instructas⁰
1661 922 1721 963 ad
1752 935 1848 977 per·
1863 935 1897 961 ιο

350 976 516 1017 niciem
549 989 678 1017 suam
708 973 971 1031 decipulasf
997 978 1222 1032 refugere,
1257 983 1469 1021 omnemg
1494 980 1591 1022 eius
1623 976 1902 1036 *congress-*n
1913 995 1968 1023 251.

351 1048 450 1075 sum
484 1037 530 1076 et
563 1035 842 1088 colloquium
885 1039 1149 1091 suspectum
1190 1038 1373 1089 habere,
1418 1039 1614 1093 denique
1647 1053 1750 1082 cum
1785 1041 1847 1082 di-

350 1093 561 1144 lectione,
606 1108 709 1135 cum
742 1095 987 1145 beneficiis,
1032 1110 1136 1138 cum
1168 1097 1486 1139 munificentia
1516 1098 1634 1149 odio,
1675 1099 1847 1141 detrac-

348 1153 475 1194 tione
508 1155 554 1194 et
587 1153 803 1195 conviciis
836 1154 1085 1196 decertare.

497 1214 563 1251 14.
616 1211 722 1254 Huc
755 1214 959 1261 accessit,
993 1215 1116 1268 quod
1148 1215 1231 1256 sub
1263 1215 1385 1257 idem
1417 1215 1514 1258 fere
1545 1218 1728 1272 tempus
1753 1217 1847 1271 qui-
1861 1231 1895 1256 ιε,

350 1271 455 1311 dam
502 1271 687 1312 factiosi
734 1272 971 1314 hominesl
1018 1273 1185 1315 faciem
1232 1274 1353 1328 regis
1396 1274 1582 1330 Pippini
1629 1276 1846 1318 adversus

350 1329 565 1371 abbatem
599 1330 908 1372 Sturmionem
948 1331 1381 1386 interpellaverunt,
1426 1336 1693 1376 accusantes
1725 1348 1843 1385 eum,

349 1388 471 1441 quod
503 1389 552 1428 in
583 1389 757 1442 regiam
789 1390 1077 1431 maiestatem
1110 1391 1259 1432 verbis
1299 1391 1493 1432 nimium
1525 1393 1844 1447 petulantibus

235 1447 615 1488 763⁶?excessisset
629 1448 656 1487 2.
714 1447 849 1489 Unde
881 1462 960 1490 rex
991 1449 1061 1490 ira
1093 1462 1335 1491 succensus
1368 1451 1504 1492 exilio
1537 1465 1643 1493 eum
1673 1452 1844 1507 relega.-

348 1505 427 1555 vit,
463 1506 705 1547 Fuldensis
737 1520 843 1548 vero
876 1508 1144 1550 monasterii
1175 1509 1511 1563 providentiam
1544 1510 1680 1552 beato
1706 1511 1892 1554 Lu11020

349 1565 564 1606 decrevit.
616 1565 683 1606 Ea
714 1579 785 1607 res
817 1566 1066 1620 suspicioni
1097 1567 1189 1608 iam
1221 1568 1399 1622 pridem
1431 1571 1559 1611 ortae
1590 1583 1684 1611 non
1715 1571 1843 1611 mini-

348 1618 500 1663 mum¹¹
536 1624 712 1665 roboris
753 1625 947 1666 addidit.
1010 1626 1127 1667 Tota
1167 1627 1377 1681 protinus
1410 1629 1710 1683 congregacio
1741 1629 1844 1684 pari

347 1678 587 1724 adversusi
620 1683 884 1738 episcopum
917 1685 1071 1726 studio
1094 1686 1374 1740 conspiravit
1397 1687 1634 1741 multaque
1665 1688 1715 1728 in
1737 1701 1843 1730 eum

346 1741 504 1795 gravia
551 1743 598 1783 et
644 1745 900 1784 memoratu
941 1740 1255 1786 *incredibilia
1304 1745 1552 1788 maledicta
1599 1747 1840 1802 congessit,
1855 1758 1976 1790 '‘r-143·

347 1800 567 1842 dictitans
600 1814 704 1842 eum
745 1801 970 1842 malorum
1011 1803 1176 1843 talium
1216 1803 1500 1846 incentorem
1539 1805 1702 1856 fuisse,
1745 1806 1842 1848 eius
1856 1821 1891 1847 2⁵

346 1859 597 1913 largicione
630 1862 918 1902 accusatores
943 1861 1086 1903 fuisse
1119 1859 1403 1917 corruptosk,
1439 1864 1536 1905 eius
1569 1864 1746 1906 artibus
1777 1865 1842 1907 in·

346 1920 557 1966 structos,
602 1919 699 1960 eius
733 1920 887 1960 studio
924 1920 973 1960 in
1010 1921 1293 1962 audientiam
1326 1918 1469 1976 regisl
1501 1923 1734 1974 admissos,
1767 1937 1842 1979 po—

346 1978 515 2017 stremo
555 1979 703 2018 totam
735 1978 872 2019 huius
914 1980 1219 2021 accusationis
1260 1980 1468 2022 fabulam
1505 1982 1561 2023 ab
1603 1995 1656 2024 eo
1698 1982 1842 2025 fuisse

346 2035 602 2085 confictam,
646 2038 885 2088 quatenus,
929 2038 1176 2080 deturbato
1214 2041 1408 2093 pastore,
1451 2040 1548 2094 ipse
1588 2041 1639 2082 in
1671 2041 1841 2083 desola—

344 2094 445 2133 tum
487 2093 606 2134 ovile
648 2094 744 2135 sine
786 2096 990 2148 periculo
1031 2097 1256 2151 impetum
1288 2098 1464 2141 faceret
1477 2099 1506 2138 3.
1568 2100 1643 2141 Ad
1684 2100 1890 2142 sedan-³0

346 2152 450 2192 dam
484 2165 591 2206 ergo
624 2152 743 2193 hanc
754 2156 785 2175 ¹¹¹
816 2154 1002 2194 turbam
1034 2156 1404 2211 archiepiscopus
1443 2158 1590 2199 modis
1628 2159 1840 2200 omnibus

343 2210 552 2252 intentus
575 2210 783 2252 Marcum
809 2213 1038 2265 quendam
1069 2214 1254 2255 nomine
1286 2216 1482 2268 prefecit
1514 2217 1578 2257 eis
1610 2217 1838 2267 abbatem,

344 2269 492 2310 virum
532 2270 658 2311 mitis
698 2270 874 2324 ingenii
906 2272 971 2321 et,
1014 2274 1067 2312 ut
1100 2272 1224 2314 eius¹¹
1260 2272 1441 2314 ferebat
1479 2275 1653 2328 opinio,
1694 2276 1839 2317 tantis

343 2405 373 2438 a)
391 2414 490 2438 prosp.
510 2415 533 2434 r.
551 2407 613 2432 suis
633 2407 674 2435 22.
741 2407 771 2438 b)
791 2415 845 2435 om.
863 2408 905 2435 2⁸.
973 2410 1000 2439 c)
1019 2411 1051 2434 at
1070 2415 1083 2433 e
1102 2416 1179 2436 corr.
1198 2410 1222 2437 1.
1285 2409 1315 2440 d)
1334 2411 1481 2435 aversis
1502 2410 1579 2443 2⁸·b‚
1601 2414 1632 2436 ut
1650 2412 1754 2443 Lamp.
1773 2412 1802 2437 in
1823 2413 1839 2437 2

342 2443 491 2474 scripsisse
510 2443 638 2474 violetur,-
667 2443 702 2473 cf.
722 2450 813 2475 supra
832 2452 865 2474 p.
879 2444 941 2475 299,
962 2444 981 2471 l.
994 2444 1037 2470 26.
1137 2445 1165 2475 e)
1190 2445 1232 2469 ita
1251 2444 1327 2471 ΗΜ).
1347 2443 1413 2469 284)
1439 2446 1500 2477 (vel
1518 2446 1603 2474 instr.
1622 2446 1682 2479 2=);
1710 2450 1838 2474 structas
1852 2450 1887 2476 35

343 2476 382 2502 ad.
402 2477 563 2509 perniciem
582 2485 666 2503 suam
691 2479 747 2510 legi
765 2482 903 2510 nequeunt
923 2480 948 2511 1,
979 2486 1082 2504 manus
1102 2487 1125 2507 ε.
1145 2479 1210 2507 XV.
1233 2481 1387 2510 super-levit
1411 2481 1502 2512 inepte
1526 2481 1788 2508 instrumentorum
1813 2485 1839 2508 et

343 2511 382 2537 ad
401 2520 485 2544 pern.
504 2520 589 2538 suam
611 2513 721 2545 delevit,
747 2517 778 2538 ut
801 2514 871 2539 haec
895 2515 950 2545 lem·
973 2518 1120 2546 nequeant.
1211 2514 1234 2547 f)
1259 2516 1295 2540 de
1320 2522 1472 2547 superarer„
1499 2517 1562 2541 alia
1582 2517 1690 2542 sillaba
1711 2518 1839 2549 (transs)

343 2548 435 2572 deleta
449 2549 473 2575 1.
486 2561 521 2566 —
534 2549 640 2580 fugere
654 2548 698 2576 lb.
781 2551 812 2581 g)
832 2557 933 2575 omnes
953 2550 994 2577 2².
1072 2550 1103 2581 h)
1122 2550 1245 2575 nimium
1265 2550 1341 2578 1²·b.
1423 2551 1444 2583 i)
1463 2558 1619 2584 superscr„
1645 2555 1670 2578 et
1689 2553 1838 2586 archiepi-

343 2590 463 2614 scopum
483 2590 557 2611 corr.
576 2584 684 2616 episc.,
709 2584 792 2609 archi
812 2585 866 2612 del.
880 2586 910 2617 13
936 2592 965 2616 p.
984 2587 1019 2612 st.
1039 2584 1106 2613 adV.
1126 2593 1172 2618 ep.
1192 2585 1235 2612 2¹1.
1317 2585 1349 2618 k)
1368 2590 1519 2619 correptos
1539 2589 1563 2614 1.
1584 2587 1660 2620 1⁸⁴³,
1675 2591 1743 2620 post
1763 2595 1839 2616 corr.

343 2622 500 2650 corruptos
521 2620 562 2650 18,
583 2621 608 2643 et
627 2619 670 2644 ita
688 2618 767 2650 2⁸⁴³,
788 2622 818 2644 ut
837 2620 941 2651 Lamp.
960 2621 991 2645 in
1010 2621 1171 2652 exemplari
1189 2621 1205 2645 2
1225 2622 1360 2649 correxit.
1426 2622 1447 2653 1)
1466 2629 1607 2654 super-scr.
1627 2624 1652 2651 1.
1723 2625 1764 2655 m)
1783 2631 1838 2651 om.
1850 2627 1887 2653 40

344 2652 421 2685 1⁵·b,
448 2654 496 2678 ubi
518 2654 726 2682 turbationem.
798 2654 828 2687 u)
848 2656 901 2682 fer.
920 2657 983 2681 eius
1003 2656 1044 2683 2⁵.

345 2757 380 2803 1)
412 2759 497 2792 Tres
522 2760 688 2793 monachi
710 2761 916 2803 Fuldenses,
942 2765 982 2794 ut
1006 2761 1112 2804 Eiyil
1134 2771 1161 2797 6.
1181 2762 1237 2798 16.
1262 2762 1395 2796 scribit.
1533 2763 1570 2808 2)
1596 2763 1701 2806 Eiyil
1723 2774 1751 2800 c.
1771 2765 1836 2799 16:

344 2804 491 2849 crimen,
517 2806 637 2840 nescio
664 2807 771 2849 quod,
798 2807 843 2842 de
868 2807 1057 2842 inimicitia
1080 2807 1176 2852 regis
1201 2807 1397 2843 obicientes
1423 2809 1468 2846 ei.
1548 2809 1585 2854 3)
1612 2810 1736 2844 Etiam
1759 2821 1837 2843 ma-

342 2853 432 2885 ioris
456 2854 619 2887 criminis
636 2854 780 2887 Lullum
806 2856 929 2897 aryuit
951 2855 1056 2897 Eiqil
1077 2865 1104 2890 c.
1125 2857 1180 2897 17,
1205 2866 1284 2889 eum
1308 2867 1460 2890 munera
1485 2855 1618 2891 iniusta
1642 2856 1836 2891 tribuendo

343 2909 366 2931 a
390 2899 546 2942 Pippino
570 2911 650 2943 rege
674 2901 863 2935 Fuldensis
887 2902 1041 2936 coenobii
1063 2903 1218 2944 reqimen
1242 2904 1408 2947 adeptum
1432 2914 1511 2939 esse.
1803 2924 1807 2925 ν
1847 2913 1884 2939 45
