1968 3164
530 224 801 262 LAMPERTI
825 223 1081 260 ANNALES.
1131 224 1179 259 A.
1207 226 1312 262 1070.
1614 227 1683 262 115

10 400 13 401 ⁷
172 348 264 403 Qui
315 363 420 393 eum
477 351 715 404 tamquam
777 347 1015 390 manifesti
1077 346 1282 388 criminis
1345 346 1682 401 deprehensum
1700 352 1802 387 1070.

6 423 88 462 702».
98 424 159 453 1⁶18.
173 407 320 452 *reum
372 408 630 452 maiestatis
681 407 1029 457 iudicaverunt,
1080 408 1127 448 et
1174 406 1212 447 si
1261 408 1516 460 caperetur,
1566 406 1683 461 capi-

171 469 260 512 tali
298 469 349 511 in
389 482 495 511 eum
542 467 778 511 sententia
823 466 1287 508 animadvertendum
1328 466 1429 507 fore
1477 465 1683 508 decreve-

171 530 284 571 runt
297 528 326 570 ¹.
389 528 507 571 Ilico
549 527 688 570 amici
734 527 857 582 regis
902 526 1027 568 ferro
1070 527 1118 568 et
1159 525 1267 580 igne
1309 524 1522 579 persequi
1564 538 1682 574 eum,

142 588 346 644 asinguli
392 602 476 644 pro
522 587 675 630 virilia
727 586 955 642 portione,
1004 579 1391 640 adgrediunturb.
1469 583 1684 638 Plerique

173 648 315 692 etiam
356 661 442 691 nec
483 647 574 690 fide
616 660 727 702 erga
765 659 921 701 regem
962 659 1048 687 nec
1081 644 1236 686 studio
1270 657 1380 698 erga
1410 657 1507 686 rem
1539 643 1684 698 publi·

173 721 275 750 cam
306 721 392 751 nec
422 706 603 750 ultione
636 706 909 761 cuiusquam
941 705 1149 760 privatae
1181 703 1397 754 iniuriae,
1442 703 1522 744 sed
1555 702 1678 744 so1a0

172 767 440 824 rapinarum
482 766 742 822 cupiditate
784 779 913 807 arma
954 766 1116 807 contra
1158 778 1263 806 eum
1306 762 1511 817 capiunt.
1576 758 1681 803 Itad

173 827 379 882 undique
420 826 610 878 laxatis,
653 826 822 868 immo⁶
861 824 1012 880 ruptis
1052 824 1226 865 irarum
1267 822 1483 872 habenis,
1527 835 1686 864 omnes

126 886 223 930 1oin
263 901 370 930 eum
409 886 617 938 irruunt,
661 885 823 941 predia
863 885 962 927 eius
1003 886 1051 926 et
1093 882 1402 939 possessiones
1435 881 1550 923 alias
1583 881 1686 922 diri-

173 947 332 1003 piunt,
375 947 584 997 vastant,
627 945 907 995 incendunt,
951 943 1186 985 ministros
1234 942 1332 984 eius
1380 954 1686 996 agrorumque

174 1006 399 1058 cultores,
442 1006 481 1048 si
513 1019 627 1061 quos
658 1000 784 1047 forsf
821 1003 1089 1054 obtulisset,
1124 1002 1429 1052 obtruncant,
1464 1000 1685 1051 lacerant,

173 1065 405 1122 iugulant.
478 1065 554 1108 Sic
601 1066 835 1120 postremo
881 1065 1037 1119 preter
1083 1062 1272 1104 modum
1320 1061 1687 1115 modestiamque

174 1125 247 1168 ira
275 1125 610 1168 inmoderatior
640 1123 1002 1174 debachabatur,
1041 1124 1095 1164 ut
1127 1136 1211 1164 nec
1245 1121 1302 1163 ab
1336 1120 1570 1163 aecclesiis
1602 1133 1687 1162 nec

128 1202 163 1228 ιτ»
174 1185 384 1241 templis,
427 1198 545 1240 quae
586 1183 667 1227 ille
708 1183 906 1239 propriis
947 1182 1167 1237 impensis
1209 1181 1310 1223 Deo
1352 1181 1685 1230 construxerat,

175 1244 360 1288 hostilis
401 1244 597 1288 seviciae
638 1244 840 1299 impetus
882 1243 1176 1298 temperaret.
1250 1240 1432 1283 Deinde
1474 1254 1554 1282 rex
1602 1238 1688 1281 col-

174 1304 298 1348 lecto
339 1304 546 1347 exercitu
587 1317 796 1359 egressus
838 1304 1091 1345 extremam
1132 1300 1260 1356 operi
1297 1314 1485 1341 manum
1527 1313 1610 1354 per
1641 1312 1688 1340 se

175 1364 328 1420 ipsum
368 1363 612 1420 imposuit;
656 1362 901 1419 principes,
945 1375 1059 1416 quos
1101 1361 1144 1403 ei
1177 1359 1582 1414 consanguinitate
1615 1358 1689 1400 vel

176 1423 270 1466 alia
299 1423 642 1467 necessitudine
674 1422 896 1465 obnoxios
929 1423 1134 1471 noverat,
1174 1422 1256 1461 aut
1289 1419 1491 1474 acceptis
1524 1418 1689 1460 obsidi-

127 1483 284 1527 mbus·
304 1485 387 1526 aut
426 1482 744 1533 iureiurando,
788 1496 846 1524 ne
889 1482 949 1523 ad
991 1495 1095 1523 eum
1138 1480 1408 1530 deficerent,
1448 1477 1688 1532 obligavit.

177 1542 434 1586 Castellum
475 1543 574 1586 eius
613 1541 930 1591 Hanenstein,
974 1555 1002 1582 a
1048 1554 1138 1594 quo
1181 1540 1239 1580 ad
1282 1539 1481 1593 primum
1530 1537 1689 1578 statim

177 1602 291 1646 belli
339 1605 564 1646 terrorem
615 1601 868 1657 presidium
926 1600 1181 1642 abductum
1242 1598 1419 1648 fuerat,
1474 1597 1689 1638 funditus

177 1662 323 1705 everti
367 1662 517 1704 iussit.
590 1661 687 1704 Alii
734 1659 939 1710 castello,
989 1659 1148 1713 quodg
1194 1657 1456 1710 Tesenberg
1504 1656 1687 1705 dicitur,

177 1721 431 1765 exercitum
461 1722 556 1763 iam
588 1721 870 1763 admoverat.
935 1718 1026 1760 Sed
1058 1718 1108 1759 hi
1141 1717 1219 1771 qui
1251 1717 1379 1757 intus
1412 1718 1558 1766 erant,
1602 1715 1690 1756 etsi

129 1799 165 1826 25
177 1781 269 1824 loci
300 1781 394 1823 situ
425 1779 811 1835 inexpugnabiles
844 1780 997 1820 essent
1035 1779 1082 1819 et
1115 1776 1260 1831 copiis
1293 1775 1528 1825 omnibus,
1573 1787 1689 1828 quae

177 1840 546 1883 administrando
579 1839 703 1882 bello
725 1837 1009 1880 necessariae
1042 1838 1187 1885 erant,
1223 1835 1403 1876 affatim
1426 1834 1688 1883 affluerent,

178 1899 304 1942 ultro
336 1901 495 1942 tamen
527 1912 574 1942 se
608 1898 776 1940 dedere
809 1891 974 1952 quamh
1013 1895 1264 1950 ancipitem
1307 1893 1419 1936 belli
1451 1893 1690 1935 fortunam

178 1961 409 2014 temptare
441 1957 720 2000 maluerunt.
783 1956 967 1999 Relicto
998 1955 1096 1997 illic
1130 1954 1343 2010 presidio,
1383 1967 1463 1995 rex
1495 1953 1545 1993 in
1577 1952 1690 1994 ulte-

178 2019 302 2060 riora
331 2018 435 2061 loca
466 2017 526 2060 ad
558 2016 875 2060 demoliendas
906 2015 1062 2058 uxoris
1094 2027 1275 2069 quoque
1318 2013 1416 2055 eius
1450 2012 1691 2067 possessio-

130 2078 291 2124 aones²
322 2077 575 2120 exercitum
597 2076 806 2126 abduxit,
839 2075 974 2117 villas
996 2074 1168 2116 multas
1191 2073 1356 2128 opibus
1389 2074 1436 2114 et
1469 2071 1691 2114 aedificiis

178 2137 494 2180 ornatissimas
514 2136 736 2187 incendit,
762 2136 883 2178 bona
905 2134 1112 2189 diripuit,
1145 2134 1195 2174 in
1217 2132 1433 2174 mulieres
1456 2134 1503 2173 et
1525 2144 1691 2186 pueros

181 2219 237 2226 —-
267 2211 375 2239 nam
407 2196 495 2239 viri
534 2196 584 2238 in
625 2197 807 2238 montes
849 2197 896 2238 et
935 2194 986 2235 in
1023 2188 1192 2235 saltusi
1236 2192 1393 2234 devios
1426 2205 1473 2233 se
1507 2191 1690 2232 abdide-

179 2259 285 2299 rant
306 2279 365 2284 —
386 2256 496 2299 feda
528 2258 575 2298 et
607 2255 798 2298 hostilia
830 2254 980 2295 multa
1012 2253 1263 2302 com1nisit;
1298 2254 1523 2305 tantaque
1555 2251 1604 2290 in
1638 2264 1690 2291 ea

161 2316 472 2372 ⁴expeditione
505 2315 672 2358 acerba
703 2317 750 2357 et
783 2313 990 2356 crudelia
1021 2313 1226 2368 perpessi
1259 2314 1367 2353 sunt
1400 2325 1427 2351 a
1458 2324 1566 2364 rege
1593 2323 1689 2364 pro-

131 2375 280 2431 wprio
310 2375 521 2418 homines
552 2375 824 2417 innocentes
867 2375 914 2416 et
955 2373 1086 2414 nulla
1118 2372 1283 2414 saltem
1317 2370 1576 2425 suspicione
1610 2368 1689 2410 cri·

179 2434 315 2476 minis
348 2435 619 2489 cuiusquam
650 2433 888 2483 infamati,
932 2435 986 2474 ut
1018 2431 1137 2473 nihil
1171 2430 1402 2479 acerbius,
1443 2428 1560 2469 nihil
1595 2442 1689 2469 cru-

180 2559 211 2594 ι)
227 2561 314 2588 virile
332 2562 392 2588 ΒΞ.
447 2560 479 2594 b)
498 2561 623 2594 aggred.
645 2561 747 2587 B1.2.
809 2560 836 2592 e)
861 2560 955 2585 solum
975 2558 1057 2585 Blb.
1127 2557 1157 2586 d)
1182 2559 1286 2590 Itaque
1307 2557 1368 2582 131.
1382 2556 1409 2581 2.
1467 2557 1494 2585 e)
1515 2562 1582 2587 ymo
1603 2553 1686 2587 B1b5

180 2603 278 2630 ymmo
296 2597 359 2623 ΒΩ.
434 2597 458 2630 f>
478 2598 538 2623 sora
557 2597 620 2622 Βι.
694 2591 763 2629 gyf}
784 2596 847 2622 132.
922 2594 953 2628 h)
972 2603 1005 2628 (ῃ
1026 2595 1121 2628 (quia)
1141 2595 1220 2620 131⁵.
1296 2593 1316 2625 i)
1336 2592 1426 2617 sanos
1445 2590 1526 2616 Bw.

183 2703 218 2746 1)
241 2704 279 2737 et
301 2702 332 2737 si
358 2723 402 2728 —
427 2702 507 2738 fore
531 2703 660 2747 Lamp.
696 2706 909 2737 commentus
943 2712 1013 2735 esse
1047 2702 1196 2736 videtur.
1256 2700 1314 2740 (Τ.
1351 2699 1447 2731 Ann.
1475 2697 1569 2732 sm..-
1607 2706 1689 2730 reus

134 2749 379 2785 wmaiestatis
395 2761 474 2786 esse
491 2750 711 2793 decernitur,
738 2752 776 2785 et
800 2750 838 2784 in
860 2749 956 2795 regis
982 2751 1162 2794 potestate
1188 2747 1336 2782 redacto
1363 2745 1499 2779 ducatu
1519 2772 1526 2780 .
1546 2773 1553 2779 .
1575 2772 1583 2780 .
1602 2744 1688 2788 ipse,

181 2796 401 2842 ubicumque
425 2797 662 2841 inveniretur,
696 2797 866 2842 persequi
900 2798 946 2831 ab
981 2797 1150 2831 omnibus
1175 2795 1332 2828 iubetur.
1431 2794 1468 2835 2)
1504 2793 1547 2825 In
1584 2792 1691 2824 West-

183 2844 324 2886 saliam.
382 2845 484 2880 Uxor
508 2847 601 2879 enim
629 2845 768 2879 ottonis
792 2845 973 2878 Richenza
999 2845 1085 2886 fuit,
1123 2843 1227 2876 vidua
1256 2841 1462 2874 Iler-manni
1489 2841 1625 2873 comitis
1650 2839 1691 2872 de

192 2891 310 2925 Werla
334 2893 448 2935 (Ama.
475 2892 586 2935 Saxo,
613 2892 677 2929 SS.
700 2893 763 2935 VI,
784 2904 823 2936 p.
843 2895 912 2928 720
929 2894 1010 2935 sq).
1061 2890 1235 2924 JIESSE.

1353 2957 1399 2994 8*
