2046 3190
509 234 783 295 LQLPERTI
807 235 1062 272 ANNALES.
1112 236 1160 272 A.
1188 239 1292 274 1075.
1594 241 1666 276 239

146 357 399 400 servandos
440 358 689 409 commisit,
733 361 781 402 et
822 359 961 414 paulo
1003 362 1108 414 post
1154 362 1293 415 rupto
1334 361 1511 411 federe,
1562 362 1783 404 con-1075·

147 417 341 473 ⁴temptis
371 417 599 468 omnibus,
633 418 800 473 quibus
833 432 880 460 se
913 419 1214 474 obligaverat,
1248 420 1550 462 iurisiurandi
1570 422 1663 463 vin·
1675 408 1859 477 (Ῠηῗζζξῖἧῖ

151 475 268 519 culis
282 476 311 529 1,
345 490 422 520 eos
454 491 536 533 per
569 477 784 528 Galliam,
819 477 1036 520 Sueviam
1067 481 1115 522 et
1148 479 1423 530 Baioariam,
1459 495 1540 536 per
1572 481 1662 523 Ita-

150 535 262 578 liam
294 537 342 580 et
373 537 696 592 Burgundiam
729 538 967 594 deportari
998 538 1113 581 fecit
1127 540 1153 579 ².
1214 539 1448 582 Beneficia
1480 555 1661 595 quoque

117 608 138 636 ὀ
150 609 310 639 eorum
331 596 560 639 militibus
582 598 689 648 suis,
713 612 910 652 quorum
927 598 1146 654 precipue
1164 613 1304 654 opera
1320 599 1368 640 in
1387 599 1510 642 bello
1529 600 1662 642 Saxo-

149 655 255 698 nico
286 669 397 699 usus
428 657 596 707 fuerat,
631 657 872 700 distribuit
886 657 914 698 3.
975 657 1297 700 Commoratus
1331 659 1471 701 etiam
1503 660 1662 715 paucis

150 715 314 759 diebus
344 715 394 758 in
424 717 674 772 Turingiaa
713 717 958 760 castellum
995 718 1046 759 in
1076 714 1346 773 Asenbergb
1383 719 1662 761 instauravit

149 775 493 831 presidiumque
524 777 766 832 imposuit,
809 791 1077 833 precavens,
1119 792 1177 820 ne
1210 779 1322 833 quid
1355 781 1459 834 post
1492 780 1662 834 digres-

149 848 252 876 sum
289 849 424 878 suum
460 836 693 879 instabilis
726 837 856 891 vulgi
893 837 1084 879 levitate
1116 840 1380 880 novaretur.
1443 839 1662 882 Preterea

103 908 138 934 ιο
149 894 366 951 ingenuis
402 896 634 947 omnibus,
679 897 758 951 qui
789 896 863 939 vel
902 910 1011 939 casu
1049 897 1299 940 abfuerant
1330 898 1404 940 vel
1443 901 1571 941 metu
1613 913 1660 941 se

151 954 494 1006 subtraxerant,
529 956 653 998 diem
684 956 870 1006 statuit,
913 958 1022 999 ante
1055 971 1191 1011 quem
1224 958 1262 999 si
1294 958 1343 998 in
1376 958 1660 1001 deditionem

150 1027 247 1056 non
270 1014 516 1066 venissent,
550 1017 788 1071 tamquam
820 1016 978 1058 hostes
1010 1016 1187 1071 publici
1220 1017 1276 1059 ab
1304 1018 1530 1068 omnibus,
1566 1019 1659 1073 qui-

151 1073 238 1116 bus
267 1087 341 1117 res
373 1075 563 1130 publica
594 1089 731 1118 curae
764 1078 897 1126 esset,
932 1076 1056 1118 ferro
1090 1078 1137 1118 et
1168 1077 1276 1131 igne
1307 1077 1657 1120 infestarentur.

149 1133 306 1189 Atque
345 1134 432 1186 ita,
477 1134 665 1177 dimisso
707 1135 931 1186 exercitu,
974 1136 1123 1182 victor
1169 1136 1370 1187 rediens,
1420 1137 1650 1180 natalemc
1675 1155 1804 1180 Noun.

100 1206 136 1232 15
149 1193 299 1236 sancti
329 1194 524 1236 Martini
556 1195 847 1237 Wormaciae
881 1192 1179 1238 celebravit‘l.

292 1253 482 1296 Interea
516 1254 752 1296 Romanus
793 1255 1006 1310 pontifex
1044 1255 1215 1298 crebris
1258 1255 1570 1311 legationibus
1612 1259 1658 1299 et

148 1311 558 1368 Babenbergenses
609 1314 765 1357 clerici
813 1315 1009 1356 assiduis
1056 1315 1476 1371 supplicationibus
1528 1317 1658 1359 vehe-

147 1373 328 1415 menter
357 1373 458 1428 regi
488 1373 782 1416 inminebant
794 1374 822 1425 ⁴,
867 1377 920 1416 ut
951 1374 1044 1416 iam
1077 1375 1158 1416 diu
1190 1376 1376 1418 vacanti
1408 1376 1658 1418 aecclesiae

148 1431 551 1487 Babenbergensi⁰
579 1436 807 1476 rectorem
833 1434 1110 1490 provideret.
1154 1434 1392 1490 Siquidem
1418 1436 1543 1490 prior
1569 1437 1658 1491 epi-

98 1505 136 1532 80
148 1495 325 1547 scopus,
358 1492 470 1535 licet
493 1493 762 1536 extrinsecis
790 1493 1040 1536 aecclesiae
1062 1495 1427 1550 possessionibus
1455 1495 1658 1537 militum

147 1565 356 1603 suorum,
404 1555 458 1594 ut
506 1566 646 1608 supra
678 1553 856 1595 dictum
897 1555 967 1596 est
981 1553 1009 1605 ⁵,
1059 1554 1260 1609 presidio
1301 1555 1451 1596 fultus
1497 1558 1658 1597 contra

146 1607 373 1653 vetitumf
399 1612 657 1664 incubaret,
691 1613 871 1655 nullam
901 1615 1060 1655 tamen
1093 1614 1373 1668 pontificalis
1406 1615 1551 1656 officii
1584 1616 1657 1657 ad-

147 1670 538 1714 ministrationem
580 1673 855 1727 usurpabat,
905 1673 1150 1728 apostolici
1196 1674 1508 1715 anathematis
1555 1675 1657 1716 reli-

147 1729 284 1784 gione
332 1731 621 1773 absterritus.
696 1731 903 1786 Cumque
943 1732 1042 1786 regi
1088 1733 1138 1773 in
1179 1747 1291 1788 pace
1334 1736 1381 1775 et
1428 1734 1477 1774 in
1518 1734 1654 1785 bello,

98 1803 135 1830 2⁶
147 1789 403 1844 tranquilla
433 1804 515 1832 seu
545 1791 738 1832 turbata
767 1806 818 1833 re
850 1791 1039 1846 publica
1077 1806 1256 1848 semper
1289 1793 1656 1835 commodissime

148 1848 358 1892 affuisset
371 1850 398 1900 ⁴³,
440 1853 488 1892 et
520 1850 844 1892 scandalizatis
885 1851 934 1892 in
966 1865 1020 1894 eo
1054 1852 1247 1894 caeteris
1278 1853 1411 1907 regni
1444 1853 1656 1908 principi·
1763 1901 1768 1907 ,

147 1907 252 1959 bus,
301 1908 426 1951 solus
473 1909 553 1952 ille
595 1924 832 1965 nunquam
873 1911 1212 1953 scandalizatus
1253 1911 1438 1963 fuisset,
1486 1913 1566 1954 sed
1607 1913 1656 1954 in
1671 1894 1883 1962 marshami.

147 1968 327 2010 cunctis
358 1982 476 2024 quae
509 1969 551 2012 ei
583 1970 860 2013 accidissent
892 1970 1238 2013 calamitatibus
1270 1972 1451 2026 pondus
1484 1973 1577 2014 diei
1609 1975 1656 2014 et
1672 1988 1883 2022 Matth.20,12,

147 2029 301 2069 aestus
323 2041 429 2070 cum
451 2042 504 2071 eo
536 2029 810 2072 inconcussa
832 2030 922 2073 fide
949 2032 1200 2085 portasset:
1234 2045 1471 2086 nunquam
1497 2034 1654 2074 tamen

97 2102 134 2128 30
145 2100 226 2129 rex
256 2087 331 2130 vel
371 2087 462 2131 levi
494 2089 632 2131 verbo
671 2089 1115 2132 calumniatoribusg
1158 2090 1255 2133 eius
1297 2091 1499 2142 obstitit,
1542 2092 1654 2146 quin

145 2190 175 2221 a)
203 2189 295 2216 Thur.
317 2191 417 2217 Bne.
510 2192 541 2224 b)
570 2191 730 2225 Asonburg
757 2194 834 2219 1³10.
847 2194 872 2226 2,
903 2201 982 2219 corr.
1004 2194 1159 2226 Asenberg
1183 2195 1247 2221 ΒΞ.
1340 2195 1366 2226 c)
1395 2196 1436 2220 sic
1461 2203 1556 2220 omnes
1583 2196 1610 2221 h.
1633 2197 1653 2221 Ι.

145 2224 177 2257 d)
196 2226 244 2252 etc
263 2227 333 2252 add.
354 2227 435 2254 31¹³.
527 2230 556 2259 e)
576 2229 656 2254 eccle
675 2230 744 2255 bah.
765 2229 845 2255 eectc
865 2229 946 2256 Blb.
1033 2230 1057 2262 f)
1076 2230 1228 2256 laboraret
1247 2231 1328 2263 add„
1348 2232 1398 2256 sed
1418 2235 1550 2263 eaepunct.
1571 2231 1654 2258 Blb.

144 2262 175 2294 g)
194 2262 388 2295 calumpnia.
407 2264 438 2290 h.
452 2264 472 2289 1.
493 2265 611 2291 Bl·.2.

146 2347 181 2389 1)
194 2345 283 2380 Ecce
294 2346 525 2391 deprehendis
538 2353 716 2382 auctorem
729 2349 883 2392 malique
900 2354 931 2383 et
947 2351 1122 2383 conscium
1136 2349 1207 2384 sibi
1221 2350 1372 2391 fraudis
1384 2350 1496 2383 calum
1503 2362 1523 2383 n
1529 2352 1652 2386 iatum.

94 2399 132 2427 ³5
146 2393 246 2435 Quod
261 2394 362 2429 modo
379 2396 430 2440 (p.
448 2398 537 2439 237)
562 2397 665 2438 fama
682 2397 866 2440 vulyatum
885 2408 955 2431 esse
974 2398 1048 2440 ipse
1065 2398 1195 2431 dubius
1211 2408 1298 2431 sane
1314 2398 1470 2440 ‹limet-dt,
1498 2398 1562 2431 hoc
1580 2400 1652 2432 iam

143 2442 221 2475 aces·
241 2446 334 2476 certo
357 2443 495 2484 factum
521 2448 606 2478 esset
628 2449 922 2489 praesumentem.
961 2445 1017 2487 Cf.
1035 2445 1218 2479 Delbric‘clc
1236 2456 1276 2488 p.
1294 2447 1340 2481 49
1358 2457 1408 2489 sq.
1508 2446 1544 2488 2)
1568 2446 1654 2478 Fri-

143 2488 300 2523 (terionem
316 2492 474 2524 comitem
485 2491 695 2535 palatinum
708 2492 863 2536 Papiam
882 2494 1030 2526 missum
1048 2503 1118 2526 esse
1134 2494 1249 2526 tradit
1263 2493 1395 2528 Chron.
1412 2494 1531 2528 Gozec.
1551 2494 1582 2535 I,
1598 2495 1653 2534 13,

145 2536 209 2571 sS.
223 2535 273 2579 X,
286 2548 326 2580 p.
342 2539 413 2574 145
429 2549 480 2582 sq.
546 2540 583 2583 3)
596 2540 652 2582 Cf.
668 2540 797 2574 Bruno
814 2551 841 2575 c.
857 2542 913 2576 56.
980 2542 1017 2583 4)
1038 2541 1186 2574 Minime
1200 2551 1299 2584 papa
1315 2541 1477 2582 yraviter
1494 2542 1573 2583 νομί
1587 2541 1654 2574 hac

144 2583 185 2616 in
201 2594 240 2617 re
263 2585 467 2619 imminebat
491 2597 552 2620 nec
576 2588 710 2621 crebris
736 2588 973 2631 legationibus
996 2588 1059 2622 hoc
1078 2589 1289 2631 postulavit,
1315 2589 1392 2622 acsi
1414 2599 1480 2621 rea·
1496 2588 1654 2622 ecclesiae

93 2629 430 2675 wBabenberymsi
451 2634 605 2668 alterum
629 2636 830 2679 episcopum
851 2636 941 2668 dare
964 2636 1146 2677 noluisset,
1172 2636 1266 2679 quod
1290 2639 1407 2668 tamen
1434 2637 1506 2679 ipse
1523 2635 1652 2679 Lamp.

145 2677 252 2719 infra
275 2688 348 2712 non
364 2690 485 2714 verum
502 2691 572 2716 esse
590 2683 784 2725 professus
800 2687 859 2719 est.
895 2683 963 2718 Dte
981 2683 1051 2717 Iul.
1070 2685 1126 2718 20.
1150 2685 1273 2726 primo
1296 2693 1395 2726 papa
1414 2684 1493 2725 reyi
1507 2685 1652 2727 scripsit

146 2724 412 2759 Herimannum
429 2730 628 2773 spiscopum
645 2731 840 2774 depositum
865 2741 936 2764 esse
961 2735 1002 2772 et,
1030 2734 1068 2763 ut
1092 2731 1185 2763 alter
1202 2731 1384 2774 episcopus
1402 2731 1650 2771 ordinaretur,

142 2773 254 2816 petiit.
292 2773 351 2815 Cf.
367 2774 539 2818 Greyorii
552 2776 638 2820 Req.
657 2777 731 2819 III,
749 2781 783 2820 3,
803 2778 826 2814 l.
846 2779 868 2813 l.
891 2789 928 2821 p.
948 2780 1018 2814 205
1035 2788 1130 2821 sqq.‚·
1156 2778 1310 2812 Benow's
1330 2779 1436 2811 Gesta
1457 2779 1556 2811 Rom.
1574 2779 1650 2813 eccl.

146 2819 198 2860 II,
220 2821 252 2863 1,
280 2820 409 2855 Libani
424 2822 477 2865 II,
499 2834 539 2866 p.
556 2826 639 2860 373.
714 2825 749 2867 5)
773 2826 813 2860 P.
832 2826 915 2861 210.
989 2827 1026 2868 6)
1051 2825 1103 2858 De
1126 2836 1164 2859 eo
1188 2826 1240 2858 ait
1265 2836 1333 2858 rea·
1357 2827 1395 2858 in
1411 2826 1604 2869 diplomate
1621 2828 1654 2859 ei

96 2876 132 2902 «15
144 2867 229 2901 dato
251 2878 284 2903 a.
301 2869 395 2904 1074
418 2869 490 2912 (St.
507 2872 641 2910 2773ss
666 2870 902 2907 Hermannus
920 2872 1110 2917 episcopus
1137 2898 1144 2906 .
1165 2900 1172 2907 .
1193 2898 1200 2906 .
1227 2872 1288 2916 qui
1315 2872 1350 2906 in
1369 2873 1468 2906 omni
1494 2876 1651 2918 tempta-

144 2913 243 2950 tione
268 2918 394 2951 nostra
417 2914 575 2952 fideliter
599 2920 664 2962 (sic
688 2920 870 2963 leyendum
892 2931 963 2964 pro
987 2919 1157 2954 videlicet
1181 2921 1278 2962 edit.)
1304 2919 1408 2954 nobis
1434 2920 1586 2955 adhesit.
