1976 3250
370 281 509 319 XVIII
928 275 1222 314 PRAEFATIO
1249 275 1288 312 C.
1313 275 1344 312 Ι.

373 403 445 445 Ea
476 402 611 456 ipsius
640 400 777 443 verbis
797 398 982 443 conicere
1003 397 1098 440 licet
1127 411 1220 439 eum
1249 396 1325 438 hoc
1356 393 1544 445 carmine
1573 404 1663 440 ree

366 475 471 516 pore
499 464 649 515 yestas,
682 459 735 501 ab
765 473 806 501 a.
838 461 963 500 1058.
995 456 1184 499 videlicet
1212 455 1277 497 vel
1306 454 1359 496 ab
1391 452 1504 497 obitu
1532 451 1739 549 Hm

373 518 670 574 imperatoris¹
701 532 741 560 a.
774 521 898 570 1056,
939 516 1052 558 inter
1081 515 1160 556 has
1191 511 1448 567 praesertim
1477 515 1641 556 contr

374 578 577 622 reditibus
607 577 864 619 decimarum
895 589 987 618 cum
1016 573 1273 616 Burchardo
1303 570 1492 625 episcopo
1522 570 1624 615 Hs!
1625 599 1657 610 t,

375 642 414 680 et
453 651 546 680 cum
585 634 910 688 archiepiscopis
949 631 1230 700 Moyontinis.
1255 630 1423 673 habitas
1462 628 1718 685 emmim

375 696 424 738 in
446 695 632 738 carmine
663 695 861 750 plurima
885 694 1005 735 falsa
1035 706 1117 748 pro
1138 691 1257 734 veris
1289 689 1524 746 scripsisse
1553 687 1716 743 fimus

376 755 582 807 feldenses
613 754 839 806 Lamperto
870 750 1042 794 crimini
1079 751 1299 803 dederunt,
1341 747 1495 802 optimo
1529 759 1677 798 m
1687 773 1689 775 ·
1725 772 1745 804 f

377 827 422 856 eo
458 814 579 854 modo
619 816 742 864 atque
780 811 829 853 in
859 809 1106 853 Annalibus
1137 806 1464 851 controversiam
1502 808 1556 851 de
1590 803 1780 856 m
1846 854 1878 866 .„

368 871 594 925 posuisset,
636 870 675 912 si
713 884 800 912 non
838 883 957 922 vera,
999 869 1073 911 sed
1102 881 1208 921 quae
1247 866 1330 909 sibi
1369 863 1679 922 excoqitavolm

388 930 487 972 Vita
508 929 627 972 Lulli
658 932 909 981 enarrasset,
942 927 982 970 si
1011 927 1150 969 studio
1181 940 1231 969 ac
1261 925 1333 968 ira
1361 929 1512 980 raptus
1538 931 1667 994 m

379 988 433 1031 tis
462 988 552 1030 suis
583 987 784 1030 obruisset
822 991 869 1029 ut
897 987 946 1028 in
976 985 1236 1028 Annalibus.
1299 985 1399 1028 Hac
1441 1004 1445 1010 ¹
1505 1013 1510 1022 ,

378 1051 418 1089 t}
418 1061 490 1090 um
531 1050 752 1089 commotus
783 1047 1136 1100 perturbatusque
1176 1044 1338 1098 aninw,
1378 1044 1683 1087 recordatus

378 1106 430 1148 ab
451 1105 678 1160 Hartwiyo
705 1106 918 1158 quondam
947 1103 1152 1146 monitum
1182 1117 1280 1157 esse,
1312 1107 1362 1146 ut
1390 1102 1467 1146 hoc
1496 1114 1645 1157 opus
1711 1131 1716 1140 ·
1743 1160 1746 1162 v

379 1179 492 1206 anno
543 1167 668 1205 1074.
717 1164 875 1206 duobus
921 1163 1112 1206 brevibus
1157 1162 1309 1205 libellis
1354 1160 1578 1205 historiam
1648 1180 1736 1198 1

379 1223 697 1275 Hersfeldensis
737 1222 1014 1276 conscriptam
1046 1222 1224 1287 proloyo
1254 1219 1506 1287 praemisso·
1533 1219 1765 1275 Hormiae

380 1281 467 1323 bati
498 1281 716 1324 dedicavit.
776 1281 907 1324 Cuius
939 1280 1038 1323 libri
1068 1280 1240 1323 initium
1270 1283 1436 1323 tantum
1464 1278 1690 1335 immam
1700 1278 1773 1323 ud

371 1340 577 1394 pervenit,
618 1340 879 1392 reliquarum
901 1339 1095 1393 partium
1126 1339 1280 1394 exiyua
1306 1338 1533 1392 tenuiaqae
1558 1340 1751 1386 mm

379 1403 532 1441 menta.
1742 1420 1743 1423 =

524 1458 623 1499 Iam
653 1462 751 1500 tunc
782 1459 1034 1511 Lampertus
1065 1473 1158 1501 cum
1188 1458 1290 1500 aliis
1320 1457 1535 1510 fratribus
1558 1452 1715 1501 ffers&

383 1518 457 1558 bus
488 1530 574 1558 non
595 1518 694 1558 bene
725 1519 996 1559 concordasse
1025 1517 1190 1560 videtur
1205 1519 1232 1571 2,
1267 1531 1359 1560 cum
1389 1516 1436 1559 hi
1465 1529 1560 1559 eum
1584 1514 1696 1569 falec

381 1579 486 1628 rent,
519 1577 592 1617 sed
619 1589 714 1616 mox
740 1575 867 1617 crevit
897 1577 1206 1629 auyebaturque
1228 1575 1434 1619 dissensio
1462 1574 1580 1618 inter

383 1638 421 1675 et
451 1634 638 1675 abbatem
669 1638 898 1687 ceterosque
927 1634 1100 1686 fratres.
1165 1636 1282 1677 Nam
1311 1638 1458 1678 exorta
1486 1632 1717 1678 rebellione

383 1706 485 1734 num
515 1707 565 1734 ac
602 1693 939 1746 Thurinyorum,
981 1694 1111 1736 abbas
1141 1694 1380 1747 fratresque
1409 1691 1763 1749 Hersfeldemes>
1784 1718 1803 1741 ς,

383 1749 479 1792 liter
509 1755 658 1803 partes
702 1751 814 1805 reyis
853 1751 1123 1806 adiuverunt,
1165 1752 1358 1806 quamvis
1393 1750 1706 1806 possessimws
1789 1762 1803 1776 ’·
1817 1772 1822 1791 ·.

382 1810 574 1851 abbatiae
604 1810 653 1852 in
689 1810 932 1864 Thurinyia
961 1810 1068 1853 sitas
1097 1812 1268 1854 rebelles
1297 1809 1552 1865 depraedari
1585 1793 1753 1854 mm

383 1868 574 1920 quamvis
603 1869 905 1911 monasterium
934 1870 1068 1912 multa
1099 1884 1127 1911 a
1157 1870 1379 1913 rebellibus
1408 1873 1447 1912 et
1476 1882 1506 1911 a
1534 1865 1629 1912 mil’

382 1926 431 1968 in
461 1926 574 1968 villis
604 1927 694 1969 suis
725 1928 933 1971 collocatis
955 1932 1221 1982 pateretur.
1193 1930 1210 1954 3
1284 1929 1434 1971 Etiam
1465 1941 1559 1975 cum
1586 1932 1664 1971 rw

383 1999 424 2025 a.
452 1989 576 2026 1076.
599 1987 989 2040 excommunicatus,
1024 2001 1117 2030 cum
1137 1988 1354 2039 Rudolfus
1383 2001 1425 2029 a.
1452 1990 1579 2029 1077.
1610 1999 1643 2029 α

384 2043 460 2084 bus
490 2043 738 2095 quibusdam
773 2059 849 2088 rex
879 2046 1028 2088 electus
1059 2050 1179 2100 esset,
1221 2045 1394 2088 abbatia
1422 2042 1755 2098 Hersfeldenuffl

385 2100 541 2142 lissime
573 2116 665 2144 cum
695 2103 902 2147 Heinrico
932 2118 1028 2158 reye
1059 2109 1208 2148 contra
1237 2103 1508 2146 adversarios
1537 2103 1635 2148 eius
1660 2104 1775 2150 steht

377 2172 458 2211 per
489 2163 616 2202 totum
648 2161 795 2204 bellum
827 2163 1086 2205 Saxonicum
1117 2162 1208 2205 eius
1229 2162 1428 2216 partibus
1457 2161 1582 2214 favit.
1632 2161 1751 2221 Sed

376 2222 526 2269 pertus
557 2218 650 2260 odio
682 2221 948 2263 acerbissimo
983 2221 1034 2264 in
1069 2234 1209 2276 reyem
1247 2225 1450 2274 concepto,
1492 2216 1715 2287 nesciunt&

385 2275 484 2318 inde
515 2279 626 2328 quod
655 2278 707 2319 ab
728 2293 772 2320 eo
804 2279 971 2322 iniuria
1001 2280 1151 2334 aliqua
1181 2279 1357 2332 affectus
1387 2293 1474 2322 esse
1502 2277 1590 2322 sibi
1619 2288 1638 2291 ’
1652 2312 1654 2315 v
1667 2299 1708 2318 m-
1742 2299 1750 2317 2

389 2391 540 2424 Carmen
564 2392 604 2424 de
629 2392 715 2426 bello
739 2393 924 2428 Samonico’
949 2397 990 2428 in
1017 2395 1124 2431 ‘Risi
1142 2395 1343 2429 Jahrbuch’
1359 2393 1471 2438 XIII,
1492 2405 1532 2439 Ρ.
1549 2390 1667 2431 449-

387 2439 462 2480 ipse
485 2438 640 2471 disserui
663 2440 719 2474 ‘N.
746 2440 892 2474 Archiv’
917 2441 1032 2485 XIX,
1063 2453 1102 2485 p.
1129 2443 1248 2478 196-
1257 2443 1339 2478 213.
1364 2446 1396 2475 et
1419 2440 1747 2479 cmnmentauom÷

390 2484 568 2518 ‘Lambert
592 2485 655 2517 der
679 2485 838 2520 Dichter’
863 2488 960 2530 ibid„
982 2501 1019 2533 p.
1038 2490 1106 2524 371
1125 2500 1198 2533 sqq.
1311 2490 1346 2533 1)
1371 2488 1469 2522 Nota
1493 2499 1573 2523 eum
1595 2486 1755 2529 altemi—

389 2530 631 2564 Iri-stitutionis
655 2532 760 2566 Herv.
795 2535 980 2567 exordium
1010 2536 1056 2568 ab
1079 2536 1175 2570 obitu
1199 2536 1365 2570 Heinrioi
1387 2535 1462 2571 ΙΙΙ.
1495 2532 1749 2580 impendo*

387 2578 490 2620 sisse,
523 2579 682 2621 quamvis
716 2580 754 2611 in
784 2581 906 2622 priore
939 2582 1056 2616 libello
1078 2584 1154 2616 iam
1184 2594 1242 2617 res
1266 2584 1488 2619 a.1058.et
1512 2583 1626 2619 1059.
1638 2585 1759 2626 W

386 2628 510 2659 rasset.
562 2624 650 2658 Cum
674 2635 715 2658 ea
739 2636 827 2667 quae
859 2629 899 2660 in
930 2630 1078 2671 proloqo
1102 2630 1198 2663 dia-it
1230 2640 1266 2664 sc
1289 2640 1347 2664 res
1370 2628 1548 2664 moderno
1570 2630 1750 2676 tempm

387 2672 544 2704 carmine
568 2671 864 2714 comprehendisse
887 2676 1075 2709 contuleris
1103 2687 1182 2710 cum
1213 2678 1261 2710 iis
1290 2687 1381 2720 quae
1411 2678 1488 2721 ipse
1519 2676 1605 2710 haee
1626 2673 1750 2730 W

382 2721 549 2759 pretatus
573 2718 678 2759 infra
700 2730 737 2762 p.
755 2720 836 2761 348,
862 2720 884 2754 l.
906 2722 999 2755 12—
1007 2724 1061 2757 15.
1087 2724 1254 2767 scripsit.
1283 2722 1391 2767 haec,
1424 2733 1518 2767 quae
1545 2721 1682 2757 nostris
1726 2738 1754 2752 >u

388 2762 456 2796 bus
481 2766 668 2808 geruntur,
702 2765 932 2800 lamentando
960 2795 966 2802 .
995 2795 1002 2803 .
1030 2796 1038 2803 .
1064 2769 1333 2814 subnectamus,
1366 2770 1459 2805 hisce
1486 2769 1603 2804 verbis
1625 2778 1686 2804 ων
1734 2767 1737 2769 ’

389 2812 562 2843 carminis
585 2811 781 2844 indicatum
805 2822 874 2846 esse
897 2814 972 2847 iam
992 2825 1103 2858 paene
1127 2821 1260 2850 certum
1284 2817 1435 2852 habebis.
1523 2818 1562 2862 2)
1579 2816 1636 2860 ΟΥ.
1654 2816 1742 2851 ’Ν.

390 2855 497 2899 XIX,
521 2868 557 2900 p.
576 2859 774 2892 210—212
869 2860 906 2903 3)
929 2860 1041 2902 Infra
1063 2864 1199 2905 p.159.
1225 2865 1304 2898 177.
1331 2865 1411 2899 344.
1507 2862 1623 2907 ’1)οΐ

389 2902 496 2946 XIX,
518 2914 557 2946 p.
578 2905 773 2939 182—209.
882 2906 918 2949 5)
942 2907 998 2948 Cf.
1024 2919 1140 2951 supra
1158 2920 1199 2952 p.
1218 2915 1354 2953 XVIsq.
