1968 3164
247 365 351 400 1063.

137 641 174 670 cr.
181 641 261 668 Esth.
271 642 297 672 7,
308 642 350 667 ιο,

190 676 239 704 ΕΖ,
250 676 295 708 24,
308 677 349 704 13.

245 723 309 750 Iun,
324 725 350 750 8.

245 782 309 810 Iun.
325 784 348 810 7.

366 242 413 275 82
726 241 994 276 LAMPERTI
1020 241 1274 278 ANNALES.
1325 243 1371 278 A.
1400 246 1503 281 1063.

366 375 447 414 pro
480 362 653 415 premio
686 362 801 403 bene
835 365 1020 404 curatae
1054 364 1298 417 legationis
1322 365 1514 419 pallium
1542 369 1671 410 dedit
1703 371 1750 411 et
1771 370 1864 412 alia,

365 421 589 473 quaedam
631 421 1052 475 archiepiscopatus
1093 423 1292 477 insignia
1308 424 1332 464 ¹.
1398 424 1532 476 Quod
1564 427 1862 482 archiepisco-

364 493 448 532 pus
490 479 817 533 Mogontinusa
865 481 922 521 ad
964 481 1299 523 obfuscandum
1343 485 1413 524 sui
1460 486 1689 539 prioratus
1735 487 1862 529 fasti-

364 538 490 590 gium
523 538 699 580 factum
732 539 1076 593 interpretatus,
1111 541 1428 595 indignissime
1461 544 1572 586 tulit
1588 546 1615 585 ²².
1669 545 1759 588 Sed
1781 561 1863 602 per

364 597 695 651 archiepiscopi
738 597 1023 639 Coloniensis
1070 599 1381 642 interventum
1429 603 1746 647 satisfactione
1793 619 1892 649 κὶα-ο

365 658 498 709 cepta
512 656 538 705 3,
574 657 747 709 quievit
780 657 1039 711 indignatio
1073 659 1182 700 eius.
1300 671 1302 673 ’

505 715 602 756 Rex
635 713 980 769 pentecostena*
1015 716 1250 759 Goslariae
1284 719 1546 762 celebravit.
1610 717 1711 764 Ibib
1750 723 1860 765 dum

363 773 420 813 ad
462 774 814 827 vespertinalem
857 775 1049 816 sinaxim
1091 790 1168 818 rex
1207 779 1253 818 et
1293 778 1494 833 episcopi
1526 781 1858 833 convenissent,

363 845 518 873 rursus
552 833 607 874 de
641 833 867 887 positione
910 834 1125 876 sellarum
1168 836 1497 890 episcopalium
1529 840 1758 881 tumultus
1791 854 1860 882 ex—

362 891 525 941 oritur,
570 906 661 933 non
702 892 917 942 fortuita,
962 896 1014 933 ut
1056 894 1203 947 prius,
1247 897 1590 948 concursione0,
1639 899 1719 940 sed
1765 913 1860 954 pre·
1875 918 1908 943 ιο

361 950 585 991 meditata
626 951 705 990 diu
748 951 1102 994 machinatione.
1165 953 1285 993 Nam
1333 955 1572 1010 episcopus
1619 956 1860 1000 Hildenes-

361 1005 651 1057 heimensisd„
695 1012 910 1063 acceptae
953 1011 1078 1064 prius
1120 1013 1427 1055 contumeliae
1468 1029 1652 1066 memor,
1697 1016 1859 1060 Ecber-

360 1069 459 1107 tum
493 1068 706 1109 comitem
740 1082 842 1109 cum
877 1069 1102 1122 expeditis
1135 1070 1361 1112 militibus
1398 1075 1520 1115 retro
1553 1074 1699 1117 altare
1731 1089 1858 1118 occu-

359 1126 556 1167 luerat⁰.
626 1127 690 1167 Hi
729 1127 888 1168 audito
926 1129 1314 1171 tumultuantium
1357 1133 1709 1175 camerariorum
1749 1137 1858 1178 stre-

359 1185 461 1238 pitu
511 1186 636 1226 ocius
684 1186 924 1235 advolant,
969 1185 1297 1229 Fuldensiumf
1343 1190 1456 1232 alios
1503 1193 1691 1246 pugnis,
1743 1193 1858 1236 alios
1873 1211 1906 1238 15

358 1244 560 1284 fustibus
603 1245 795 1291 cedunt,
840 1249 1167 1299 prosternuntg
1212 1250 1258 1289 et
1291 1249 1347 1290 de
1380 1251 1577 1292 sacrario
1609 1251 1856 1295 aecclesiae

358 1302 596 1356 inopinato
631 1304 834 1357 periculo
867 1306 1091 1347 attonitos
1123 1306 1260 1348 facile
1293 1305 1616 1361 proturbanth.
1679 1309 1856 1362 Quibus

358 1357 487 1402 ilicoi
531 1363 589 1402 ad
623 1377 748 1403 arma
781 1363 1188 1415 conclamantibus,
1224 1365 1489 1418 Fuldenses,
1533 1369 1698 1422 quibus
1730 1383 1857 1412 arma

358 1420 405 1459 in
439 1423 653 1474 promptu
687 1425 830 1471 erant,
870 1423 996 1464 facto
1028 1437 1166 1478 grege
1199 1425 1467 1467 aecclesiam
1498 1427 1773 1482 irrumpunt,
1806 1429 1856 1471 in

357 1479 507 1520 medio
550 1480 678 1521 chori
719 1481 1106 1535 psallentiumque
1146 1483 1343 1524 fratrum
1392 1499 1553 1527 manus
1595 1490 1904 1538 conserunt,20

357 1551 452 1578 rem
485 1552 577 1579 non
608 1539 699 1579 iam
731 1540 947 1590 fustibus,
982 1541 1060 1582 sed
1087 1541 1253 1595 gladiis
1286 1538 1482 1596 *gerunt
1535 1545 1699 1600 Pugna
1724 1549 1856 1588 atrox
1868 1560 1914 1595 *μ

358 1597 675 1645 committitur,
716 1601 853 1652 atque
886 1613 966 1653 per
998 1602 1144 1641 totam
1177 1601 1444 1643 aecclesiam
1482 1617 1564 1657 pro
1594 1601 1772 1658 ymnisk
1807 1607 1855 1647 et

358 1655 549 1696 canticis
582 1656 899 1710 spiritualibus
931 1658 1200 1700 vociferatio
1243 1660 1590 1703 adhortantium
1632 1665 1678 1704 et
1710 1663 1854 1705 ulula·

357 1710 454 1754 tus¹
507 1715 800 1756 morientium
849 1717 1106 1758 exauditur.
1171 1718 1317 1772 Super
1357 1719 1523 1762 altaria
1562 1721 1652 1763 Dei
1697 1722 1854 1765 tristes

357 1772 629 1826 iugulantur
670 1774 869 1820 hostiae,
914 1776 1172 1830 passimque
1205 1791 1286 1831 per
1317 1778 1584 1820 aecclesiam
1617 1781 1902 1836 sanguinissr,

358 1835 548 1872 currunt
571 1833 773 1883 flumina,
808 1848 901 1875 non
923 1834 1074 1889 legali,
1109 1838 1162 1876 ut
1184 1837 1427 1889 quondam,
1461 1838 1739 1893 religionem,
1773 1840 1853 1882 sed

357 1890 516 1931 hostili
555 1892 830 1933 crudelitate
872 1893 1073 1946 profusa.
1136 1894 1390 1950 Episcopus
1428 1896 1853 1941 Hildenesheimen-

357 1948 462 1998 sis¹¹7
498 1952 632 2002 capto
667 1950 855 1992 ediciori
887 1951 1000 2002 loco,
1034 1955 1269 2006 tamquam
1301 1954 1492 1996 militari
1523 1957 1722 2010 quodam
1744 1957 1854 1999 clas·

357 2007 449 2047 sico
473 2021 589 2057 suos,
623 2011 676 2048 ut
698 2009 884 2051 fortiter
905 2010 1223 2063 preliarentur,
1258 2013 1544 2065 hortabatur,
1579 2017 1626 2056 et
1646 2029 1705 2058 ne
1730 2015 1846 2058 loci⁰

1929 1560 1968 1589 101

356 2065 620 2119 religionem
644 2067 700 2107 ab
725 2067 861 2108 armis
893 2070 1189 2120 terrerentur,
1224 2084 1332 2113 suae
1365 2073 1656 2115 auctoritatis
1688 2077 1735 2116 et
1757 2088 1900 2129 per-30
1962 2087 1964 2089 ’

356 2123 610 2164 missionisl'
637 2125 828 2166 titulum
855 2126 1151 2168 obtendebat.
1193 2129 1334 2170 Multi
1354 2131 1585 2185 utrimque
1606 2133 1848 2184 vulnerati,

355 2182 492 2222 multi
524 2183 662 2223 occisi
694 2186 813 2234 sunt,
852 2185 975 2226 inter
1006 2199 1118 2238 quos
1150 2187 1356 2241 precipui
1388 2191 1520 2230 erant
1546 2190 1847 2244 Reginbodoq

354 2313 383 2344 a)
403 2314 592 2345 Moguntinus
614 2314 639 2338 A
651 2315 746 2342 LB2.
829 2315 873 2347 a*)
894 2317 1030 2347 pentheo.
1049 2316 1168 2342 Blb.2.
1255 2317 1285 2349 b)
1306 2319 1363 2344 Ubi
1382 2319 1443 2347 132.
1528 2320 1555 2352 c)
1575 2322 1770 2348 conum-smus
1788 2323 1851 2351 Al.

355 2348 384 2377 d)
404 2348 602 2374 Hildehemefi
621 2350 647 2374 B
660 2351 684 2376 2.
758 2352 785 2381 e)
805 2351 1008 2377 occultauerat
1027 2352 1088 2378 Bl.
1161 2354 1185 2383 f)
1204 2352 1289 2380 Fuld.
1310 2354 1382 2379 alios
1403 2355 1446 2379 bis
1463 2362 1518 2383 scr.
1538 2357 1615 2383 131¹.
1687 2356 1717 2390 g)
1737 2361 1852 2390 prosto-

355 2386 422 2408 runt
441 2384 520 2411 1311),
606 2384 635 2416 h)
662 2386 837 2416 perturbant
856 2387 917 2413 Bl.
1002 2387 1024 2420 i)
1048 2387 1126 2412 illico
1146 2388 1198 2412 ΒΞ
1217 2395 1308 2420 saepe.
1394 2390 1424 2422 k)
1450 2391 1566 2423 hymnis
1586 2392 1648 2419 Al.
1738 2393 1760 2426 l)
1785 2393 1850 2419 ulu-
1863 2393 1899 2419 ³5

355 2419 481 2443 lancium
495 2420 520 2443 B
532 2420 571 2446 1⁸.
645 2420 684 2452 m)
705 2421 859 2453 relligione
879 2422 937 2448 Al.
1010 2422 1041 2454 u)
1061 2422 1311 2449 Hildeneshemefi
1329 2425 1391 2452 ΒΞ.
1464 2425 1492 2458 0)
1511 2426 1575 2452 loca
1594 2427 1670 2455 ΒΗ.
1734 2429 1764 2460 p)
1782 2435 1850 2460 pro-

354 2453 502 2479 missionis
524 2455 547 2478 A
559 2456 583 2482 1.
595 2456 635 2482 1³¹,
708 2456 738 2488 q)
757 2455 940 2488 Regenbodo
959 2457 1027 2489 A1;
1049 2458 1214 2490 Reginboto
1233 2459 1300 2492 323
1323 2459 1474 2486 Reinbodo
1494 2462 1522 2489 S.

356 2565 501 2617 0⁶²·ssz28·
537 2577 560 2599 α
585 2578 664 2610 reye
690 2567 894 2601 Cadalohus
917 2574 1143 2613 nuncupatus
1175 2574 1223 2604 est
1245 2582 1354 2614 papa.
1411 2572 1499 2605 Tum
1524 2583 1604 2616 reye
1628 2574 1852 2617 imperatrici

354 2620 468 2655 erepto
501 2623 535 2647 a.
556 2615 657 2656 1062,
697 2614 765 2650 Oct.
801 2625 823 2647 a
851 2617 1090 2660 principibus,
1118 2617 1266 2650 Annene
1299 2622 1450 2662 auctore,
1487 2619 1600 2653 Bucco
1633 2621 1672 2654 in
1700 2621 1849 2654 Italiam

354 2660 484 2692 missus
507 2663 566 2702 est,
598 2662 662 2703 qui
686 2661 780 2695 litem
799 2663 1007 2704 pontificum
1032 2664 1256 2699 diiudicaret.
1306 2665 1376 2698 Hic
1400 2666 1632 2700 Anshelmum
1657 2668 1896 2712 appellam‘tm

348 2707 558 2747 pontificem.
610 2707 666 2748 Cf.
693 2709 798 2750 infra
833 2719 866 2744 α.
887 2711 989 2745 1064.
1114 2712 1147 2754 l)
1174 2711 1381 2746 Alexander
1405 2713 1456 2747 ΙΙ.
1483 2713 1743 2758 (Anshelmus)‚
1778 2725 1848 2748 non

355 2751 567 2788 Cadalohus.
609 2755 711 2796 Jaffe'
731 2766 790 2793 nr,
809 2757 914 2798 4498,
942 2757 977 2792 d.
995 2758 1029 2791 d.
1049 2759 1152 2800 1063,
1180 2758 1260 2793 Ian.
1280 2760 1336 2793 13.
1386 2761 1421 2802 2)
1449 2760 1506 2801 Cf.
1533 2760 1713 2803 Siyefridi
1734 2763 1845 2805 epist„

355 2798 435 2833 Cod.
477 2799 601 2834 Udalr.
639 2812 697 2837 nr.
724 2803 787 2845 28,
827 2803 935 2845 Jaffe',
971 2803 1065 2838 Bibl.
1098 2805 1137 2846 V,
1170 2816 1207 2848 p.
1235 2806 1281 2840 55
1307 2816 1380 2848 sq.,·
1417 2806 1538 2849 Meyer
1565 2819 1594 2842 v.
1620 2808 1778 2842 Knonau
1814 2807 1845 2852 I,

349 2856 386 2887 p.
405 2847 473 2880 307
491 2857 541 2888 sq.
567 2848 648 2889 328,
675 2859 711 2883 n.
728 2850 785 2884 42.
883 2852 919 2893 3)
946 2850 1004 2891 Cf.
1030 2851 1135 2892 infra
1158 2863 1194 2894 p.
1213 2852 1270 2894 89,
1298 2863 1332 2886 n.
1352 2854 1384 2888 5.
