2014 3184
380 263 451 297 ‘278
750 259 1018 294 LAMPERTI
1043 258 1295 294 ANNALES.
1345 258 1392 294 A.
1421 259 1524 294 1076.

265 382 366 416 1076-
381 383 508 424 tione
532 383 653 431 data,
687 382 736 422 in
769 381 978 423 subditos
1011 381 1098 423 sibi
1129 380 1323 436 populos
1347 380 1506 422 dedita
1536 391 1676 432 opera
1706 377 1882 418 ferrum

185 428 242 456 ⁰⁰²·
254 428 368 455 ¹⁶4²·
382 442 690 483 distrinxisset
733 442 779 482 et
815 441 864 481 in
897 455 1053 482 eorum
1085 454 1196 482 nece
1228 439 1416 481 hostilia
1455 437 1730 480 crudelitate
1762 449 1881 491 gras-

382 496 604 550 sareturb;
638 514 845 554 regnum,
880 500 1001 554 quod
1029 514 1055 540 a
1077 499 1345 554 parentibus
1378 498 1471 539 suis
1503 495 1874 552 pacatissimum⁰

382 563 428 601 et
470 560 601 601 bonis
634 559 845 600 omnibus
886 559 1261 600 florentissimum
1294 557 1484 611 accepit,
1528 569 1665 610 quam
1705 554 1879 604 fedum,
2006 566 2014 607 ἢ.

381 633 518 673 quam
566 614 891 672 despicabile<1‚
941 632 1078 671 quam
1124 617 1357 658 intestinis
1402 615 1611 657 cladibus
1656 613 1911 655 infestum⁶
2012 624 2014 629 ·

382 679 714 731 cruentumque
754 677 1044 718 reddidisset,
1108 676 1368 718 Aecclesias
1407 677 1453 717 et
1494 673 1771 715 mona-steria
1809 672 1881 714 de-

382 739 570 786 structa,
613 736 835 777 victualia
876 750 1108 777 servorum
1141 735 1229 776 Dei
1270 748 1400 776 versa
1441 747 1538 775 esse
1569 733 1619 774 in
1650 731 1883 786 stipendia

381 796 594 845 militum,
639 796 843 836 studium
891 795 1127 849 religionis
1175 796 1222 836 et
1268 807 1420 835 rerum
1468 791 1882 834 ecclesiasticarum

379 855 598 896 transisse
639 855 697 895 ad
739 868 866 895 arma
906 854 1127 894 militaria
1169 855 1215 894 et
1257 853 1315 893 ad
1357 851 1637 892 munitiones
1674 851 1882 892 extruen-

382 915 508 964 das‘ss
554 927 646 954 non
678 914 844 967 quibus
885 913 952 954 vis
995 915 1041 954 et
1082 913 1283 966 impetus
1325 911 1624 952 barbarorum
1656 910 1879 959 arceatur,
1896 919 1930 945 ιο

382 974 461 1014 sed
502 973 668 1026 quibus
715 972 892 1026 patriae
938 971 1254 1025 tranquillitas
1302 964 1552 1025 eripiaturf
1598 970 1645 1010 et
1691 967 1878 1010 liberis&

382 1032 634 1073 cervicibus
677 1031 947 1072 durissimae
989 1031 1223 1073 servitutis
1263 1030 1425 1084 iugum
1456 1029 1741 1083 imponatur;
1784 1025 1882 1068 nul-

382 1091 477 1131 lum
519 1105 712 1144 usquam
756 1104 851 1132 esse
893 1090 1044 1131 viduis
1086 1092 1132 1131 et
1173 1089 1391 1144 orphanis
1424 1087 1657 1137 solacium,
1700 1085 1882 1127 nullum

382 1150 609 1204 oppressis
642 1152 688 1191 et
711 1149 989 1191 calumniam
1023 1148 1358 1190 sustinentibus
1379 1147 1626 1201 refugium,
1659 1159 1754 1187 non
1773 1145 1882 1200 legi-

383 1209 466 1250 bus
499 1209 815 1258 reverentiam‚
859 1223 951 1249 non
992 1208 1195 1249 moribus
1234 1207 1537 1261 disciplinam,
1581 1219 1674 1247 non
1714 1203 1930 1246 aeccle-15

382 1269 474 1310 siae
508 1268 833 1309 auctoritatem
866 1281 1006 1317 suam,
1041 1262 1161 1308 nonh
1188 1267 1254 1308 rei
1286 1266 1499 1320 publicae
1531 1277 1715 1306 manere
1738 1263 1881 1318 digni-

381 1329 527 1368 tatem
575 1341 724 1367 suam:
777 1327 844 1367 ita
893 1326 1030 1366 unius
1078 1323 1294 1366 *hominis
1344 1324 1606 1366 temeritate
1659 1336 1788 1364 sacra
1834 1323 1882 1364 et
1895 1333 2014 1367 *pas-*³4

383 1381 667 1439 prophanai,
712 1385 867 1426 divina
900 1387 946 1426 et
978 1385 1192 1434 humana,
1236 1384 1397 1437 fasque
1435 1383 1656 1436 nefasque
1689 1381 1882 1423 confusa

384 1458 479 1486 esse
504 1447 549 1485 et
570 1440 844 1498 implicitak.
878 1443 1077 1485 Proinde
1095 1445 1331 1483 tantarum
1352 1442 1671 1484 calamitatum
1692 1441 1881 1482 unicum

383 1517 435 1545 ac
469 1503 701 1557 singulare
735 1516 969 1556 superesse
1001 1502 1267 1552 remedium,
1311 1503 1364 1542 ut
1397 1499 1683 1555 quantocius,
1727 1500 1930 1540 amotozo

384 1576 449 1613 eo,
485 1562 602 1603 alius
634 1576 713 1603 rex
746 1564 979 1603 crearetur
993 1561 1019 1612 1,
1064 1561 1142 1615 qui
1183 1561 1363 1602 tamdiu
1393 1560 1614 1602 terminos
1647 1572 1752 1600 suos
1784 1571 1882 1600 eva-

385 1622 515 1675 ganti
547 1621 763 1662 licentiae
795 1621 928 1662 frena
959 1615 1228 1662 iniceret¹·2
1260 1622 1306 1661 et
1328 1619 1490 1660 mundi
1511 1617 1773 1660 vacillantis
1794 1617 1882 1658 rui-

382 1695 490 1721 nam
523 1680 741 1721 subiectis
773 1680 977 1721 humeris
1011 1680 1305 1720 sustentaret.

526 1739 623 1781 Rex
645 1739 893 1780 Heinricus
916 1739 1165 1780 contractis
1197 1738 1246 1778 in
1267 1752 1411 1778 unum
1443 1750 1551 1778 suae
1578 1735 1722 1791 partis
1745 1748 1883 1777 asser-

384 1798 561 1839 toribus
593 1798 641 1838 in
663 1798 775 1839 villa
797 1812 912 1852 quae
936 1798 1106 1839 dicitur
1128 1796 1459 1851 Oppenheimm
1491 1810 1538 1837 se
1571 1794 1839 1837 continebat
1852 1793 1931 1846 {25

385 1857 575 1898 Rheno¹¹
618 1857 757 1898 fluvio
798 1859 994 1910 utraque
1037 1859 1187 1898 castra
1228 1856 1484 1905 dirimente,
1526 1855 1882 1908 frequentesque

387 1917 444 1956 ad
478 1930 552 1957 eos
585 1916 634 1956 in
667 1916 763 1957 dies
796 1916 973 1970 legatos
1005 1916 1235 1966 mittebat,
1274 1915 1497 1969 pollicens
1529 1913 1735 1955 omnium
1765 1925 1882 1967 quae

387 1988 462 2016 eos
495 1976 785 2016 offenderant
821 1975 871 2014 in
901 1975 1129 2028 reliquum
1163 1974 1552 2022 emendationem3
1596 1985 1643 2014 se
1674 1973 1883 2014 veterum

385 2033 657 2073 iniuriarum
680 2034 944 2074 memoriam
968 2033 1265 2087 sequentibus
1287 2032 1532 2082 beneficiis,
1557 2031 1595 2072 si
1613 2031 1711 2072 vita
1732 2043 1883 2072 comes

386 2092 520 2139 foret,
556 2092 837 2132 aboliturum
872 2092 1080 2147 nihilque
1109 2092 1324 2145 deinceps
1358 2091 1478 2132 circa
1506 2104 1658 2138 rerum
1681 2089 1932 2144 publica-ao

383 2165 488 2208 'rum
529 2144 978 2207 administrationem
987 2149 1187 2203 ‘absque
1207 2151 1210 2153 ’
1230 2150 1461 2191 communi
1508 2133 1890 2210 consuljffl

381 2205 534 2265 rumss
553 2207 783 2263 postremo
825 2209 948 2249 ultro
991 2223 1037 2250 se
1077 2209 1176 2250 iure
1219 2222 1300 2249 suo
1343 2207 1503 2249 cedere
1536 2208 1691 2261 eisque
1723 2207 1883 2260 guber-

386 2263 529 2308 nandi
562 2268 924 2322 disponendique
965 2281 1047 2321 pro
1089 2281 1170 2308 suo
1211 2267 1439 2307 arbitratu
1469 2266 1619 2307 tocius
1650 2265 1781 2320 regni
1810 2265 1882 2306 ius

387 2329 756 2381 potestatemque
778 2327 930 2368 facere
946 2326 974 2376 4,
1010 2326 1257 2367 dummodo
1281 2339 1395 2378 equo
1429 2325 1581 2365 animo
1613 2325 1884 2378 paterentur

388 2386 485 2427 sola
524 2386 640 2440 regii
680 2385 878 2426 nominis
918 2385 1122 2440 regiique
1165 2384 1317 2425 cultus
1349 2386 1451 2424 rata
1483 2383 1571 2424 sibi
1602 2397 1787 2424 manere
1818 2383 1882 2423 in-
1895 2393 1931 2420 35

2006 2275 2014 2311 ἰ

2004 2317 2014 2448 1

386 2486 415 2520 a)
436 2487 516 2515 crud.
538 2489 612 2515 host.
631 2489 657 2513 Β
669 2487 711 2516 lb.
775 2488 805 2519 b)
824 2491 1013 2520 grasseretur
1032 2487 1058 2512 Α
1070 2488 1093 2514 1.
1157 2486 1184 2520 c)
1203 2486 1426 2518 pacacissimum
1445 2486 1506 2513 Bl.
1562 2484 1592 2518 d)
1612 2484 1802 2518 despiciabile
1821 2485 1882 2512 Al.

387 2525 414 2554 e)
434 2527 523 2550 exstr.
544 2524 605 2551 Bi.
679 2525 701 2554 t)
721 2524 859 2555 expiatur
878 2523 957 2551 Blb.
1030 2525 1062 2555 g)
1080 2523 1226 2548 liberae
1245 2522 1369 2554 gentis
1388 2522 1450 2548 Al.
1523 2520 1554 2553 h)
1573 2521 1611 2546 na
1630 2519 1706 2548 ΒΗ).
1772 2521 1794 2552 i)
1813 2527 1883 2552 pro-

387 2560 456 2584 fana
475 2560 536 2586 ΒΞ.
625 2559 656 2590 k)
682 2559 835 2590 implicata
859 2559 936 2586 Blss.
1028 2559 1049 2588 1)
1073 2558 1208 2583 vinceret
1230 2558 1293 2589 131,
1323 2558 1421 2582 eadem
1446 2564 1534 2582 manu
1558 2564 1633 2584 corr.
1659 2557 1784 2582 iniceret
1805 2556 1882 2583 131⁸.
2006 2553 2014 2594 ξ

386 2596 426 2625 m)
446 2594 641 2627 Oppenheym
661 2595 721 2622 132.
794 2596 824 2625 n)
843 2595 928 2620 Reno
947 2594 974 2621 h.
988 2594 1007 2621 l.
1026 2593 1129 2626 Bl.2;
1150 2593 1248 2618 Rheni
1267 2593 1293 2618 A
1305 2594 1337 2624 1;
1355 2594 1404 2618 sed
1423 2593 1460 2623 cf.
1479 2593 1561 2623 infra
1574 2600 1607 2624 p.
1620 2593 1682 2624 322,
1703 2593 1722 2619 l.
1735 2592 1779 2618 30.
2005 2595 2014 2642 ἒ

2005 2646 2014 2740 ἒ

2007 2746 2014 2855 i

2009 2891 2014 2915 Ξ

2010 2923 2014 2966 ἰ

388 2666 421 2707 1)
449 2666 508 2698 En
533 2665 638 2698 habes
671 2666 732 2699 hoc
765 2666 836 2698 loco
865 2676 915 2707 ea,
952 2664 1079 2708 quibus
1102 2664 1229 2707 Lamp.
1256 2663 1436 2705 fratribus
1459 2663 1771 2704 Hersfeldensibus
1800 2672 1880 2706 per·
1895 2670 1930 2696 40

385 2713 534 2745 suadere
558 2717 705 2745 conatus
728 2717 788 2755 est,
824 2716 865 2745 ut
889 2712 1061 2746 Heinrieo
1084 2722 1163 2753 reqe
1196 2711 1316 2744 relicto
1341 2712 1500 2752 Rudolfo
1533 2711 1778 2750 adhaererent,
1811 2719 1882 2742 non

386 2770 474 2801 quae
502 2761 687 2802 princetpes
718 2760 911 2792 Triburiae
945 2760 1038 2792 inter
1062 2769 1096 2791 se
1120 2759 1280 2791 collocuti
1303 2762 1398 2793 sunt.
1510 2759 1546 2801 2)
1574 2758 1630 2798 Cf.
1657 2757 1786 2790 Horat.
1813 2756 1880 2798 IV,

387 2807 443 2848 15,
464 2808 484 2840 9
502 2817 576 2848 sq..·
610 2806 774 2840 ordinem
808 2809 949 2840 rectum
975 2805 1143 2850 evaganti
1173 2804 1276 2838 frena
1299 2805 1466 2838 licentiae
1500 2804 1633 2838 iniecit.
1686 2804 1742 2845 Cf.
1767 2813 1882 2846 supra

380 2855 519 2895 12135,
547 2864 581 2887 n.
601 2855 634 2888 2.
717 2854 752 2896 3)
780 2853 835 2894 Cf.
862 2853 1045 2887 Berthozd.
1073 2857 1102 2885 et
1128 2853 1222 2887 Ann.
1248 2852 1283 2884 Y
1283 2853 1382 2894 bury.
1411 2853 1433 2887 l.
1459 2853 1506 2892 l.;
1533 2852 1724 2893 Ottenbmn,
1752 2850 1817 2886 SS.
1840 2849 1880 2892 V,

379 2911 419 2943 p.
440 2902 470 2934 7.
516 2900 653 2942 Differt
678 2900 806 2934 Bruno
831 2910 856 2935 c.
875 2901 932 2935 88.
1038 2899 1077 2944 4)
1102 2899 1227 2942 Inepta
1252 2900 1336 2932 dicit
1361 2900 1488 2942 Lamp.
1893 2904 1929 2930 45
