2046 3190
531 247 801 293 LAMPERTI
825 251 1081 292 ANNALES.
1131 257 1180 292 A.
1207 260 1312 297 1075.
1614 269 1684 305 225

169 364 280 408 dato
311 381 394 422 pro
427 381 474 411 se
506 369 666 414 obside
699 372 796 416 filio
824 387 907 417 suo
923 375 949 427 1,
985 379 1144 421 statim
1171 381 1408 427 deditione
1440 387 1681 432 absolutus
1698 390 1801 426 1075.

168 427 253 467 est.
316 426 572 484 Episcopus
612 431 662 472 in
703 436 1035 478 monasterium
1077 438 1330 483 Loressana
1368 445 1555 499 missus;
1600 450 1680 492 alii
1696 437 1791 470 (Im)

167 484 359 528 diversis
390 488 692 545 principibus,
725 495 780 534 ut
812 494 871 536 ad
902 497 1088 552 tempus
1121 505 1426 556 servarentur,
1456 520 1679 551 commen-

166 543 266 587 dati
296 549 420 588 sunt.

132 617 151 644 5
307 605 406 649 Rex
436 621 582 663 usque
614 610 917 655 Halberstatb
956 629 1060 658 cum
1093 620 1300 663 exercitu
1331 624 1473 675 venit,
1507 628 1674 675 omnia,

163 665 218 705 ut
239 669 438 721 ceperat,
470 669 827 727 circumquaque
849 674 973 718 ferro
1005 679 1053 719 et
1083 678 1192 732 igne
1215 681 1517 738 depopulans.
1568 686 1676 729 Gros-

162 723 325 766 lariam
357 739 538 782 quoque
571 743 676 772 cum
708 733 868 787 paucis
901 737 1104 790 perrexit
1119 739 1146 789 ²,
1189 754 1383 795 parcens
1414 743 1517 787 loco
1551 746 1674 789 ditis-

162 783 277 826 simo
309 787 358 827 et
389 787 478 829 sibi
509 801 691 844 semper
712 793 988 846 gratissimO,
1022 800 1108 839 ne⁰
1137 812 1275 853 quam
1298 803 1498 846 admissa
1519 807 1673 848 multi-

159 843 324 886 tudine
356 847 552 890 sentiret
584 849 929 905 depredationis
961 855 1193 900 iniuriam.
1259 860 1466 917 Cumque
1507 867 1831 918 exerci-(Juz.2·n.).

111 903 236 944 mtus
266 903 316 945 in
338 905 436 948 dies
457 906 583 950 fame
615 911 662 951 et
694 911 773 952 siti
796 912 1040 968 deperiret,
1064 919 1211 960 veteri
1241 920 1478 966 frumento
1501 927 1672 980 partim

157 962 278 1017 igne,
319 965 492 1019 partim
522 968 684 1012 tantae
716 971 1034 1017 multitudinis
1065 977 1226 1020 usibus
1258 980 1516 1038 absumpto,
1551 999 1670 1028 novo

158 1023 316 1065 autem
355 1026 556 1068 necdum
593 1031 778 1072 maturo
792 1031 819 1082 ³,
864 1046 1060 1089 cumque
1099 1050 1202 1092 spes
1241 1040 1373 1082 nulla
1410 1046 1530 1085 esset
1571 1046 1669 1088 sine

156 1080 434 1137 largioribus
474 1086 675 1130 induciis
717 1092 764 1132 et
805 1093 1057 1136 maioribus
1101 1097 1321 1152 impensis
1364 1101 1540 1144 bellum
1580 1105 1668 1148 hoc

156 1142 322 1184 confici
342 1157 487 1198 posse,
523 1150 738 1191 exoratus
770 1164 851 1193 rex
877 1166 904 1194 a
926 1154 1213 1210 principibus
1236 1158 1436 1203 Saxonia
1458 1165 1664 1215 excessit,

107 1215 140 1240 ιε
155 1202 203 1242 et
242 1203 452 1246 transitis
493 1205 663 1249 finibus
704 1209 999 1266 Turingiaess,
1043 1215 1125 1257 ubi
1166 1217 1531 1276 Eschenewegee
1570 1238 1666 1279 per-

151 1261 293 1312 venit,
329 1264 583 1307 exercitum
607 1267 795 1321 dimisit,
830 1275 1022 1328 accepta
1045 1289 1072 1316 a
1092 1276 1381 1333 principibus
1403 1281 1666 1326 firmissima

152 1321 410 1375 sponsione,
454 1326 578 1378 quod
610 1323 698 1368 adf
735 1329 996 1374 iterandam
1029 1336 1370 1390 expeditionem
1403 1341 1520 1382 XI.g
1555 1343 1662 1385 Kal.

150 1378 425 1424 Novembris
447 1385 642 1428 maiores
675 1389 723 1430 et
755 1390 1050 1435 ambiciosius
1077 1395 1329 1439 instructas
1363 1399 1450 1442 sibi
1481 1401 1529 1442 in
1555 1402 1662 1445 Ger-

149 1436 370 1496 stingunh
406 1444 562 1498 copias
594 1446 842 1490 adducturi
876 1455 1042 1494 essent.

99 1514 135 1539 20
293 1499 395 1552 Quo
440 1503 491 1544 in
537 1506 746 1561 tempore
792 1511 1066 1554 nunciatum
1115 1517 1185 1557 est
1231 1518 1330 1572 regi
1375 1519 1659 1564 Dietwinum

146 1557 448 1604 Leodiensem
481 1564 760 1621 episcopum,
794 1569 946 1612 virum
977 1573 1138 1616 multis
1167 1579 1383 1619 ornatum
1405 1580 1658 1624 virtutibus

146 1620 194 1660 et
225 1632 308 1674 per
339 1620 496 1676 plures
527 1624 620 1666 iam
652 1640 797 1669 annos
830 1631 1094 1674 sacerdocio
1126 1635 1438 1689 perfunctum,
1479 1640 1535 1681 ab
1570 1641 1656 1683 hac

14 1686 59 1719 ’μ
70 1687 131 1716 230.
145 1676 248 1720 luce
281 1680 514 1735 migrasse.
568 1680 673 1726 *Oui
705 1688 918 1741 protinus
950 1704 1030 1732 rex
1061 1707 1144 1747 per
1175 1694 1490 1739 interventum
1519 1698 1818 1752 Goze-(zun.23).

144 1735 264 1778 lonis
306 1739 436 1782 ducis
477 1745 666 1798 propter
707 1746 805 1788 eius
848 1750 1077 1792 excellens
1124 1753 1174 1794 in
1217 1755 1392 1797 milicia
1438 1759 1654 1801 meritum

95 1811 130 1837 25
144 1808 451 1841 successorem
485 1803 731 1845 constituit
753 1805 1028 1851 Heinricum
1060 1814 1290 1865 quendam
1315 1815 1653 1861 Vertunensem

143 1857 430 1909 canonicum,
473 1860 563 1915 ipsi
605 1862 713 1905 duci
745 1869 1149 1923 consanguinitate
1183 1874 1442 1927 proximum
1456 1877 1486 1918 4.
1551 1877 1652 1930 Quo

140 1914 222 1958 ille
263 1916 486 1961 beneficio
527 1922 626 1976 regi
665 1924 907 1968 devinctus
945 1941 1131 1983 operam
1164 1945 1294 1974 suam
1326 1933 1539 1978 futuraei
1583 1952 1651 1980 ex-

140 1975 368 2029 peditioni
400 1992 538 2032 quam
570 1983 815 2026 maximam
849 1986 1173 2041 pollicebatur.

282 2035 394 2087 Rex,
438 2039 626 2083 dimisso
658 2045 876 2095 exercitu,
918 2049 1127 2091 concitus
1160 2051 1474 2096 Wormaciam
1505 2058 1647 2099 venit.
1661 2074 1750 2107 (ruz.)

90 2109 126 2134 30
138 2093 184 2134 N
186 2107 237 2136 ec
289 2096 439 2139 multo
491 2102 597 2154 post
650 2101 949 2148 Burchardus
1002 2108 1302 2164 prepositusk
1356 2114 1647 2160 Treverensis

138 2153 407 2207 aecclesiae,
453 2159 532 2213 qui
578 2161 639 2203 ad
680 2176 836 2217 regem
876 2165 1169 2211 Ruzenorum
1211 2171 1467 2227 legatione¹
1518 2178 1647 2231 regia

136 2281 165 2311 a)
185 2280 317 2308 lai-ossan
335 2283 401 2312 132.
456 2285 486 2317 b)
506 2287 687 2315 Halbemtad
707 2290 787 2319 Blb.
843 2294 870 2324 e)
891 2301 930 2319 ne
950 2309 983 2313 —
1003 2295 1142 2323 iniuriam
1163 2306 1218 2326 om.
1237 2299 1317 2327 Blb.
1383 2299 1414 2334 d)
1434 2303 1524 2330 Thur.
1544 2304 1570 2328 B
1583 2305 1604 2331 1.
1620 2307 1644 2332 2.

136 2316 164 2348 e)
184 2316 390 2352 Eschenwege
411 2321 437 2346 Β
450 2322 475 2349 2.
560 2323 583 2356 f)
602 2332 656 2352 om.
676 2326 737 2354 Bl.
752 2328 777 2355 2.
862 2329 894 2363 g)
914 2330 993 2356 XVI.
1014 2331 1094 2360 131¹».
1183 2334 1214 2366 h)
1235 2335 1397 2368 Gerstigun
1419 2340 1440 2363 Α
1458 2340 1486 2370 l;
1517 2341 1644 2370 gerstin-

135 2359 197 2384 gun
215 2353 298 2387 B1e;
322 2355 514 2389 Gerstungun
535 2359 561 2383 B
574 2359 600 2388 2.
655 2362 675 2392 ἰ)
695 2363 796 2389 futura
810 2367 877 2396 pose
890 2373 965 2393 corr.
981 2367 1081 2393 future
1097 2369 1123 2393 B
1135 2371 1174 2397 1⁸,
1230 2370 1262 2405 k)
1282 2373 1369 2399 'Pu-cv,
1389 2374 1462 2401 eccl.
1480 2382 1561 2407 prop,
1582 2377 1642 2404 ΒΖ,

85 2385 122 2411 ³5
135 2387 156 2420 1)
175 2388 358 2416 Rusenorum
378 2392 456 2424 legia
475 2394 556 2422 ΒΗ).

135 2482 170 2526 1)
192 2483 278 2518 Non
301 2485 475 2522 Heinrico
494 2491 748 2537 primoqenito,
775 2499 815 2528 ut
840 2497 991 2541 videtur,
1027 2500 1112 2542 quia
1140 2500 1198 2534 hic
1222 2503 1323 2544 filiu-s·
1350 2504 1452 2546 infra
1478 2517 1513 2540 a.
1535 2507 1638 2549 1076,

128 2542 168 2574 p.
185 2532 267 2574 274,
300 2536 478 2577 puerulus
512 2541 651 2573 tenerae
684 2544 812 2576 aetatis
846 2544 991 2588 dicitur,
1027 2548 1087 2580 secl
1121 2553 1186 2582 aut
1220 2550 1392 2592 Liutqero
1424 2557 1487 2585 aut
1522 2553 1640 2588 L'done

119 2582 196 2611 ‚aut
220 2579 389 2623 Rudolfo.
476 2584 512 2628 2)
537 2586 716 2622 Consentia·
741 2590 870 2625 Brtmo
894 2603 921 2628 c.
948 2595 1006 2636 53,
1033 2596 1094 2627 sed
1118 2596 1214 2630 dix-it
1240 2597 1403 2632 exercitu
1428 2600 1636 2637 comitante.

132 2625 169 2667 3)
192 2625 312 2661 Mense
334 2629 432 2664 Iulio
463 2633 603 2667 ineunte
633 2638 825 2671 aver-citum
851 2639 1039 2674 dimissum
1065 2653 1135 2676 esse
1160 2655 1203 2677 ex
1228 2644 1416 2679 Brunonis
1441 2659 1467 2682 c.
1495 2650 1552 2684 53.
1579 2651 1637 2685 54.

83 2682 119 2706 40
127 2675 238 2715 patet,
271 2676 336 2718 qm·
365 2678 403 2710 et
426 2676 554 2723 Iulius,
587 2683 651 2725 ait,
685 2685 818 2718 mensis
850 2686 972 2732 fruges
998 2688 1117 2723 adhuc
1144 2694 1304 2725 maturas
1329 2704 1402 2728 non
1429 2695 1635 2732 exhibebat.

133 2719 286 2761 Quocum
316 2726 504 2759 concordat
534 2730 626 2771 quod
649 2730 776 2776 Lamp.
810 2734 852 2767 de
881 2740 992 2769 morte
1022 2739 1178 2781 episcopi
1201 2739 1406 2776 Leodiensis
1435 2745 1515 2785 νομί
1544 2756 1636 2777 mm-

130 2768 226 2801 ciata
251 2779 334 2803 mom
357 2777 501 2808 narrat.
598 2777 636 2820 4)
659 2778 797 2813 Filium
823 2781 1009 2816 Frider-ica·
1031 2786 1169 2819 comt-'tis
1197 2787 1385 2825 mammis.
1426 2792 1480 2832 Cf.
1502 2792 1634 2828 Chrmt.

131 2815 167 2850 S.
194 2815 351 2850 Huberti
373 2820 558 2864 Andayin.
584 2834 611 2858 c.
637 2826 695 2868 28,
723 2827 788 2862 SS.
814 2829 917 2872 VIII,
942 2843 979 2874 p.
1000 2833 1091 2871 1587,-
1116 2834 1201 2875 Aeq.
1227 2836 1453 2873 Ant-eaerall.
1482 2839 1554 2881 III,
1578 2842 1632 2883 11,

131 2862 195 2898 SS.
221 2863 345 2907 XXV,
376 2877 414 2909 p.
440 2869 510 2908 88,-
542 2869 657 2905 Lama
693 2874 734 2907 de
764 2875 898 2910 Leodio
931 2889 958 2913 c.
978 2880 1010 2921 7,
1047 2879 1111 2915 SS.
1139 2880 1193 2923 X,
1224 2894 1263 2925 p.
1290 2885 1362 2919 494
1378 2897 1448 2929 sq,
1484 2888 1631 2929 Albric„

80 2918 116 2944 45
130 2910 192 2946 SS.
220 2911 372 2957 XXIII,
394 2924 433 2957 p.
454 2917 535 2952 798.

1301 3004 1345 3038 15
