1968 3164
288 277 359 312 164
655 273 924 308 LAMPERTI
948 271 1200 308 ANNALES.
1249 272 1297 307 A.
1324 274 1428 309 1073.

289 411 393 438 cum
435 410 541 450 rege
583 396 809 450 pactionis
825 395 850 445 ¹,
895 410 998 437 cum
1040 395 1242 437 exercitu
1283 394 1437 436 navali
1468 394 1694 449 applicuit
1725 395 1784 436 ad

290 455 546 506 Saxoniam,
588 457 634 496 et
671 455 832 496 tractis
865 468 946 509 per
976 454 1115 508 longa
1146 456 1372 496 terrarum
1405 453 1559 508 spacia
1588 453 1783 494 navibus

288 515 338 555 in
377 515 580 564 fluvium,
625 514 703 567 qui
744 514 1107 554 administrando
1149 513 1340 567 negocio
1377 515 1632 567 oportunus
1663 512 1783 554 vide-

289 574 426 615 batur
440 575 467 623 ²,
511 574 616 627 igne
659 575 705 614 et
744 573 868 614 ferro
905 573 1138 626 regionem
1169 572 1390 613 infestare
1422 571 1628 626 parabat.
1692 571 1783 614 Sed

289 633 420 674 miles
461 632 558 674 eius
596 632 892 673 vehementer
933 631 1251 673 detractabata
1290 630 1520 678 miliciam,
1564 630 1779 679 obiciens,
1796 641 1814 667 5

288 692 411 746 quod
452 691 551 741 sibi,
595 686 833 745 quotiensb
872 692 1162 732 externorum
1205 690 1407 731 hostium
1444 689 1782 731 incursionibus

289 752 601 804 quaterentur,
637 750 836 791 Saxones
858 764 940 804 pro
963 763 1092 790 muro
1114 749 1302 799 fuerint,
1330 762 1413 790 nec
1435 748 1544 789 ullis
1564 762 1780 802 unquam,

289 824 393 851 cum
424 809 624 851 facultas
662 811 940 863 suppeteret,
983 808 1268 850 lacessierint
1307 807 1509 858 iniuriis;
1551 809 1782 862 postremo

289 869 327 909 si
350 869 673 917 calamitatem,
709 882 824 922 quae
857 868 915 908 ad
938 881 1123 922 presens
1155 869 1351 922 urgeret,
1387 866 1660 920 quandoque
1685 880 1782 921 pro-

288 928 544 982 pulsarent,
589 941 748 981 graves
790 941 928 981 penas
973 926 1172 968 iniustae
1219 926 1356 966 huius
1403 925 1715 967 infestationis
1755 939 1831 967 aio

288 987 459 1041 populo
512 986 749 1027 Danorum
802 988 1055 1028 exacturos.
1135 984 1250 1026 Cum
1302 985 1416 1027 haec
1468 985 1683 1039 privatim
1735 986 1783 1027 et

288 1046 471 1099 publice
513 1046 792 1095 iactitarent,
835 1059 914 1087 rex
955 1045 1140 1094 veritus,
1183 1058 1240 1086 ne
1281 1045 1330 1085 in
1371 1058 1424 1086 eo
1462 1044 1723 1086 discrimine
1754 1058 1782 1085 a

287 1105 434 1146 milite
483 1105 690 1146 desertus
736 1104 937 1146 ludibrio
985 1105 1115 1146 fieret
1158 1104 1386 1154 hostibus,
1429 1117 1567 1146 naves
1607 1102 1782 1146 retrahi

284 1164 419 1205 iussit
452 1166 498 1205 et
530 1164 661 1204 nulla
691 1164 868 1218 regioni
901 1163 1030 1205 clade
1062 1163 1196 1204 illata
1218 1163 1416 1204 Saxonia
1448 1163 1654 1205 excessit.
1705 1162 1782 1204 Ita

215 1271 234 1281 ,-
285 1225 445 1264 tantus
477 1223 556 1264 ille
589 1223 745 1264 bellici
778 1224 1027 1277 apparatus
1059 1223 1213 1264 fervor
1243 1223 1432 1276 impune
1465 1221 1736 1276 deflagravit
1751 1222 1828 1261 3.15

160 1271 270 1341 33⁴2}
427 1282 663 1336 Principes
715 1282 938 1324 Saxoniae
990 1282 1130 1322 XIII.
1179 1281 1285 1322 Kal.
1332 1281 1604 1323 Novembris
1650 1281 1780 1322 iuxta

211 1338 217 1344 ’
265 1338 550 1382 'condictum
582 1343 807 1382 venerunt
838 1341 887 1381 in
920 1340 1237 1395 Grerstengunc
1273 1354 1376 1381 cum
1409 1339 1562 1380 XIIII
1593 1339 1779 1380 milibus

285 1400 485 1447 armatis,
521 1402 701 1442 caetera
723 1400 1023 1441 multitudine
1050 1400 1108 1440 ad
1131 1399 1387 1440 custodiam
1419 1398 1618 1452 regionis
1641 1400 1778 1452 atque

282 1460 331 1499 in
364 1459 600 1500 obsidione
634 1459 927 1500 castellorum
959 1458 1218 1500 derelicta4.
1282 1458 1488 1499 Aderant
1521 1453 1688 1498 etiamd
1724 1470 1778 1499 ex

283 1520 414 1572 parte
466 1518 586 1571 regis
638 1518 962 1572 Mogontinus⁰
1018 1517 1405 1571 archiepiscopus,
1459 1511 1773 1557 Coloniensisf
1792 1526 1826 1551 20

283 1577 674 1631 archiepiscopus,
723 1577 996 1618 Mettensisg
1047 1577 1287 1630 episcopus
1301 1576 1328 1625 ⁵,
1382 1574 1777 1630 Babenbergensis

283 1636 523 1690 episcopus
538 1637 564 1686 ⁶,
620 1635 788 1677 Gozelo
840 1635 1230 1690 Lutheringorum
1244 1629 1262 1656 ¹¹
1318 1629 1454 1684 duxi,
1508 1629 1774 1675 Rfidolfusk

281 1763 310 1792 a)
335 1761 522 1787 detrectabat
547 1762 655 1793 B1.2;
683 1762 720 1792 cf.
744 1769 835 1793 snpra
855 1770 887 1793 p.
902 1762 964 1793 100,
989 1762 1008 1788 l.
1022 1762 1066 1786 29.
1089 1762 1149 1792 106,
1171 1762 1191 1786 I.
1208 1762 1240 1786 15
1266 1763 1291 1785 ee
1316 1761 1441 1792 saepius.
1532 1759 1563 1792 b)
1588 1759 1703 1791 quoties
1724 1760 1773 1784 Al

281 1804 410 1828 semper;
431 1798 570 1828 quociens
590 1797 641 1822 Bl
661 1804 780 1829 semper.
866 1798 893 1827 c)
913 1797 1098 1828 Gen-stangan
1117 1797 1214 1823 131.2.
1300 1797 1329 1827 d)
1350 1803 1402 1822 om.
1423 1795 1520 1822 Β1.2.
1604 1794 1633 1827 e)
1651 1795 1778 1827 Mogun-

282 1833 361 1857 tinus
382 1833 459 1860 Blss,
540 1833 562 1866 f)
582 1833 644 1860 Col.
663 1834 743 1860 arch.
768 1840 823 1860 om.
842 1833 868 1857 B
880 1831 922 1859 lb.
1000 1833 1030 1865 g)
1050 1832 1191 1857 Metensis
1210 1832 1324 1858 31³2.
1396 1830 1427 1863 h)
1448 1830 1636 1862 Lutthering.
1655 1830 1716 1858 Al.
1728 1831 1775 1863 1·;
1791 1831 1825 1858 25

280 1869 433 1900 Lutering.
455 1869 480 1892 B
492 1870 515 1895 2.
595 1869 615 1899 i)
637 1871 667 1894 et
685 1869 745 1896 132,
830 1867 860 1899 k)
879 1866 1025 1892 Rudolfus
1045 1868 1071 1892 A
1083 1869 1112 1900 1;
1134 1866 1289 1892 Rudolffus
1308 1867 1386 1893 131⁸.
1397 1867 1421 1893 2.

281 1977 316 2019 1)
344 1976 401 2017 Cf.
427 1986 541 2018 supra
560 1986 600 2018 p.
621 1976 699 2010 147.
742 1975 786 2009 A.
807 1975 909 2010 1074.
936 1974 1148 2007 Heinricum
1172 1973 1365 2006 Suenonem
1390 1983 1502 2015 reyem
1528 1970 1777 2016 promissionis

279 2023 484 2056 iuramento
519 2020 753 2055 confirmatae
790 2031 1074 2054 commemorasse
1107 2021 1233 2053 Bruno
1266 2031 1293 2052 c.
1322 2021 1378 2054 36.
1413 2019 1546 2054 scribit.
1596 2019 1664 2052 Secl
1699 2029 1778 2052 cum

281 2071 404 2112 foedus
428 2073 551 2102 contra
578 2069 736 2102 Saoeones
760 2069 854 2101 inter
878 2079 976 2110 reyes
999 2072 1088 2102 certe
1111 2078 1182 2101 non
1207 2068 1341 2108 factum
1366 2068 1424 2110 sit,
1452 2066 1647 2100 Heinricus
1670 2066 1777 2099 illum

280 2117 322 2150 de
352 2120 457 2160 pacto
491 2116 675 2159 appellare
707 2125 777 2148 non
807 2117 934 2158 potuit.
1047 2115 1084 2158 2)
1117 2115 1310 2157 Reyinonis
1343 2114 1506 2147 chronico
1540 2114 1624 2147 lecto
1652 2113 1779 2146 didicit
1790 2121 1825 2146 30

280 2164 407 2207 Lamp.
433 2163 558 2196 Danos
587 2163 751 2205 antiquos
776 2172 881 2206 naves
905 2173 972 2205 per
995 2163 1122 2203 fluvios
1151 2172 1296 2194 sursum
1320 2162 1469 2194 evea-isse
1493 2159 1544 2204 (a.
1567 2161 1648 2196 888.
1675 2160 1776 2203 890),

279 2220 537 2253 nonnunquam
561 2220 627 2253 per
653 2208 786 2242 siccum
812 2210 979 2250 tramisse,
1005 2209 1098 2241 unde
1120 2209 1334 2251 ineptissime
1356 2209 1451 2241 dixit
1470 2208 1594 2240 Danos
1614 2218 1719 2241 naves
1738 2206 1777 2240 in

280 2257 432 2291 fluvium
449 2257 624 2300 quendam
649 2258 767 2299 (quem
791 2256 1011 2298 iqnoravitl)
1036 2266 1101 2298 per
1125 2254 1235 2298 longa
1258 2256 1439 2287 terrarum
1465 2254 1585 2297 spacia
1610 2255 1776 2289 traxisse.

280 2306 317 2348 3)
342 2305 527 2338 Fabellam
552 2304 643 2336 hanc
667 2314 737 2336 esse
761 2303 1020 2346 ineptissimam
1052 2312 1150 2335 nemo
1173 2311 1244 2334 non
1268 2302 1358 2334 videt
1384 2305 1528 2344 praeter
1551 2301 1776 2334 Wilhelmum

280 2352 322 2385 de
341 2351 569 2394 Giesebreckt,
599 2350 744 2384 (ΒΚΖ.)
769 2351 820 2384 ed.
839 2351 871 2385 5.
898 2349 972 2391 HI,
996 2361 1033 2392 p.
1051 2350 1132 2384 285.
1170 2348 1246 2381 Hoc
1271 2352 1421 2391 tempore
1438 2347 1552 2380 Sueno
1569 2347 1776 2380 Estrithson
1789 2354 1823 2380 35

280 2409 350 2431 non
375 2399 543 2440 Saxones,
580 2398 639 2431 sed
663 2398 837 2439 Anyliam
871 2397 1036 2430 invadere
1068 2396 1254 2438 aequabat,
1292 2406 1326 2429 a.
1346 2395 1449 2430 1075.
1475 2395 1573 2427 misit
1597 2404 1634 2427 eo
1658 2394 1776 2436 filium

280 2456 384 2479 suum
409 2446 610 2478 Knutonem
634 2455 712 2477 cum
737 2446 806 2479 200
831 2444 990 2485 navibus,
1018 2443 1082 2485 qui
1104 2442 1236 2483 infecta
1261 2453 1300 2475 re
1323 2442 1463 2475 rediens
1486 2441 1535 2474 ad
1555 2441 1775 2474 Flandriam

280 2503 386 2526 naves
416 2493 567 2536 appulit.
619 2491 674 2533 Cf.
700 2491 796 2525 Ann.
823 2491 1031 2533 Anylosax„
1059 2490 1122 2524 SS.
1144 2489 1260 2530 XIII,
1283 2500 1321 2532 p.
1341 2490 1408 2523 116
1426 2499 1499 2531 39η·
1533 2488 1630 2521 ‘Two
1655 2488 1698 2529 of
1719 2487 1776 2522 the

281 2540 404 2573 Samon
423 2539 637 2572 Chronicles’
654 2539 706 2573 ed.
727 2538 825 2571 John
841 2538 954 2570 Earle
971 2537 1133 2579 (Ooeford
1151 2537 1262 2577 1865)
1284 2547 1322 2579 p.
1339 2537 1432 2575 215„-
1464 2535 1560 2568 Will.
1579 2535 1773 2577 Mazmesb„

280 2587 375 2621 Hist.
411 2597 534 2629 remam
568 2586 675 2628 Anyl.
711 2588 730 2626 ξ
757 2586 838 2628 261,
874 2585 925 2619 ed.
950 2584 1083 2626 Hardy
1108 2594 1148 2626 p.
1172 2585 1264 2623 437‚·
1297 2583 1484 2625 Freeman,
1523 2582 1630 2616 ‘His-t.
1657 2583 1702 2624 of
1719 2582 1824 2616 them

281 2634 444 2667 Norman
477 2633 649 2676 conquest'
683 2632 749 2675 IV,
783 2644 819 2676 p.
839 2633 919 2667 585.
970 2632 1051 2664 Non
1084 2635 1157 2663 tam
1191 2630 1258 2663 hac
1282 2640 1320 2663 re
1344 2630 1576 2672 Lampertum
1600 2630 1649 2662 ad
1673 2640 1775 2664 suam

281 2681 452 2722 fabellam
477 2681 743 2723 confinyenolam
776 2680 967 2712 adductum
1000 2689 1106 2721 quam
1141 2688 1218 2711 eam
1238 2687 1330 2720 pure
1354 2680 1582 2710 commentum
1606 2687 1676 2710 esse
1699 2687 1776 2710 oen-

281 2738 354 2761 sere
379 2728 532 2762 mallem.
584 2728 638 2769 Cf.
665 2727 851 2760 Delbru'clc
878 2737 917 2769 p.
937 2728 994 2766 77,
1029 2736 1063 2758 n.
1087 2726 1121 2759 2.
1242 2725 1278 2767 4)
1309 2724 1434 2757 Etiam
1458 2725 1580 2766 reyius
1603 2724 1776 2757 ezei-citus

281 2785 393 2808 mense
420 2775 488 2809 Oct.
515 2776 654 2808 ineunte
678 2775 718 2807 in
742 2775 926 2807 territorio
949 2772 1206 2814 Hei'sfeldensi,
1234 2771 1333 2804 haud
1351 2771 1482 2814 procul
1505 2782 1528 2804 a
1555 2771 1775 2813 Gerstunqen

281 2832 325 2854 εχ
341 2822 496 2854 condicto
522 2820 583 2866 (ef.
602 2832 716 2864 supra
737 2833 774 2864 p.
795 2819 880 2866 158)
906 2820 1110 2861 convenisse,
1138 2819 1197 2852 sed
1221 2828 1305 2851 mox
1330 2819 1500 2851 dimissus
1523 2828 1593 2851 esse
1617 2818 1822 2856 videtur‚·45

281 2868 327 2909 cf.
356 2869 475 2902 Car-m.
502 2869 543 2901 (le
568 2869 598 2903 b.
625 2868 715 2903 Sam.
740 2868 792 2910 II,
814 2869 928 2908 1——5,·
961 2866 1145 2900 Berthold.
1170 2863 1281 2910 (Ann.
1309 2865 1344 2900 S.
1370 2864 1506 2909 Blasii)
1527 2875 1567 2907 p.
1585 2866 1676 2899 276:
1703 2863 1774 2897 dis-

280 2914 398 2958 posita
414 2942 421 2950 .
438 2942 445 2950 .
462 2942 468 2950 .
488 2914 718 2958 expeditione
735 2914 773 2948 in
790 2913 996 2948 Saxoniam.
1080 2914 1115 2956 5)
1133 2912 1390 2947 Herimannus.
1463 2913 1499 2956 6)
1517 2911 1773 2946 HerimannuS.
