2014 3184
618 262 782 299 INDEX
806 261 1157 298 LOCUTIONUM,

188 385 385 430 statimque
425 383 472 419 ad
509 382 734 429 explendum
770 381 870 427 quod

136 433 365 480 cogitaverat
388 442 595 477 preceps
620 430 765 474 abisset,
799 429 870 464 nisi

136 483 198 526 81,
214 491 244 518 ⁶.
286 501 332 506 —
373 478 404 514 si
444 478 488 513 ad
527 477 754 523 implendam
791 488 870 512 rem

138 538 292 574 preceps
316 526 436 562 abiret
459 528 542 569 331,
553 536 580 562 5.
609 545 652 550 —-
679 524 727 559 ad
749 535 870 569 perse-

136 575 326 622 quendum
360 585 445 610 eum
483 602 492 610 .
529 599 538 608 .
574 601 582 609 .
617 583 771 618 preceps
808 571 870 606 ab·

139 624 238 668 isset,
263 622 334 658 nisi
358 624 416 667 93,
431 633 476 658 10.
510 641 555 646 —-
579 631 660 655 rem
687 648 694 656 .
722 648 730 656 .
758 648 765 655 .
793 630 870 654 om-

139 671 229 707 nino
263 670 303 705 in
335 680 489 715 preceps
517 669 653 703 ituram
677 669 737 711 86,
751 678 796 703 25.
825 687 867 692 -

138 719 205 764 qui
243 717 387 753 incultu
425 720 534 762 atque
571 715 739 751 socordia
775 725 869 760 pene

139 777 294 813 preceps
320 765 415 800 ierat
441 767 521 810 135,
535 775 580 800 30.

187 813 259 850 nisi
282 812 491 848 ambitionis
516 811 647 857 spiritu
673 836 682 846 .
701 839 709 846 .
729 836 738 845 .
763 821 870 855 pre-

141 873 253 908 ceps
282 863 476 907 raperetur
502 861 582 904 108,
596 869 641 895 25.
680 879 722 883 -
755 857 870 892 ambi—

141 909 255 946 cionis
286 909 485 954 impetum,
519 918 592 952 quo
626 917 779 952 preceps
812 916 870 940 ra-

139 957 311 1004 piebatur
329 958 410 1000 127,
420 967 465 992 2ο.
494 975 536 980 -
564 953 773 989 ambitionis
799 953 870 998 spi-

140 1005 215 1040 ritu
246 1003 443 1050 precipites
475 1002 715 1048 rapiebantur
744 1003 827 1045 241,
841 1011 870 1037 5.

141 1073 187 1079 —-
212 1054 312 1088 totus
343 1051 544 1087 ambitione
575 1060 728 1096 preceps
753 1049 871 1094 rapie—

140 1101 250 1136 batur
273 1102 356 1146 327,
370 1111 398 1136 1.
434 1119 476 1124 -
503 1098 534 1132 si
558 1097 774 1133 ambicionis
799 1096 871 1142 spi-

141 1148 216 1183 ritu
251 1176 260 1184 .
286 1176 295 1184 .
322 1173 331 1182 .
363 1147 622 1192 conflagrasset
657 1147 738 1189 327,
754 1155 799 1180 10.
826 1165 871 1169 —

142 1195 259 1231 furori
295 1206 374 1240 suo,
412 1205 485 1239 quo
521 1193 717 1239 precipites
750 1194 871 1236 rapta-

142 1244 277 1279 bantur
295 1245 432 1287 190,10.
460 1262 502 1267 ——
528 1241 617 1276 mali
640 1240 772 1286 operis,
799 1250 872 1284 quo

143 1301 296 1337 preceps
320 1289 401 1335 rapi
425 1289 619 1325 videbatur
642 1291 725 1331 290,
739 1299 785 1324 20.

190 1339 230 1374 in
253 1337 394 1374 flumen
418 1349 456 1372 se
486 1336 785 1382 precipitem
811 1334 873 1369 de-

142 1386 200 1422 dit
230 1388 291 1431 80,
309 1397 355 1423 20.
396 1405 438 1410 -
476 1385 515 1419 in
548 1383 873 1430 profundissimam

143 1445 277 1480 aquam
311 1444 350 1469 se
385 1461 394 1470 .
428 1461 436 1469 .
473 1461 482 1469 .
519 1431 737 1478 precipitem
772 1429 875 1465 dedit

145 1484 226 1526 339,
241 1493 286 1518 20.
323 1501 366 1507 -
398 1483 441 1515 ut
465 1491 539 1515 uno
564 1480 640 1515 ictu
665 1481 874 1514 consterna-

144 1531 224 1565 tum
258 1528 305 1564 ad
328 1528 581 1574 pavimentum
611 1537 727 1571 usque
758 1525 874 1571 preci-

144 1577 260 1623 pitem
294 1576 400 1611 daret
434 1578 491 1620 96,
515 1587 560 1612 30.
601 1595 642 1600 ——
679 1574 718 1608 in
752 1573 875 1608 omnia

145 1635 283 1670 genera
306 1623 536 1669 flagiciorum
563 1651 570 1659 .
594 1651 601 1658 .
621 1648 630 1657 .
655 1621 874 1666 precipitem

146 1683 184 1708 se
210 1671 312 1707 dedit
338 1673 418 1716 140,
433 1682 479 1707 2ο.
513 1691 555 1695 -
581 1669 759 1714 homines,
786 1679 875 1713 quo-

146 1731 229 1755 rum
255 1718 406 1754 consilio
432 1729 543 1763 seque
573 1728 725 1761 remque
755 1715 874 1762 publi-

147 1779 230 1803 cam
253 1766 469 1812 precipitem
495 1765 654 1800 dedisset
682 1767 760 1808 151,
775 1775 821 1800 2ο.

196 1815 235 1850 in
261 1843 269 1851 .
298 1843 306 1851 .
333 1843 341 1851 .
368 1814 490 1848 hostes
514 1812 812 1858 precipitem
837 1822 876 1846 se

147 1862 262 1897 mittit
286 1864 344 1906 72,
358 1873 403 1898 ιο.
442 1881 483 1886 -—
519 1871 662 1895 summo
688 1859 770 1893 nisu
794 1869 876 1904 pre-

148 1910 276 1956 cipites
330 1909 501 1944 feruntur
557 1908 595 1942 in
651 1906 877 1942 adversarios

147 1960 230 2002 219,
244 1969 288 1994 10.
324 1977 370 1982 —
404 1955 535 1991 laxatis
560 1958 700 1990 temere
724 1954 877 1990 habenis

149 2034 157 2042 .
178 2034 186 2042 .
205 2034 213 2042 .
232 2004 428 2050 precipites
445 2005 558 2038 ruunt
575 2005 656 2047 275,
668 2013 714 2039 25.
739 2022 781 2027 —-
802 2001 878 2036 vita

152 2081 159 2090 .
188 2081 196 2089 .
223 2081 232 2090 .
263 2063 417 2098 preceps
441 2050 623 2088 referetur
654 2050 701 2084 ad
725 2049 877 2095 pristine

147 2100 365 2147 gentilitatis
406 2098 602 2144 spurcicias
643 2100 725 2142 316,
745 2108 788 2133 10.
831 2117 877 2122 —-

151 2159 224 2193 quo
249 2148 410 2193 primum
436 2146 483 2181 ad
508 2146 708 2181 solitariam
735 2173 743 2181 .
764 2170 773 2179 .
792 2173 799 2181 .
826 2144 878 2179 vi-

151 2199 227 2230 tam
261 2207 345 2230 eum
380 2194 504 2230 fervor
540 2193 689 2239 spiritus
722 2191 878 2238 precipi-

150 2247 226 2278 tem
252 2243 385 2289 agebat
409 2244 492 2286 328,
506 2252 551 2278 15.

198 2291 394 2335 statimque
419 2290 465 2324 ab
490 2288 601 2324 armis
636 2287 683 2323 ad
707 2298 879 2333 preces

150 2338 247 2374 versi
271 2339 330 2380 96,
345 2350 372 2374 1.
405 2357 447 2363 —
474 2337 578 2382 plebs
604 2347 751 2371 omnem
778 2345 879 2379 spem

151 2397 255 2421 suam
289 2386 336 2420 ab
361 2385 472 2420 armis
496 2384 543 2420 ad
567 2394 694 2429 preces
718 2384 881 2418 verterat

151 2436 234 2478 233,
250 2444 294 2471 15.
334 2454 376 2458 —
416 2432 501 2468 dein
538 2434 637 2466 totus
674 2430 722 2465 ad
754 2440 880 2475 preces

156 2481 394 2525 lacrimasque
419 2491 546 2515 versus
570 2482 629 2523 85,
646 2490 688 2514 ιο.

202 2575 384 2610 exercitus
420 2574 516 2620 regis
553 2573 735 2619 predae
773 2582 881 2616 quam

154 2634 299 2668 pugnae
324 2621 466 2656 avidior
492 2624 572 2666 177,
588 2633 614 2657 1.
652 2641 694 2647 —
731 2631 777 2654 ne
803 2618 882 2663 quis

157 2698 165 2706 .
193 2698 201 2707 .
229 2698 238 2706 .
263 2669 399 2715 predae
425 2668 552 2703 avidus
577 2670 636 2711 96,
651 2679 696 2704 10.

202 2717 336 2762 partim
361 2716 506 2759 iniuria,
536 2715 671 2760 partim
702 2713 882 2759 predae

155 2763 325 2809 cupidine
350 2763 492 2798 accensi
517 2765 597 2807 192,
611 2774 639 2799 5.

203 2811 430 2856 multamque
498 2820 553 2856 pr
562 2821 583 2845 e
593 2809 617 2844 d
628 2821 649 2844 a
658 2821 696 2843 m
762 2807 885 2853 abegit

156 2861 215 2903 56,
232 2870 278 2895 25.
313 2879 359 2884 -
393 2857 546 2903 predam
581 2857 736 2891 multam
762 2854 886 2900 abegit

159 2908 240 2951 116,
258 2917 287 2942 5.

1574 260 1646 296 467

967 382 1057 416 Sall.
1084 381 1164 418 Cat.
1187 382 1246 417 25.
1280 379 1425 414 luxuria
1458 381 1568 423 atque
1593 378 1646 412 in-

920 429 1004 474 opia
1038 439 1277 473 praeceps
1312 426 1471 471 abierat3
1506 426 1586 470 qu.
1613 428 1646 462 6.

919 479 1051 511 natura
1088 475 1300 510 mortalium
1339 503 1346 510 .
1384 503 1391 510 .
1428 502 1436 511 .
1474 484 1648 518 praeceps

920 523 966 558 ad
1004 522 1224 568 explendam
1267 522 1380 557 animi
1416 521 1648 566 cupidinem3

919 573 977 607 31.
1010 573 1155 605 suomet
1187 569 1258 614 ipsi
1292 580 1396 604 more
1429 568 1648 614 praecipites

920 621 1017 654 eant.
1046 638 1088 643 —
1115 618 1195 653 Liv.
1209 617 1306 662 prol.
1326 619 1358 653 9.
1384 619 1464 650 tum
1488 615 1542 650 ire
1567 627 1648 650 coe-

919 666 1042 711 perint
1065 664 1293 710 praecipites.
1322 684 1364 689 —
1391 664 1516 697 Iudith
1534 665 1590 705 15,
1613 665 1647 699 4.

920 714 959 749 in
977 713 1103 759 fugam
1128 712 1232 747 ibant
1247 711 1478 756 praecipites.
1498 731 1540 736 —
1559 710 1647 746 Sall.

920 762 1001 805 Iuy.
1026 763 1060 797 2.
1095 759 1285 805 ingenium
1318 788 1325 795 .
1354 785 1362 794 .
1390 787 1398 795 .
1429 758 1570 793 incultu
1595 760 1649 792 at-

919 820 991 854 que
1017 807 1184 843 socordia
1209 810 1417 852 torpescere
1442 806 1576 842 sinunt.

968 857 1061 892 Sall.
1088 856 1167 899 Iuy.
1195 857 1252 891 63.
1287 853 1486 889 ambitione
1516 864 1648 898 prae-

920 915 1030 949 ceps
1055 903 1162 938 datus
1188 905 1252 938 est.

971 1334 1064 1367 Hor.
1083 1333 1159 1368 Sat.
1177 1332 1208 1375 Ι,
1223 1334 1257 1374 2,
1270 1333 1328 1367 41.
1355 1329 1429 1365 Hic
1455 1341 1492 1364 se
1517 1339 1651 1374 prae-

924 1381 1127 1426 cipitem
1161 1381 1259 1414 tecto
1295 1378 1407 1413 dedit.
1441 1397 1483 1402 -
1515 1378 1650 1411 Terent.

924 1429 1042 1464 Andr.
1074 1428 1154 1470 III,
1179 1429 1221 1470 4,
1252 1429 1310 1462 27.
1349 1436 1422 1470 quo
1459 1435 1557 1458 nunc
1593 1435 1652 1458 me

923 1475 1165 1522 praecipitem
1191 1474 1335 1516 darem3
1362 1473 1430 1507 Ad.
1449 1472 1522 1515 ΙΙΙ,
1541 1473 1575 1514 2,
1593 1474 1651 1508 20.

923 1523 1164 1570 praecipitem
1190 1522 1333 1565 darem3
1359 1521 1505 1555 Phorm.
1532 1520 1599 1561 IV,
1616 1521 1650 1561 3,

923 1575 982 1609 20.
1009 1574 1051 1606 ut
1074 1570 1315 1616 praecipitem
1346 1568 1441 1602 hanc
1466 1567 1581 1602 daret.
1609 1586 1650 1591 —

925 1620 1004 1655 Liv.
1030 1618 1182 1661 XXXI,
1208 1619 1266 1653 37.
1299 1626 1474 1661 praeceps
1509 1614 1555 1648 ad
1580 1616 1653 1648 ter-

924 1678 1004 1702 ram
1030 1666 1157 1709 datus3
1182 1665 1350 1708 XXVII,
1369 1665 1428 1700 27.
1454 1661 1552 1706 quod
1578 1688 1586 1695 .
1612 1690 1619 1697 .
1644 1688 1653 1696 .

925 1717 1002 1750 tam
1035 1712 1240 1759 improvide
1276 1723 1313 1746 se
1350 1739 1357 1747 .
1389 1739 1397 1746 .
1426 1738 1434 1747 .
1469 1712 1506 1744 et
1538 1719 1653 1754 prope

924 1765 1042 1797 totam
1083 1772 1163 1796 rem
1199 1759 1384 1805 publicam
1425 1757 1463 1792 in
1503 1767 1653 1802 preceps

925 1809 1087 1845 dederat.

974 1858 1066 1893 Hor.
1102 1857 1178 1892 Sat.
1214 1855 1250 1898 I,
1284 1856 1325 1898 4,
1354 1855 1410 1890 30.
1452 1863 1518 1896 per
1558 1851 1654 1885 mala

925 1915 1164 1950 praeceps
1190 1902 1318 1938 fertur.
1347 1921 1388 1926 —
1415 1901 1518 1935 Dent.
1541 1901 1600 1941 22,
1619 1901 1653 1934 8.

926 1953 998 1987 alio
1026 1981 1032 1988 .
1062 1980 1068 1987 .
1095 1951 1133 1985 in
1158 1960 1333 1996 praeceps
1358 1950 1500 1988 ruente,
1527 1950 1583 1981 etc.
1610 1966 1651 1971 --

927 2001 1006 2035 Liv.
1030 1999 1136 2042 VIII,
1158 2001 1215 2035 17.
1243 2007 1418 2042 praeceps
1444 1994 1490 2029 ad
1514 1994 1552 2028 id
1578 2004 1654 2028 cer-

926 2050 1051 2082 tamen
1064 2046 1196 2092 agitur.
1212 2065 1254 2070 ——
1270 2045 1402 2080 lustin.
1415 2042 1566 2085 XVIII,
1576 2043 1608 2084 1,
1620 2043 1654 2076 2.

928 2095 1091 2130 animum
1124 2093 1364 2138 praecipitem
1396 2100 1503 2136 agere
1528 2099 1656 2133 coepe·

927 2146 1020 2178 rant.
1036 2162 1080 2167 —
1095 2142 1186 2176 Sall.
1203 2141 1278 2175 Cat.
1294 2143 1351 2175 31.
1369 2148 1542 2184 praeceps
1556 2147 1655 2181 agor.

930 2211 972 2216 —
1006 2191 1109 2233 Sulp.
1143 2190 1216 2223 Sev.
1251 2187 1352 2222 Dial.
1386 2187 1422 2229 I,
1450 2187 1505 2221 10.
1541 2182 1656 2218 acturi

928 2237 1127 2273 solitariam
1152 2236 1277 2270 vitam.

977 2286 1055 2320 Liv.
1074 2284 1134 2325 VI,
1160 2285 1218 2325 24,
1246 2284 1280 2317 8.
1307 2281 1352 2315 ab
1379 2278 1532 2323 imperio
1558 2279 1657 2311 totus

930 2333 977 2368 ad
1001 2342 1174 2377 preces
1199 2339 1344 2369 versus,
1381 2326 1490 2368 VIII,
1517 2327 1575 2360 35.
1610 2323 1655 2357 ad

929 2390 1054 2425 preces
1103 2381 1140 2412 et
1190 2374 1471 2410 obtestationem
1514 2381 1655 2413 versus;

930 2427 1069 2469 XLIV,
1089 2427 1145 2460 :31.
1162 2424 1359 2467 ‘postremo
1385 2420 1431 2454 ad
1456 2430 1580 2464 preces
1606 2418 1655 2451 la-

931 2474 1134 2516 crimasque
1160 2470 1305 2505 effusus.
1334 2489 1378 2493 —
1403 2470 1437 2503 2.
1464 2467 1580 2501 Maon.
1600 2467 1655 2508 12,

931 2524 988 2558 42.
1014 2521 1066 2554 ita
1091 2519 1138 2553 ad
1163 2528 1289 2562 preces
1315 2514 1490 2550 conversi.

979 2570 1057 2603 Liv.
1084 2567 1136 2608 ΙΙ,
1162 2568 1220 2608 47,
1247 2567 1279 2600 5.
1306 2561 1516 2607 praedae
1542 2560 1657 2604 magis

932 2627 1042 2660 quam
1067 2624 1212 2658 pugnae
1236 2620 1433 2651 memores3
1459 2608 1536 2642 XX
1543 2608 1581 2650 V,
1598 2608 1656 2643 25.

931 2663 1036 2698 miles
1062 2660 1188 2695 avidus
1213 2657 1382 2703 praedae.

983 2710 1081 2744 Ovid.
1106 2709 1188 2742 Met.
1207 2707 1269 2740 XI
1277 2706 1314 2747 V,
1334 2706 1415 2740 229.
1442 2701 1578 2736 invidia
1602 2712 1658 2735 so-

933 2758 1013 2838 cioIs
1023 2768 1047 2813 p
1060 2767 1079 2790 r
1086 2767 1110 2836 ἲ
1107 2766 1153 2836 IeI
1152 2754 1239 2837 (12ὸὲ
1248 2764 1317 2825 (ιιξε
1335 2750 1505 2831 cupidige
1518 2748 1658 2829 ductcss.

1015 2815 1058 2839 tv.
1278 2809 1312 2836 ζ..
1372 2808 1450 2832 rae
1496 2808 1563 2831 am
1597 2807 1619 2830 a
1645 2815 1659 2821 -

934 2852 1004 2898 igi;
1038 2851 1103 2891 VJ,
1130 2828 1187 2890 3'1,
1213 2827 1250 2883 ss
1275 2810 1410 2891 pragda
1434 2844 1574 2888 abacta,
1600 2847 1658 2879 etc.

1304 2963 1374 3002 30*
