2046 3190
274 2438 366 2472 1072

308 2485 362 2510 Det
369 2503 375 2510 .

403 243 473 279 246
773 244 1040 280 LAMPERTI
1066 245 1318 281 ANNALES.
1368 246 1415 283 A.
1443 249 1545 284 1075.

402 380 595 408 numero
636 367 896 409 inimiciciis
929 367 1183 410 dissidebat
1215 370 1261 410 et
1294 383 1398 410 eum
1436 368 1670 412 acerrimis
1701 370 1902 426 increpa-

402 425 606 467 tionibus
639 426 915 481 obiurgabat
947 429 1135 482 propter
1166 427 1327 479 multa,
1367 442 1483 482 quae
1516 431 1697 483 pretera
1735 443 1902 484 equum

404 487 451 527 et
492 485 664 527 bonum
703 486 799 528 eius
841 486 966 528 iussu
1008 487 1081 528 vel
1123 487 1347 541 permissu
1387 483 1643 542 quottidieb
1691 489 1901 532 admitte-

404 544 575 585 bantur
620 545 668 586 in
715 559 762 587 re
811 546 1010 600 publica.
1074 545 1207 588 Unde
1248 560 1327 588 rex
1368 547 1637 602 plerumque
1680 548 1900 591 efferatus

403 604 557 645 omnia
587 618 703 658 quae
744 604 870 646 illius
908 607 1039 647 erant
1079 605 1205 647 ferro
1247 608 1293 647 et
1334 607 1440 660 igne
1483 607 1811 649 demoliturum
1852 621 1931 651 set»

403 663 772 706 comminabatur
786 664 812 714 ¹,
847 664 1116 719 plerumque
1149 667 1305 707 autem
1328 665 1520 720 supplex
1553 666 1596 708 ei
1625 667 1779 709 factus
1811 681 1900 708 am-

402 722 619 776 plissimis
660 724 1037 778 promissionibus
1077 724 1248 765 iratum
1281 724 1575 767 demulcebat
1607 727 1654 767 et
1690 728 1788 768 tam
1829 727 1900 768 sui

402 795 539 836 quam
580 783 729 824 tocius
776 783 907 837 regni
951 783 1022 824 ius
1070 785 1439 838 potestatemque
1482 784 1524 825 ei
1571 798 1618 826 se
1665 785 1900 827 facturum

402 841 722 896 pollicebatur,
766 842 803 883 si
845 843 979 884 modo
1013 843 1155 883 fidum
1188 856 1292 885 eum
1332 843 1419 884 sibi
1457 857 1541 885 nec
1573 844 1688 886 adeo
1721 845 1900 886 cunctis

401 900 720 942 voluntatibus
762 901 855 942 suis
894 902 1135 943 adversum
1168 902 1466 956 experiretur.
1528 903 1629 944 Adc
1669 903 1783 946 haec
1818 903 1949 947 illem

400 960 449 1001 in
482 960 660 1002 cunctis
701 961 874 1011 aiebat,
918 975 1034 1015 quae
1071 963 1196 1003 recte
1236 963 1283 1003 et
1323 962 1454 1003 iuxta
1490 962 1664 1016 regiam
1697 963 1900 1018 magnifi-

401 1019 599 1061 centiam
633 1022 890 1070 conaretur,
933 1034 1156 1074 nusquam
1197 1021 1239 1062 ei
1278 1021 1543 1063 defuturam
1577 1035 1674 1064 esse
1714 1036 1899 1078 operam

401 1092 543 1119 suam.
603 1079 650 1120 Si
683 1076 822 1133 quidd
859 1084 965 1122 vero
997 1093 1237 1134 perperam
1270 1082 1316 1122 et
1349 1082 1510 1122 contra
1541 1081 1665 1135 leges
1697 1095 1750 1123 ac
1783 1082 1900 1124 scita

401 1138 638 1187 maiorum,
682 1152 877 1193 nequam
917 1139 1155 1181 hominum
1197 1140 1570 1194 suggestionibus
1608 1141 1896 1196 depravatus,

401 1211 534 1252 agere
578 1198 737 1249 vellet,
787 1200 840 1239 ut
882 1199 953 1239 his
996 1212 1265 1240 consensum
1313 1200 1729 1254 auctoritatemque
1770 1214 1899 1242 suam
1913 1213 1947 1240 ιτ»

400 1258 812 1308 accommodaret0,
862 1258 991 1299 nullo
1031 1253 1107 1299 sef
1152 1258 1256 1300 velg
1300 1259 1454 1312 precio
1494 1259 1659 1300 redimi
1699 1259 1771 1301 vel
1812 1261 1898 1302 ter-

399 1330 499 1358 rore
533 1317 748 1371 compelli
779 1330 923 1371 posse.
973 1317 1033 1358 Et
1065 1331 1187 1358 nunc
1218 1318 1403 1371 quidem
1435 1318 1483 1358 in
1516 1331 1740 1359 summam
1767 1318 1897 1360 fami-

399 1375 650 1417 liaritatem
683 1378 730 1417 et
762 1390 878 1431 pene
917 1377 967 1416 in
1006 1376 1138 1430 regni
1170 1377 1450 1417 consortium
1493 1391 1520 1418 a
1556 1390 1663 1432 rege
1703 1391 1897 1420 assume-

399 1434 548 1485 batur,
582 1449 705 1476 nunc
736 1449 856 1485 vero,
891 1430 1135 1489 quoniamh
1173 1449 1227 1476 ea
1255 1449 1371 1489 quae
1403 1436 1451 1476 in
1484 1449 1625 1490 regno
1658 1450 1898 1491 perperam

398 1494 678 1548 gerebantur
699 1495 996 1536 vehementer
1018 1495 1328 1536 detestaretur
1351 1497 1398 1536 et
1420 1495 1638 1537 acerrime
1660 1496 1896 1550 impugna-
1909 1511 1945 1537 20

397 1555 481 1603 ret,
516 1567 620 1594 cum
643 1554 924 1596 contumelia
949 1554 1006 1596 de
1039 1553 1217 1608 palacio
1251 1549 1549 1605 eiciebaturi,
1584 1556 1631 1596 et
1663 1555 1721 1596 ad
1753 1555 1895 1597 extin-

397 1613 632 1666 guendum
673 1613 859 1655 omnino
901 1627 1069 1655 nomen
1108 1613 1206 1655 eius
1245 1615 1398 1654 totum
1438 1614 1569 1668 regni
1614 1614 1755 1656 robur
1795 1628 1896 1656 con-

398 1671 630 1713 citabatur
644 1672 671 1712 2.
735 1672 822 1713 His
853 1672 1249 1714 vicissitudinibus
1291 1686 1372 1727 per
1403 1673 1558 1727 plures
1589 1687 1733 1715 annos
1766 1670 1892 1715 eiusk

398 1731 680 1773 concertatio
713 1746 817 1773 cum
849 1745 956 1786 rege
987 1731 1276 1773 trahebatur.
1333 1732 1494 1786 Neque
1527 1732 1649 1774 enim
1681 1732 1896 1775 lasciviae

396 1791 516 1845 regis
548 1791 621 1832 vel
661 1791 784 1833 racio
817 1792 1003 1833 modum
1035 1791 1239 1833 faciebat
1270 1791 1342 1833 vel
1385 1791 1551 1833 aetatis
1584 1806 1791 1834 accessus
1822 1792 1944 1835 ve12⁵

397 1850 532 1891 amici
565 1850 835 1904 cuiusquam
875 1850 1150 1905 obiurgatio,
1195 1850 1275 1892 sed
1307 1846 1564 1904 quottidieb
1603 1864 1649 1892 se
1690 1851 1790 1906 ipso
1824 1851 1895 1894 de·

395 1909 537 1950 terior
565 1910 868 1961 efficiebatur,
903 1912 950 1951 et
976 1909 1124 1964 ruptis
1152 1909 1364 1951 omnibus
1387 1910 1590 1960 humani,
1625 1906 1706 1952 ne¹
1745 1910 1895 1952 dicam

397 1968 649 2018 christiani,
684 1970 872 2023 pudoris
904 1969 1060 2019 frenis,
1099 1969 1149 2009 in
1180 1983 1314 2010 omne
1346 1969 1469 2023 quod
1502 1969 1681 2010 animus
1713 1982 1894 2024 sugges·

396 2027 529 2068 sisset
560 2027 794 2081 flagicium
827 2028 1178 2083 precipitantior
1208 2028 1422 2079 ruebat3;
1466 2030 1512 2070 et
1545 2028 1771 2083 oppressis
1801 2028 1894 2070 iam

394 2087 569 2127 terrore
601 2086 898 2140 principibus,
933 2087 1089 2127 nullus
1122 2089 1233 2137 erat,
1268 2088 1347 2140 qui
1378 2090 1642 2142 peccantem
1669 2090 1716 2130 et
1738 2087 1942 2131 divinam

395 2146 535 2198 atque
579 2145 782 2186 humana
823 2146 977 2186 omnia
1021 2146 1192 2199 absque
1235 2146 1496 2188 discrimine
1543 2147 1894 2200 permiscentem

394 2203 467 2245 vel
500 2203 591 2246 levi
622 2204 760 2245 verbo
801 2205 992 2246 auderet
1031 2205 1319 2258 redarguere.
1383 2205 1457 2245 Ad
1497 2205 1714 2246 ultimum
1752 2206 1893 2247 consi·

395 2263 559 2304 derans
600 2263 971 2317 archiepiscopus
1003 2263 1279 2317 completam
1312 2277 1408 2304 esse
1448 2264 1678 2305 maliciam
1711 2264 1808 2306 eius
1845 2266 1892 2306 et

393 2322 679 2363 obstinatum
720 2323 770 2363 in
802 2322 935 2364 malis
972 2322 1211 2376 ingenium
1248 2335 1332 2363 nec
1363 2323 1569 2376 tempore
1601 2322 1693 2363 iam
1725 2323 1892 2377 corrigi

392 2395 523 2435 posse
556 2395 640 2423 nec
672 2382 869 2432 racione,
904 2395 1024 2422 anno
1047 2394 1163 2435 pene
1197 2382 1304 2422 ante
1327 2382 1537 2422 exortum
1560 2381 1733 2422 bellum
1757 2381 1939 2426 Saxo-³⁵

391 2440 546 2482 nicum
568 2441 704 2495 petiit
727 2441 1014 2482 vacationem
1046 2440 1261 2494 deinceps
1271 2443 1302 2461 ¹¹¹
1330 2439 1416 2480 sibi
1439 2439 1539 2480 dari
1570 2440 1627 2481 ab
1661 2440 1890 2482 exteriori-

391 2499 476 2540 bus
507 2500 575 2542 rei
606 2500 819 2555 publicae
851 2499 1103 2555 negociis4;
1148 2500 1195 2540 et
1234 2498 1297 2539 sic
1336 2498 1584 2553 impetrato
1617 2501 1888 2550 commeatu,

389 2559 438 2599 in
471 2559 830 2614 Sigebergensess
867 2558 1197 2600 monasterium
1235 2558 1462 2608 secedenS,
1505 2557 1603 2599 illic
1640 2559 1690 2599 in
1720 2558 1890 2613 vigiliis

387 2648 417 2682 a)
436 2653 558 2682 propter
576 2649 656 2676 ΒΗ).
731 2650 761 2683 b)
781 2649 914 2681 quotidie
934 2650 997 2675 Al.
1018 2647 1104 2682 B1b;
1126 2649 1248 2675 cottidie
1267 2649 1329 2674 B2.
1412 2647 1438 2681 c)
1460 2648 1499 2675 At
1517 2649 1598 2675 ΒΗ).
1656 2649 1686 2683 d)
1705 2650 1761 2684 qd}
1785 2648 1889 2683 (quod)

387 2684 469 2711 Blb.
555 2687 582 2716 e)
601 2684 810 2711 accomodaret
827 2686 854 2711 B
865 2687 890 2711 1.
983 2684 1007 2718 f)
1028 2692 1083 2710 om.
1104 2686 1144 2715 fr.
1228 2683 1259 2717 g)
1279 2684 1370 2716 igitur
1388 2685 1468 2710 Blfl.
1555 2686 1586 2717 11)
1606 2686 1751 2716 quomodo
1770 2686 1797 2710 Α
1808 2686 1833 2711 1.
1845 2686 1887 2711 1³.
1900 2686 1936 2711 40

388 2719 409 2753 1)
428 2721 583 2747 eicebatur
601 2721 682 2746 ΒΗ).
756 2722 787 2753 k)
807 2729 862 2747 om.
882 2721 963 2748 Blb.
1048 2720 1069 2754 l)
1088 2728 1142 2746 nec
1162 2720 1187 2744 B
1200 2720 1224 2745 1.
1238 2720 1264 2752 2,
1291 2727 1369 2746 corr.
1390 2727 1427 2746 ne
1446 2721 1509 2746 132.
1583 2722 1622 2752 m)
1651 2721 1708 2746 sibi
1728 2721 1825 2746 deinc.
1844 2721 1887 2751 rr.

387 2755 419 2789 n)
438 2764 469 2781 se
489 2757 558 2782 add.
578 2757 660 2782 Blfl.

390 2827 423 2871 1)
443 2827 498 2868 Cf.
518 2838 631 2870 supra
653 2839 691 2871 p.
707 2829 786 2870 196,
815 2827 836 2860 l.
855 2829 901 2862 33
915 2838 988 2870 sqq.
1062 2827 1098 2870 2)
1116 2826 1320 2860 Ementiens
1336 2828 1553 2869 superiectio.
1627 2827 1663 2870 3)
1683 2826 1737 2868 Cf.
1752 2838 1790 2870 p.
1806 2827 1886 2869 140,

387 2874 409 2909 l.
435 2876 479 2909 21
499 2885 570 2917 sqq.
692 2875 728 2918 4)
753 2875 798 2908 In
823 2876 1005 2908 nativitate
1030 2874 1179 2907 Domini
1202 2884 1235 2908 (ι.
1256 2875 1359 2916 1072,
1394 2878 1434 2906 ut
1459 2874 1586 2916 Lamp.
1613 2884 1727 2917 supra
1747 2885 1788 2917 p.
1808 2875 1886 2909 140.

385 2922 519 2964 retulit,
544 2925 670 2965 septem
696 2925 834 2955 tantum
861 2922 1035 2956 mensibus
1059 2925 1140 2955 ante
1165 2921 1288 2955 bellum
1314 2921 1529 2955 Saxonicum
1558 2926 1730 2956 eoeortum.
1899 2929 1934 2954 45
