1968 3164
267 303 334 337 190
631 302 900 338 LAMPERTI
924 303 1178 341 ANNALES.
1229 305 1275 341 A.
1306 308 1408 342 1074.

146 421 250 457 1074.
265 422 343 477 pli,
387 437 521 478 quem
564 427 690 466 certo
732 427 1060 480 comperissent
1102 427 1248 481 primo
1286 428 1472 469 incursu
1506 428 1765 472 concitatae

125 468 198 500 Apr.
208 468 251 496 23.

130 1591 165 1621 cf,

265 482 580 524 multitudinis
613 484 738 526 clara
770 486 921 526 adhuc
949 486 1023 527 die
1049 487 1162 528 urbe
1195 500 1439 541 egressum,
1474 487 1565 529 iam
1596 489 1646 529 in
1671 488 1765 530 lon-

265 542 459 596 ginquas
493 545 645 597 partes
678 544 873 586 transire
906 545 1132 599 potuisse;
1175 546 1313 600 idque
1355 547 1501 601 magis
1534 547 1763 602 suspican-

266 601 387 651 dum,
422 603 543 655 quod
572 604 820 644 contractis
853 604 1056 658 undique
1089 618 1170 659 per
1201 619 1374 646 moram
1407 607 1622 647 nocturni
1653 609 1764 649 tem-

264 660 387 715 poris
419 661 562 716 copiis
594 662 741 716 primo
763 677 896 705 mane
929 664 987 704 ad
1010 665 1324 718 occupandam
1357 665 1495 706 armis
1527 665 1794 708 civitatemc-

264 719 324 760 sit
356 720 651 762 adventurus.
706 721 859 775 Igitur
889 723 1095 777 ingressi,
1131 737 1234 764 cum
1257 724 1411 765 onmia
1442 724 1605 780 templi
1631 739 1762 780 pene-

264 779 402 819 tralia
449 779 719 834 diligentius
766 781 1088 836 investigando
1131 782 1415 833 evertissent,
1457 783 1532 824 vix
1573 784 1762 826 tandem

263 838 463 879 admissa
494 839 597 889 fide,
632 840 754 893 quod
786 840 890 881 falli
923 841 1195 895 potuissent,
1240 842 1456 896 deinceps
1488 842 1545 884 ab
1577 843 1762 898 inquisi-

263 897 402 938 tionis
441 898 595 939 studio
637 899 695 939 ad
737 900 956 941 tuendam
1000 900 1160 942 urbem
1193 900 1368 942 animos
1400 903 1589 943 vertunt
1621 916 1762 944 arma·

242 975 245 1007 l
262 958 449 1010 tamque
495 957 841 1000 multitudinem
886 959 1240 1014 circumquaque
1287 974 1369 1014 per
1414 962 1763 1016 propugnacula
1778 976 1811 1001 ιο

239 1009 595 1069 jdispertiuntss.
660 1017 791 1059 Inter
831 1018 944 1060 haec
987 1020 1222 1073 arreptum
1261 1020 1491 1073 quendam
1530 1020 1586 1062 de
1625 1021 1763 1063 turba

262 1088 398 1128 super
424 1078 604 1129 portam
630 1076 757 1118 urbis
790 1077 848 1118 ad
880 1077 1181 1131 ignominiam
1214 1079 1547 1134 archiepiscopi
1579 1093 1762 1135 suspen-

261 1134 391 1184 dunt,
435 1135 580 1189 magis
617 1135 666 1176 in
708 1136 794 1177 hoc
836 1132 1009 1178 furorib
1057 1150 1151 1186 suo,
1195 1151 1285 1191 quo
1326 1138 1573 1193 precipites
1613 1141 1761 1194 rapta-

262 1193 442 1244 bantur,
478 1195 829 1246 satisfacientes,
869 1210 1005 1250 quam
1038 1197 1160 1250 quod
1194 1197 1365 1239 crimen
1398 1197 1546 1238 ullum
1578 1211 1761 1254 suspen-

261 1252 337 1293 dio
360 1252 551 1307 dignum
578 1254 743 1296 misero
776 1255 1028 1297 obtendere
1061 1258 1248 1310 possent
1263 1256 1290 1296 ¹.
1343 1257 1586 1299 Mulierem
1619 1258 1760 1300 etiam
1776 1272 1808 1297 15

260 1312 490 1364 quandam
524 1313 579 1354 de
613 1314 878 1356 summitate
911 1329 1145 1356 murorum
1178 1310 1476 1369 *precipitant
1507 1316 1759 1371 fractisque
1774 1333 1820 1365 *p-
1832 1334 1895 1360 214.

259 1370 511 1412 cervicibus
542 1372 842 1421 interficiunt,
877 1373 963 1414 hoc
991 1373 1033 1414 ei
1056 1374 1236 1414 crimini
1258 1374 1434 1425 dantes,
1469 1375 1591 1428 quod
1617 1375 1759 1417 homi—

258 1443 338 1470 nes
371 1430 640 1484 plerumque
668 1431 857 1485 magicis
890 1432 1067 1473 artibus
1094 1433 1359 1475 dementare
1391 1433 1619 1475 infamata
1650 1434 1758 1476 fuis-

258 1490 341 1529 set.
406 1489 495 1531 Sed
528 1490 614 1531 hoc
650 1490 798 1532 scelus
832 1491 1154 1533 commodiori⁰
1194 1494 1400 1546 tempore
1439 1494 1486 1534 et
1524 1493 1758 1547 pacatiore

258 1547 410 1589 animo
443 1548 676 1591 vindicare
710 1550 978 1592 debuerant.
1043 1551 1330 1593 Induxerant
1372 1551 1511 1593 etiam
1551 1549 1629 1593 in‘1
1666 1553 1758 1594 ani·
1771 1569 1806 1594 20

44 1627 190 1658 sum-013,
201 1627 244 1654 ρο,
258 1621 401 1657 mum,
452 1608 540 1649 nisi
582 1608 708 1650 Deus
756 1609 998 1651 consulens
1040 1610 1180 1651 servis
1228 1610 1321 1651 suis
1363 1611 1612 1653 breviasset
1660 1611 1757 1654 dies

258 1667 486 1708 amentiae
528 1681 703 1718 eorum,
746 1671 800 1709 ut
841 1670 1090 1710 monachos
1132 1669 1188 1711 de
1231 1669 1401 1711 Sancto
1440 1670 1750 1713 Pantaleonee

258 1739 414 1767 omnes
455 1726 756 1777 trucidarent,
800 1742 882 1782 pro
924 1742 977 1770 eo
1019 1729 1154 1782 quod,
1198 1729 1399 1783 expulsis
1441 1729 1498 1771 ab
1537 1730 1757 1785 archiepi-

257 1798 394 1839 scopo
436 1786 664 1840 prioribus
706 1787 961 1837 monachis,
1004 1801 1127 1829 novu
1213 1788 1311 1829 illic
1357 1785 1752 1844 inusitatumquef

255 1844 492 1898 religionis
539 1859 684 1899 genus
731 1846 1042 1888 instituissent
1058 1848 1098 1893 ²„
1158 1847 1374 1889 Preterea
1414 1847 1602 1890 iuvenes
1641 1849 1804 1903 inpi-25

87 1918 174 1949 (Apr.
185 1918 242 1950 24).
256 1917 360 1957 gros
394 1904 536 1946 citato
564 1907 787 1958 quantum
817 1908 1003 1960 possent
1029 1906 1176 1960 gradu
1209 1907 1267 1947 ad
1293 1920 1448 1961 regem
1479 1907 1546 1949 ire
1577 1907 1763 1958 iubent,
1799 1916 1802 1919 “

255 1963 474 2005 nunciare
517 1964 559 2004 ei
601 1978 716 2018 quae
758 1967 889 2019 gesta
929 1965 1116 2007 fuerant
1158 1967 1204 2007 et
1237 1979 1493 2020 suggerere,
1533 1967 1586 2007 ut
1618 1980 1755 2020 quan-

255 2021 403 2062 tocius
436 2023 591 2063 veniat
623 2026 863 2065 vacantem
906 2024 1096 2078 expulso
1138 2022 1481 2079 archiepiscopo
1519 2025 1754 2067 civitatem

255 2093 500 2134 occupare;
539 2081 588 2121 in
621 2096 673 2122 eo
704 2083 824 2123 verti
855 2083 1052 2125 salutem
1085 2083 1286 2124 civitatis
1328 2086 1374 2125 et
1405 2084 1549 2138 ipsius
1581 2084 1753 2126 utilita—

254 2140 348 2179 tem
381 2140 638 2190 maximam,
682 2142 736 2181 ut
768 2142 962 2194 grandia
994 2142 1261 2184 molientem
1294 2143 1350 2184 de
1382 2142 1660 2185 vindicanda
1689 2144 1801 2186 in-30

252 2197 372 2238 iuria
413 2212 494 2239 sua
541 2199 937 2253 archiepiscopum
984 2201 1238 2254 anticipare
1286 2204 1490 2243 conetur.
1563 2202 1752 2244 Talibus

47 2272 121 2303 Apr.
132 2271 240 2300 23—25.
253 2257 387 2298 furiis
428 2259 529 2299 toto
570 2258 725 2299 triduo
767 2258 1078 2312 agitabantur.
1141 2259 1391 2313 Postquam
1433 2261 1644 2302 auditum
1681 2263 1751 2303 est

252 2330 334 2370 per
365 2316 646 2371 provinciam
680 2319 726 2358 et
759 2317 929 2358 celebri
960 2331 1141 2359 rumore
1173 2318 1427 2372 vulgatum,
1467 2319 1589 2372 quod
1622 2318 1750 2361 Colo·

252 2375 433 2418 nienses
465 2375 860 2430 archiepiscopum
892 2376 1101 2430 probrisg
1127 2378 1173 2418 et
1206 2377 1497 2418 contumeliis
1530 2378 1749 2419 affectum

251 2434 365 2476 urbe
405 2435 659 2490 fugassent,
704 2435 940 2477 exhorruit
973 2435 1120 2476 omnis
1152 2435 1350 2489 populus
1382 2435 1636 2478 novitatem
1667 2437 1746 2488 rei,
1762 2455 1797 2481 35

251 2494 544 2536 atrocitatem
601 2494 802 2545 sceleris,
857 2494 1173 2549 spectaculum
1223 2494 1530 2536 humanarum
1580 2509 1745 2547 rerum,

251 2553 374 2606 quod
419 2553 489 2594 vir
535 2555 771 2594 tantarum
817 2554 867 2594 in
908 2552 1093 2594 Christo
1140 2553 1366 2594 virtutum
1413 2555 1509 2594 tam
1555 2554 1748 2609 indigna

251 2612 430 2666 perpeti
468 2612 567 2654 Deo
606 2612 857 2667 aspiciente
899 2612 1138 2666 potuisset.
1201 2612 1373 2667 Magna
1414 2612 1511 2654 eius
1551 2613 1601 2654 in
1641 2627 1747 2668 pau-

250 2684 379 2724 peres
411 2671 678 2722 liberalitas,
721 2671 869 2713 multa
908 2671 958 2712 in
990 2671 1155 2712 divinis
1186 2671 1323 2713 rebus
1355 2671 1556 2722 devocio,
1599 2672 1747 2714 multa

249 2772 278 2804 a)
303 2771 488 2805 disparciunt
513 2774 539 2799 B
556 2772 599 2801 lb.
705 2774 735 2807 b)
764 2775 862 2800 furore
887 2775 914 2799 B
929 2774 953 2801 2.
1057 2772 1084 2806 c)
1113 2774 1338 2799 commodoeiori
1364 2774 1390 2799 B
1408 2774 1450 2802 lb.
1553 2774 1584 2808 d)
1611 2775 1686 2800 deest
1716 2774 1793 2803 1140

249 2809 276 2838 e)
295 2808 499 2835 Panthaleonc
517 2810 614 2837 131.2.
688 2810 712 2840 f)
731 2811 903 2835 inusitatum
922 2810 983 2837 ΒΞ.
1056 2808 1086 2842 g)
1104 2810 1213 2840 probro
1232 2809 1293 2837 ΒΞ,

250 2890 284 2933 1)
316 2889 437 2924 Alteri
469 2903 573 2925 crura
605 2891 836 2926 succiderunt
868 2893 969 2926 addit
992 2893 1074 2925 Vita
1099 2892 1265 2925 Annom's
1292 2892 1314 2926 Z.
1335 2893 1356 2926 l.
1478 2892 1516 2936 2)
1550 2893 1604 2934 Cf.
1630 2903 1742 2937 supra

241 2948 281 2979 p.
297 2939 378 2982 ,132
400 2949 451 2981 sq.
500 2940 582 2972 Vita
613 2940 779 2973 Annonis
813 2941 836 2975 l.
867 2940 891 2974 Z.
922 2952 959 2984 p.
985 2940 1067 2975 494,
1098 2949 1168 2982 pro
1202 2938 1260 2972 his
1292 2940 1405 2980 refert
1438 2950 1494 2973 eos
1527 2940 1743 2974 abbatissam

246 2985 283 3019 S.
310 2985 498 3028 Caeciliae,
526 2988 821 3030 consanguineam
849 2987 1023 3030 Annonis,
1050 2987 1226 3030 perimere
1250 2987 1411 3022 voluisse.
