2014 3184
457 197 528 231 408

505 313 668 347 omnium
695 339 704 348 .
732 342 739 350 .

457 363 535 394 erat
559 363 699 406 265,10.

503 408 550 442 ab
567 409 839 453 oppugnatione
863 413 1071 445 exterarum
1095 423 1182 457 gen-

455 455 549 489 tium
584 455 746 490 animum
781 458 1009 492 avocavit
1042 461 1121 503 122,
1136 470 1182 496 25.

458 523 503 527 —
530 505 595 538 ut.
680 503 839 538 hostium
865 505 1004 540 animos
1030 517 1051 540 a
1068 507 1182 551 suspi-

457 550 620 585 cionibus
629 550 738 596 fugae
748 563 834 587 suae
841 556 1036 587 avocarent
1048 556 1126 598 156,
1136 566 1180 590 ιο.

458 617 500 622 -
528 596 691 632 Multum
726 599 823 633 enim
849 600 988 634 animos
1022 601 1180 636 militum

456 645 502 678 ab
529 656 571 679 eo
597 649 814 681 avocaverat
839 650 959 691 175,1.

767 340 775 349 .
801 315 986 360 sauguinis
1012 316 1183 351 avidus

944 196 1107 232 INDEX
1132 198 1483 236 LOGUTIONUM.

1280 319 1358 355 Liv.
1373 321 1420 363 X,
1431 321 1490 356 41.
1516 321 1684 356 av1dos
1700 321 1958 358 hostzumsan

1231 366 1362 411 guinis.
1379 387 1420 392 —
1435 369 1552 403 Amm.
1570 369 1685 405 Marc.
1703 369 1868 411 XXVII,
1879 371 1958 414 6,1.

1231 413 1382 448 humani
1423 415 1606 460 sanguinis
1648 416 1794 461 avidus,
1831 396 1956 458 XV’II.

1233 463 1288 506 13,
1304 464 1360 498 13.
1395 462 1521 496 avidus
1551 463 1729 498 barbarici
1762 464 1958 511 sanguinis.

1278 510 1355 544 Liv.
1369 510 1552 553 XXXIX,
1565 513 1622 548 57.
1648 511 1865 547 avertendos
1881 513 1958 548 ani-

1230 567 1309 590 mos
1317 568 1338 590 a
1346 557 1587 601 suspicione..
1596 561 1734 603 .;ratus
1747 559 1868 594 XXX
1873 560 1956 602 VII,

1231 606 1263 639 9.
1291 604 1507 647 quibusdam
1531 605 1577 640 ad
1593 605 1819 642 Antiochum
1836 607 1959 643 multi-

1230 650 1366 685 tudinis
1393 652 1532 687 animos
1559 653 1895 691 avocantibus.

503 822 610 846 se..
639 839 646 847 .
672 812 782 847 malle
808 812 1074 848 beneficiis
1101 826 1183 849 cum

456 868 499 892 eo
525 869 633 901 quam
661 859 770 893 armis
797 888 804 895 .
825 860 1060 896 ..dimicare
1085 863 1144 905 88,
1155 874 1181 898 5.

457 924 499 929 —
526 905 634 940 malle
660 917 698 940 se
723 918 806 941 cum
829 919 872 942 eo
898 908 1083 943 beneficiis
1108 921 1183 944 cer-

459 955 538 987 tare
556 964 664 997 quam
686 954 874 989 maleficiis
902 959 979 1000 197,
994 967 1021 992 5.
1038 977 1080 982 -——
1100 968 1183 991 cum

456 999 642 1035 beneficiis
670 1029 678 1036 .
702 1030 710 1037 .
735 1028 743 1036 .
770 1002 865 1047 odio,
892 1002 1119 1039 detractione
1149 1007 1186 1039 et

457 1047 628 1082 conviciis
663 1048 851 1084 decertare
887 1053 967 1094 324,
983 1063 1026 1087 ιο.
1056 1073 1098 1076 —
1123 1052 1183 1086 hic

456 1094 654 1140 beneficiis,
688 1097 741 1130 illi
776 1097 859 1132 odio
895 1100 932 1132 et
957 1098 1183 1134 detractione

457 1145 636 1177 certantes
663 1146 803 1188 325,15.

500 1189 582 1224 Rex
612 1190 658 1224 ad
683 1191 772 1227 haec
797 1193 1008 1239 benigne
1033 1205 1183 1239 respon-

453 1236 506 1271 dit
534 1240 653 1282 108,1.

504 1285 674 1328 quoniam
693 1285 791 1321 Deus
811 1290 931 1322 tantas
949 1300 1071 1322 rerum
1098 1301 1180 1334 pro-

453 1332 560 1366 cellas
586 1333 793 1378 benigna
817 1335 896 1369 vice
922 1335 960 1369 in
978 1336 1100 1371 sedem
1125 1349 1180 1372 re—

454 1378 615 1414 duxisset
648 1382 726 1425 182,
742 1392 786 1417 25.
815 1402 857 1407 —
889 1383 1020 1426 quod.
1118 1384 1180 1418 be—

451 1425 564 1471 nigna
603 1427 681 1462 vice
718 1407 816 1463 ’hanc
859 1412 1105 1465 calamitatem
1147 1432 1181 1466 ei

451 1477 704 1518 compensaret
731 1478 809 1520 131,
824 1487 868 1511 2ο.

499 1519 621 1555 Multa
637 1522 760 1556 illius
750 1535 788 1557 ιιι
805 1535 994 1569 pauperes,
1020 1525 1059 1559 in
1075 1537 1178 1570 pere-

451 1568 585 1612 grinos,
619 1569 657 1603 in
690 1570 844 1605 clericos
875 1572 1177 1618 benignitas,

449 1615 544 1649 mira
554 1616 751 1652 liberalitas
766 1621 844 1652 erat
857 1621 913 1663 68,
925 1631 969 1655 2ο.
984 1640 1025 1644 -
1041 1619 1178 1666 Magna

451 1662 527 1697 eius
552 1663 589 1697 in
614 1676 793 1709 pauperes
818 1666 1016 1701 liberalitas
1041 1670 1120 1712 190,
1132 1679 1177 1705 35.

452 1730 493 1734 —-
533 1709 654 1746 Multa
694 1713 791 1747 illius
833 1714 871 1747 in
907 1726 1096 1769 pauperes,
1138 1716 1177 1750 ιιι

448 1759 672 1803 peregrinos,
710 1760 747 1794 in
782 1761 943 1806 clericos,
981 1762 1019 1796 in
1053 1774 1178 1798 mona-

450 1805 536 1839 chos
577 1806 798 1852 benignitas,
845 1809 939 1844 mira
979 1810 1178 1846 liberalitas

449 1855 526 1886 erat
551 1856 632 1898 243,
647 1865 692 1890 25.

495 2029 629 2053 nomen
670 2031 689 2054 c
700 2031 722 2054 a
731 2021 772 2054 el
784 2031 805 2054 o
854 2022 954 2065 prius
1004 2026 1176 2067 equatum

447 2067 596 2156 84e351is
633 2113 793 2148 subdunt
828 2116 1037 2150 calcaria
1076 2120 1176 2162 72,1

446 2161 527 2203 219,
543 2171 588 2196 ιο.
613 2163 694 2204 275,
708 2172 753 2198 2ο.

492 2302 601 2348 longe
622 2303 766 2348 lateque
791 2307 957 2348 patentes
983 2316 1173 2350 campos

445 2353 627 2394 occupant
650 2353 731 2395 217,
747 2364 791 2388 30.
820 2373 861 2377 ——
889 2353 927 2386 ιιι
951 2352 1073 2387 medio
1100 2354 1173 2390 late

444 2397 603 2440 patentis
629 2399 749 2442 campi
773 2402 913 2443 238,15.

493 2445 683 2480 canicie
717 2447 925 2481 veneranda
959 2451 1041 2493 227,
1055 2460 1099 2486 25.
1127 2470 1172 2475 —

443 2492 652 2526 veneranda
677 2494 814 2528 canicie
840 2496 981 2538 319,10.

491 2550 614 2574 rursus
641 2551 742 2575 arma
767 2552 786 2575 c
798 2552 851 2586 ap
864 2553 883 2576 e
894 2554 909 2576 s
921 2554 936 2576 s
948 2555 971 2576 u
982 2546 1031 2577 nt
1057 2546 1115 2588 97,
1127 2556 1170 2580 10.

491 2679 559 2713 nisi
600 2684 741 2716 mature
778 2682 874 2716 iussa
912 2688 1172 2729 capessant

446 2728 583 2770 186,15.
612 2748 654 2753 —
680 2727 750 2763 Ille
778 2757 784 2765 .
805 2757 812 2765 .
833 2758 840 2765 .
866 2730 962 2765 iussa
989 2732 1087 2766 ocius
1113 2744 1170 2767 ca-

441 2774 553 2817 pessit
578 2777 658 2819 334,
673 2787 718 2811 25.

489 2823 530 2854 ut
556 2832 700 2857 carne
725 2827 890 2858 mortuus
916 2825 954 2859 in
980 2825 1055 2860 eius
1081 2837 1170 2870 quo-

1174 1968 1229 2003 C.

1281 1007 1388 1043 Eccli.
1421 1009 1479 1052 29,
1511 1010 1543 1045 9.
1583 1009 1742 1044 convitia
1775 1011 1812 1044 et
1846 1010 1958 1046 male-

1233 1053 1332 1089 dicta
1361 1054 1491 1090 reddet
1520 1055 1564 1100 ei,
1599 1059 1637 1091 et
1665 1068 1733 1102 pro
1757 1057 1896 1093 honore
1921 1059 1959 1093 et

1232 1102 1483 1138 beneficio
1518 1103 1648 1139 reddet
1680 1103 1735 1139 illi
1769 1107 1959 1141 contume-

1231 1148 1329 1184 liam.

1279 1197 1368 1232 Sall.
1387 1198 1466 1241 Iuy.
1487 1199 1541 1234 11.
1568 1197 1614 1233 ad
1631 1209 1673 1234 ea
1690 1197 1900 1246 Iugurtha.

1231 1244 1442 1290 benigne
1468 1245 1666 1290 respondit.

1278 1292 1371 1328 Hor.
1399 1293 1515 1336 Epod.
1545 1295 1600 1338 13,
1621 1295 1654 1330 7.
1676 1295 1711 1330 8.
1746 1293 1835 1329 deus
1867 1294 1958 1330 haec

1229 1338 1381 1373 fortasse
1415 1340 1628 1385 benigna
1660 1341 1812 1376 reducet
1839 1341 1878 1377 in
1902 1353 1957 1378 se-

1229 1385 1313 1420 dem
1338 1386 1427 1422 vice.

1282 1529 1321 1564 V.
1339 1529 1452 1564 Mart.
1468 1532 1503 1566 2.
1529 1529 1649 1564 Multa
1667 1530 1721 1565 illi
1738 1530 1835 1566 circa
1858 1542 1956 1566 com-

1226 1575 1410 1658 fftlssistones
1439 1576 1463 1611 b
1475 1577 1746 1624 enignitas,
1780 1578 1875 1615 mira
1898 1590 1956 1614 ca-

1283 2025 1483 2069 Ver9.Aem.
1498 2027 1567 2070 XI,
1581 2029 1658 2063 125.
1673 2027 1951 2072 quibusoaelo

1225 2075 1261 2107 te
1286 2073 1452 2108 laudibus
1478 2085 1642 2118 aequem.

1271 2121 1349 2156 Lin
1376 2121 1428 2163 II,
1447 2123 1504 2164 20,
1524 2124 1556 2157 2.
1587 2121 1711 2156 subdit
1735 2122 1952 2158 calcaria

1224 2177 1338 2210 equo,
1370 2146 1504 2211 XXII:
1528 2171 1562 2205 6.
1587 2169 1811 2214 subditisque
1835 2169 1950 2205 calca·

1222 2213 1322 2248 ribus
1348 2226 1452 2258 equo,
1478 2220 1536 2251 etc.
1563 2236 1606 2241 -—
1633 2217 1731 2253 Ovid.
1755 2217 1821 2251 Ex
1841 2217 1952 2253 Ponto

1223 2261 1274 2303 II,
1295 2263 1328 2304 6,
1347 2263 1404 2297 38.
1431 2262 1586 2297 subdere
1612 2264 1733 2298 calcar
1756 2274 1862 2308 equo.

1270 2309 1372 2352 Sulp
1397 2309 1471 2344 Sev
1495 2310 1596 2346 Dial.
1621 2311 1725 2353 H‚4.
1757 2321 1950 2356 campos

1222 2355 1294 2389 late
1328 2358 1496 2399 patentes
1532 2384 1540 2392 .
1567 2385 1575 2392 .
1603 2385 1610 2394 .
1642 2357 1839 2392 multitudo
1864 2369 1949 2393 con—

1221 2404 1382 2446 texerat,
1420 2404 1473 2447 II,
1498 2406 1529 2439 1.
1561 2404 1697 2449 campis
1722 2405 1796 2439 late
1821 2407 1948 2450 paten-

1222 2449 1330 2486 tibus.
2005 2463 2008 2464 ’

1268 2544 1404 2580 Lucan.
1437 2545 1503 2587 IV,
1531 2548 1611 2582 702.
1651 2557 1752 2580 arma
1782 2557 1948 2592 capes·

1221 2602 1324 2626 sam.
1346 2612 1387 2616 —
1414 2593 1514 2635 Very.
1534 2594 1620 2629 Aen.
1642 2594 1716 2636 III,
1740 2596 1821 2630 234.
1846 2605 1948 2631 arma

1220 2641 1423 2683 capessant.

1277 2687 1378 2728 Very.
1398 2689 1484 2722 Aen.
1511 2688 1542 2730 I,
1563 2690 1619 2724 77.
1642 2687 1733 2722 mihi
1753 2688 1850 2723 iussa
1870 2699 1946 2724 ca-

1219 2744 1414 2776 pessere
1439 2733 1492 2768 fas
1519 2737 1584 2770 est.

1274 2828 1312 2862 V.
1338 2828 1450 2863 Mart.
1479 2831 1533 2865 16.
1573 2829 1649 2863 solo
1684 2829 1814 2874 spiritu
1843 2829 1944 2872 vivit,
