1942 3198
649 192 945 230 PRAEFATIO
973 194 1012 231 O.
1030 194 1103 232 III.
1454 198 1632 235 XXXIII

123 310 211 353 iam
241 312 292 354 de
322 312 588 366 sequentibus
619 314 839 358 abbatibus
870 316 1061 370 tradidit,
1106 323 1327 372 comperta,
1367 324 1414 362 ut
1449 320 1626 375 videtur,

119 369 372 414 narratione
392 373 694 416 monachorum
715 379 822 418 natu
842 375 1066 418 maiorum.
1115 377 1243 430 Wolf
1241 378 1352 420 herii
1373 379 1487 422 enim
1509 380 1628 424 Vitas

125 428 374 474 Godehardi
405 445 498 474 eum
529 432 677 487 leqisse
691 434 705 459 1
736 433 910 478 minime
942 437 1076 490 credo,
1117 451 1210 479 cum
1241 439 1452 481 nonnulla
1483 454 1626 483 eorum

117 501 226 542 quae
257 491 307 532 de
336 490 586 534 Bernhario
617 497 656 534 et
686 492 941 537 Godehardo
973 495 1195 538 abbatibus
1226 502 1382 539 narrat
1413 513 1506 541 cum
1538 499 1627 543 illis

88 562 104 588 ⁵
118 562 205 591 non
236 549 514 593 consentiant.
579 552 665 595 Sed
704 554 754 595 de
794 554 1056 597 dedicatione
1093 556 1289 599 ecclesiae
1326 558 1626 611 reaedificatae

117 622 158 650 a.
194 612 322 652 1040.
364 609 683 665 inscriptionem
729 613 794 654 vel
839 613 1035 656 notitiam
1081 629 1133 658 eoe
1177 630 1292 658 more
1345 618 1624 673 conscriptam

116 667 264 722 leyisse
303 668 481 712 videtur.
554 671 739 725 Reliqua
778 672 868 714 iam
908 673 997 728 ipse
1028 688 1238 728 praesens
1277 675 1326 719 in
1366 678 1623 721 monasterio

114 726 247 781 vidit,·
296 742 475 782 quorum
506 744 599 773 cum
631 734 718 774 tam
747 731 925 786 exiquas
954 734 1161 787 reliquias
1191 735 1438 790 habeamus,
1481 741 1622 780 tamen

115 787 401 840 coynoscimus
431 803 525 831 eum
555 789 668 833 inter
698 790 790 833 alia
819 791 1090 846 potissimum
1122 795 1430 838 controversias
1468 797 1517 839 de
1558 799 1622 840 de-

68 860 102 886 10
115 845 236 889 cimis
285 861 379 890 cum
427 848 631 903 episcopis
670 851 1016 894 Halberstatensi
1065 857 1104 895 et
1142 854 1413 908 Moqontinis
1453 856 1622 899 liabitas

113 908 328 950 tractasse.
383 907 490 951 Cum
521 910 574 951 ab
605 914 778 952 eoeeunte
809 924 916 954 saec.
939 911 998 953 X.
1021 926 1139 966 reyes
1159 913 1242 956 sibi
1262 916 1524 958 succedentes
1550 918 1620 959 ad-

112 965 333 1020 notaverit,
357 980 502 1009 eorum
522 967 703 1020 feliciter
723 970 788 1012 vel
807 971 916 1012 male
935 975 1053 1025 qesta
1075 986 1283 1016 enarrare
1305 974 1453 1028 noluit,
1477 975 1621 1018 dicens

111 1038 155 1066 se
185 1025 435 1068 monasterii
455 1027 634 1070 moeniis
653 1028 866 1072 inclusum
887 1030 1042 1073 harum
1062 1045 1207 1074 rerum
1227 1032 1370 1075 minus
1388 1047 1576 1087 qnarum
1590 1037 1616 1077 ².

113 1083 200 1126 Sed
228 1084 368 1128 nescio
399 1100 459 1129 an
490 1087 592 1130 haec
622 1087 716 1130 ideo
738 1088 1010 1142 potissimum
1032 1091 1384 1146 praetermiserit,
1428 1095 1541 1147 quod
1575 1109 1619 1137 se

64 1158 97 1184 ιε
111 1142 236 1186 aliter
265 1144 422 1188 sentire
462 1147 512 1188 de
551 1147 676 1189 rebus
703 1147 890 1201 publicis
925 1149 1052 1192 sciret
1082 1164 1209 1204 quam
1241 1152 1518 1207 Hartwiyum
1550 1155 1618 1196 ab·

110 1203 245 1246 batem
258 1204 285 1258 ⁸,
328 1204 532 1248 Heinrici
562 1206 652 1248 IV.
695 1207 809 1261 reqis
848 1208 1049 1263 amicum,
1097 1210 1165 1252 cui
1205 1211 1317 1254 liunc
1358 1211 1514 1255 librum
1554 1215 1617 1256 de-

109 1261 279 1305 dicavit.
333 1264 481 1318 Neque
512 1265 639 1308 etiam
669 1266 812 1319 facere
835 1267 988 1322 potuit,
1022 1269 1127 1322 quin
1154 1270 1358 1313 Heinrici
1379 1272 1468 1314 IV.
1499 1277 1618 1326 qesta

109 1321 280 1365 omnino
321 1323 540 1378 omitteret,
592 1325 719 1368 immo
761 1340 813 1368 ex
854 1327 1114 1371 brevissimis
1155 1329 1256 1371 libri
1298 1331 1369 1372 II.
1412 1332 1617 1386 eoeceiptis

108 1381 267 1424 elucere
297 1382 464 1426 videtu-r
494 1398 587 1426 eum
610 1385 746 1438 plura
777 1386 852 1429 lioc
884 1386 992 1429 libro
1024 1389 1074 1430 de
1105 1389 1228 1442 reqni
1268 1390 1448 1444 neqotiis
1488 1404 1615 1445 quam

60 1456 95 1482 20
108 1441 158 1482 de
188 1442 444 1485 monasterio
483 1457 559 1486 suo
600 1444 804 1499 retulisse,
846 1446 1088 1501 Annonem,
1132 1448 1252 1491 cuius
1283 1463 1435 1492 nomen
1467 1455 1616 1504 quater

106 1498 156 1542 in
177 1501 335 1554 paucis
366 1501 493 1546 lineis
523 1504 717 1558 occurrit,
750 1509 919 1548 strenue
951 1521 1040 1549 rem
1062 1507 1282 1561 publicam
1307 1509 1613 1553 administran-

106 1563 187 1602 tem
217 1561 456 1615 celebrasse,
488 1562 631 1606 verius
655 1568 795 1606 autem
815 1578 944 1618 quam
964 1565 1013 1608 in
1034 1566 1282 1610 Annalibus
1313 1570 1363 1611 de
1394 1569 1471 1612 hoc
1501 1570 1614 1624 reqis

105 1622 240 1662 tutore
280 1620 471 1664 retulisse
484 1623 512 1675 4,
555 1636 692 1677 reqem
733 1623 925 1666 iuvenem
963 1625 1145 1668 levitatis
1176 1630 1214 1669 et
1245 1627 1494 1681 tyrannidis
1507 1629 1523 1654 5
1553 1653 1613 1659 —

104 1678 234 1720 multo
265 1679 434 1733 quidem
470 1681 636 1724 cautius
667 1697 718 1725 ac
749 1683 887 1726 lenius
927 1698 1055 1737 quam
1095 1685 1143 1727 in
1175 1686 1424 1730 Annalibus
1454 1712 1514 1717 —
1544 1703 1611 1730 ar-

56 1753 91 1779 25
101 1737 261 1791 quisse,
303 1753 555 1794 maynopere
593 1741 792 1796 doluisse,
835 1745 948 1796 quod
982 1757 1059 1786 rea:
1096 1745 1279 1787 Annoni
1315 1746 1438 1799 reyni
1466 1747 1611 1801 quber-

104 1797 262 1840 nacula
301 1798 534 1853 eripuisset,
576 1805 622 1842 ut
661 1800 750 1842 iam
791 1802 950 1845 elucere
989 1803 1184 1845 videatur
1215 1805 1492 1859 Lampertum
1522 1806 1610 1848 iam

103 1859 203 1898 tunc
234 1858 378 1899 eadem
410 1859 459 1900 de
490 1873 586 1912 reqe
616 1860 808 1914 sensisse,
842 1875 949 1914 quae
971 1866 1122 1916 postea
1143 1862 1191 1905 in
1212 1864 1461 1907 Annalibus
1482 1880 1610 1908 enun-

103 1914 242 1969 ciavit,
285 1930 417 1970 neque
449 1921 589 1961 tamen
622 1919 668 1962 in
701 1919 808 1962 libro
841 1921 1069 1975 Hartioiyo
1101 1923 1245 1965 abbati
1277 1924 1466 1967 dedicato
1498 1925 1610 1968 hunc

102 1974 241 2017 animi
271 1979 427 2018 motum
458 1979 672 2021 ostendere
703 1993 855 2022 ausum
887 1994 986 2023 esse.

55 2050 89 2076 ³0
247 2035 346 2077 Iam
363 2036 419 2078 F.
433 2037 560 2079 Stolle
574 2038 590 2062 ⁶
612 2041 650 2080 et
672 2052 744 2092 eqo
761 2039 774 2063 ⁷
796 2039 1054 2083 ostendimus
1075 2041 1187 2084 hunc
1209 2041 1394 2084 libellum
1415 2058 1455 2084 a.
1479 2048 1606 2086 1074.

104 2137 138 2183 1)
162 2138 263 2181 Quod
285 2140 426 2184 quidem
451 2145 561 2175 censet
586 2142 624 2178 S.
643 2142 796 2186 Hirsch,
827 2144 970 2178 ‘Jahrb
996 2145 1172 2179 Heinrich
1199 2146 1269 2182 II.'
1294 2147 1331 2190 I,
1355 2159 1392 2191 p.
1412 2149 1493 2190 363,
1519 2160 1554 2184 n.
1573 2151 1606 2185 2.

101 2187 138 2230 2)
164 2186 276 2228 Infra
304 2199 342 2232 p.
361 2189 443 2231 348,
472 2189 495 2224 l.
517 2191 561 2225 15
577 2199 652 2234 sqq.
781 2191 819 2234 3)
842 2191 919 2226 Hoc
944 2192 1021 2226 ideo
1045 2194 1144 2227 credi
1163 2198 1297 2238 posset,
1334 2196 1427 2238 quod
1452 2197 1492 2229 in
1518 2197 1606 2232 Inst.

100 2233 265 2270 Herveld.
292 2235 505 2269 Heinricum
529 2237 603 2272 III.
631 2239 881 2282 imperatorem
911 2241 1063 2274 summis
1093 2241 1261 2275 laudibus
1292 2243 1470 2286 extulerit,
1504 2245 1607 2278 cuius

98 2285 197 2324 qesta
227 2283 268 2315 in
293 2283 497 2318 Annalibus
527 2285 713 2327 infestiore
745 2288 868 2320 animo
898 2289 1069 2321 narravit
1100 2292 1130 2321 et
1163 2289 1205 2322 de
1238 2300 1308 2332 quo
1340 2290 1392 2323 ibi
1422 2291 1607 2325 acerbiora

54 2335 88 2361 ⁸5
101 2329 238 2362 iudicia
265 2330 424 2373 protulit
447 2332 573 2373 (infra
595 2343 633 2376 p.
653 2334 727 2375 71),
763 2333 824 2366 sed
854 2345 897 2368 ne
928 2334 980 2367 ibi
1009 2335 1150 2378 quidem
1182 2337 1222 2369 in
1249 2337 1306 2370 his
1331 2342 1496 2372 constans
1506 2351 1519 2378 ,·
1556 2340 1605 2380 cf.

95 2387 134 2420 p.
154 2377 234 2420 135,
263 2377 287 2412 l.
304 2379 364 2413 34.
436 2380 473 2422 4)
500 2378 557 2421 Cf.
575 2380 698 2423 Meyer
722 2392 752 2416 v.
766 2381 939 2425 Knonau,
969 2382 1112 2418 ‘Jahrb
1130 2383 1308 2418 Heinrich
1326 2385 1408 2421 IV!
1427 2385 1458 2428 I,
1473 2387 1603 2429 22:288,

99 2434 136 2459 n.
156 2425 236 2460 100.
359 2425 396 2469 5)
428 2426 560 2471 Nempe
591 2427 742 2460 similem
776 2439 855 2461 eum
889 2430 1038 2463 evasisse
1071 2430 1168 2463 discit
1202 2431 1359 2465 Roboam
1393 2435 1506 2476 reyis,
1543 2435 1608 2477 qui

100 2470 355 2505 adolescentum
388 2473 535 2507 consilio
568 2484 658 2507 usus
692 2476 818 2518 iugum
842 2477 993 2519 yravius
1018 2488 1126 2520 quam
1148 2482 1255 2522 patet·
1280 2479 1452 2513 Salomon
1473 2482 1605 2525 populo

99 2518 280 2562 imponere
304 2520 465 2554 minatus
488 2522 535 2554 sit
560 2523 612 2563 (3.
626 2522 710 2565 Περ.
731 2524 804 2565 12).
857 2523 1018 2557 Conicere
1038 2535 1160 2569 posses
1185 2526 1418 2570 Lampertum
1444 2529 1519 2560 iam
1543 2528 1606 2562 hoc

52 2564 172 2599 mloco
196 2567 305 2609 quasi
327 2567 454 2601 occulte
477 2568 591 2602 dicere
615 2569 776 2611 voluisse,
805 2570 900 2614 quod
925 2571 1021 2606 Ann.
1045 2584 1083 2616 p.
1103 2574 1158 2608 71.
1185 2573 1292 2615 dizit,
1321 2575 1427 2607 etiam
1454 2575 1605 2608 Heinri-

99 2621 178 2644 cum
196 2612 269 2648 ΙΙΙ.
289 2617 327 2646 ut
345 2614 566 2648 Salomonem
590 2627 699 2659 yrave
723 2618 849 2660 iuqum
870 2619 1101 2662 principibus
1126 2621 1345 2664 imposuisse.
1428 2623 1464 2665 6)
1494 2622 1602 2657 ‘Hist.

100 2658 303 2693 Jahrbuch’
320 2660 434 2705 XIII,
458 2674 495 2706 p.
509 2664 714 2699 441—446.
767 2665 864 2706 Quae
888 2666 981 2699 idem
1003 2678 1041 2710 p.
1055 2667 1126 2703 446
1142 2678 1194 2711 sq.
1212 2669 1344 2710 attulit,
1370 2673 1411 2702 ut
1430 2670 1604 2712 probaret

100 2705 171 2740 loco
194 2716 297 2750 saepe
319 2709 427 2742 citato
451 2708 502 2754 (p.
519 2711 601 2752 354,
629 2710 652 2746 l.
669 2712 704 2747 4.
747 2709 858 2746 Cuius
890 2711 1037 2747 laudem
1062 2716 1139 2756 etc.)
1164 2715 1361 2757 Annonem,
1391 2726 1463 2750 non
1488 2717 1604 2750 Hart-

99 2753 232 2796 wiqum
256 2753 388 2788 dictum
413 2767 494 2799 esse,
530 2757 669 2792 nullius
692 2761 869 2802 momenti,
903 2761 1011 2794 immo
1042 2772 1232 2805 perperam
1267 2763 1362 2796 dicta
1391 2767 1487 2806 sunt,
1524 2775 1602 2797 cam

51 2807 171 2834 45non
209 2802 502 2836 animadverterit
539 2804 598 2838 his
631 2806 744 2839 verbis
783 2807 996 2840 monachum
1031 2808 1354 2843 Hamerslebensem
1395 2812 1602 2844 sententiam

99 2847 297 2892 Lamperti,
323 2859 395 2882 non
420 2851 547 2894 ipsius,
574 2852 782 2889 reddidisse.
882 2855 919 2898 7)
947 2855 1005 2890 ‘N.
1023 2856 1172 2889 Archiv'
1197 2856 1307 2898 XIX,
1331 2869 1368 2901 p.
1387 2859 1456 2893 377
1475 2870 1524 2901 sq.

1252 2925 1315 2961 III
