1968 3164
312 206 556 244 ANNALES
581 205 1129 244 WEISSENBURGENSES.
1180 209 1227 244 A.
1256 212 1505 247 1074—1147.
1618 214 1664 248 57

153 330 303 373 oravit
346 329 599 372 Dominum
650 329 831 373 intente
883 331 1185 386 promisitque
1233 332 1561 387 penitentiam,
1617 336 1664 376 et
1679 326 1846 387 ²·1{,’}‘'1'5]³³'

153 403 348 446 regnum
380 390 479 432 eius
511 390 836 432 confirmatum
868 392 952 433 est.
1076 391 1252 433 Eodem
1285 406 1406 434 anno
1440 393 1664 448 dissipata
1678 410 1866 441 3.Rey.3,1.

154 451 263 492 sunt
303 449 507 501 castella,
551 463 668 504 quae
708 463 788 492 rex
819 450 934 492 fecit
974 450 1024 491 in
1056 451 1391 493 offendiculum
1424 452 1662 495 Saxoniae.

153 509 260 565 Ipse
293 511 363 552 est
394 523 474 552 rex
494 509 756 561 Heimicus,
791 510 871 564 qui
902 510 1088 552 excluso
1121 511 1366 566 episcopol
1398 512 1554 554 sedem
1577 512 1664 554 sibi

120 568 267 612 bfecit
298 568 606 611 Wormaciae.

294 628 413 670 Mill.
446 628 635 671 LXXV.
698 629 948 671 Heinricus
989 643 1069 672 rex
1108 630 1370 672 universam
1414 631 1546 686 regni
1593 632 1664 673 sui
1681 638 1782 672 1075.

152 688 411 730 contraxita
439 688 668 740 militiam,
701 689 940 744 ingentem
963 689 1141 732 scilicet
1164 691 1430 740 exercitum,
1465 693 1512 732 et
1534 691 1665 732 iuxta
1677 707 1813 739 amm).

151 747 348 790 Unstrot
389 748 582 790 fluvium
629 748 805 791 bellum
851 749 1016 791 intulit
1061 749 1340 801 Saxonibus3
1389 750 1455 792 ibi
1504 751 1663 792 multis

151 807 338 850 milibus
378 808 612 863 utrimque
652 808 967 864 interemptis,
1010 823 1090 851 rex
1129 810 1320 852 tandem
1352 810 1501 852 victor
1532 811 1663 852 effec-

104 879 139 904 ιο
149 868 227 909 tus
259 869 342 910 est.

294 926 610 970 Herimannus
642 927 1043 983 Babenbergensis
1075 928 1330 984 episcopus,
1365 929 1434 970 vir
1466 929 1664 971 mendax

152 988 199 1028 et
230 986 456 1029 avariciae
489 987 687 1038 deditus,
728 989 974 1042 postquam
1006 988 1127 1030 sedit
1158 1002 1303 1030 annos
1335 988 1392 1039 X,
1437 989 1520 1030 sub
1556 987 1662 1030 Gre-

151 1045 280 1101 gorio
312 1060 433 1102 papa
465 1046 608 1102 digna
639 1046 943 1090 damnacione
976 1048 1214 1102 depositus
1247 1050 1330 1090 est.

294 1105 473 1148 Iterum
504 1119 584 1148 rex
615 1106 864 1149 Heinricus
897 1121 1001 1148 cum
1034 1109 1213 1149 armato
1245 1107 1394 1150 milite
1417 1107 1663 1149 Saxoniam

103 1177 138 1202 ιο
150 1164 397 1219 ingressus,
433 1165 636 1208 Saxones
667 1179 850 1220 quoque
882 1180 1043 1222 pacem
1075 1169 1288 1222 petentes
1322 1167 1537 1222 suscepit,
1582 1168 1662 1209 sed
1676 1184 1751 1213 (001.
1765 1185 1824 1215 27).

152 1224 321 1266 sevicia
351 1225 498 1280 magis
530 1239 669 1280 quam
701 1221 879 1280 gratiab
917 1226 1155 1268 insecutus
1188 1228 1258 1268 est
1290 1227 1541 1269 universos.

292 1379 411 1421 Mill.
429 1379 720 1422 LXXXVII.
784 1380 986 1423 Bertha⁰
1014 1381 1285 1436 imperatrix
1323 1381 1454 1424 obiit.
1515 1380 1661 1423 Coun·
1678 1387 1782 1422 1087.

150 1439 289 1496 radus
320 1438 475 1482 factus
507 1442 578 1482 est
609 1453 689 1482 rex
721 1439 815 1481 III.
849 1440 956 1482 Kal.
990 1440 1117 1482 Iunii
1148 1441 1444 1496 Aquisgrani.
1678 1457 1807 1482 Μαι-επ.

292 1498 411 1540 Mill.
431 1498 667 1541 CXLVII.
739 1496 872 1542 Rex‘1
924 1499 1169 1542 Cunradus
1222 1515 1405 1543 crucem
1459 1500 1662 1555 suscepit
1678 1506 1782 1541 1147.

102 1575 138 1601 πο
150 1557 210 1600 ad
241 1558 588 1614 expedicionem
620 1559 1045 1602 Iherosolimorum.

149 1673 180 1706 a)
198 1674 259 1700 mil.
279 1676 373 1700 contr.
393 1682 470 1700 corr.
491 1678 586 1701 contr.
606 1675 668 1701 mil.
688 1683 713 1701 c.
807 1675 837 1708 b)
863 1675 958 1708 grim,
985 1683 1014 1701 m
1034 1683 1150 1702 erasum
1170 1683 1194 1702 c.
1289 1675 1315 1708 e)
1335 1676 1405 1701 haec
1425 1684 1512 1701 mmm
1533 1677 1568 1707 G,
1589 1683 1663 1707 quae

150 1710 193 1752 'fa
211 1709 294 1734 aliud
311 1710 438 1742 scr-spuit,
462 1710 565 1735 addita
583 1713 650 1736 eunt
670 1712 699 1736 in
718 1718 742 1736 c.
835 1711 866 1744 d)
890 1711 960 1736 haec
979 1719 1069 1737 manu
1090 1711 1127 1742 H,
1155 1718 1229 1744 quae
1247 1712 1290 1736 m'l
1310 1712 1392 1736 aliud
1411 1713 1537 1743 scr-ifflit,
1559 1712 1662 1736 addita

152 1753 181 1770 ΙΙΙ
200 1752 224 1771 0·

152 1841 187 1884 1)
213 1841 417 1876 Adatha-to.
