2046 3190
186 354 288 389 1075.

183 400 251 428 Iun.
264 402 288 428 9.

55 1555 94 1586 cf.
106 1556 205 1584 ZTim.
215 1557 269 1589 4‚2.

307 237 377 271 220
675 239 943 278 LAMPERTI
968 243 1219 283 ANNALEs.
1268 249 1316 284 A.
1344 252 1448 288 1075.

304 360 473 412 septus,
517 361 653 402 modo
694 362 742 403 in
784 364 930 418 prima
967 367 1064 410 acie
1097 383 1299 423 pugnam
1331 372 1565 426 lacessere,
1601 376 1804 419 ubicum-

302 430 389 470 que
417 419 564 460 acrior
591 421 658 462 vis
691 421 893 465 hostium
925 425 1223 480 incubuisset,
1258 433 1512 474 comminus
1535 435 1705 487 adesse,
1739 437 1804 478 in-

302 476 565 519 sistentium
595 480 753 523 vultus
785 482 940 535 gladio
972 486 1123 537 ferire,
1158 503 1240 543 per
1271 490 1463 534 hostiles
1497 507 1664 536 cuneos
1696 509 1802 550 qua-

301 549 573 589 quaversum
604 540 726 581 viam
768 541 855 583 sibi
894 543 1045 586 fen-0²²
1083 561 1257 601 parare,
1300 551 1436 593 modo
1477 553 1526 593 in
1557 555 1800 608 postremis

301 598 530 638 cessantes
572 599 821 651 adhortari,
866 616 1041 655 causae,
1085 619 1175 660 qua
1216 622 1342 650 arma
1382 615 1686 666 sumpserant,
1726 615 1831 656 aid-⁵

300 668 498 705 monere,
543 659 589 698 et
621 660 674 699 ut
706 674 841 711 nunc,
886 664 1008 716 quod
1041 678 1146 720 sepe
1188 681 1325 720 quam
1364 673 1523 713 sancte
1554 672 1796 725 iurassent,

298 713 563 757 libertatem
601 731 729 758 suam
763 734 902 761 manu
932 723 1235 775 vindicarent,
1279 741 1435 770 omnes
1475 730 1525 771 in
1557 744 1798 776 commune

297 786 378 826 per
400 773 551 815 Deum
574 776 825 820 obsecrare.
875 778 1098 824 Strenueb
1126 785 1335 838 profecto
1363 790 1409 830 et
1431 789 1606 844 egregii
1636 791 1798 835 militis

297 833 343 872 et
365 833 530 887 optimi
552 835 680 877 ducis
709 837 863 880 officio
895 840 1179 895 fungebatur
1193 843 1220 884 1.
1267 845 1563 890 Protractum
1594 863 1622 890 a
1646 851 1798 893 media

297 891 370 932 die
403 906 546 946 usque
577 894 626 934 111
658 895 819 938 horam
851 913 1019 941 nonam
1053 905 1286 946 certamen
1318 906 1409 947 iam
1441 908 1490 949 111
1517 923 1570 950 eo
1597 911 1708 960 erat,
1742 913 1796 952 ut
1812 923 1846 949 ιο

296 950 386 991 duo
429 952 625 994 duorum
666 969 912 1009 regnorum
945 961 1185 1011 exercitus,
1230 963 1423 1008 Sueviae
1461 969 1508 1009 et
1540 968 1793 1021 Baioariae,

294 1011 426 1063 terga
457 1014 712 1064 verterent;
758 1018 803 1057 et
844 1018 943 1071 regi
975 1019 1240 1074 frequentes
1276 1026 1436 1067 nuncii
1468 1027 1663 1069 salutem
1696 1042 1795 1071 suo-

291 1082 393 1109 rum
425 1070 473 1110 in
506 1074 710 1115 extremo
743 1075 879 1116 sitam
911 1079 1209 1131 nunciabant,
1245 1087 1375 1124 cumc
1403 1089 1594 1140 repente
1621 1099 1675 1128 ex
1700 1101 1793 1130 uno

292 1127 436 1170 latere
469 1129 809 1175 Herimannusd
841 1149 991 1178 comes
1025 1139 1080 1180 de
1108 1139 1368 1197 Glizbergss,
1404 1141 1487 1186 exf
1523 1146 1614 1188 alio
1646 1146 1792 1190 latere

290 1186 696 1244 Babenbergenses
738 1194 908 1236 milites
950 1197 1081 1251 signa
1121 1199 1344 1243 inferunt.
1407 1203 1524 1246 Tum
1557 1206 1649 1248 dux
1680 1206 1791 1249 Boe·
1806 1220 1839 1246 15

290 1252 512 1299 morumss,
557 1252 657 1291 tum
691 1250 860 1295 Gozelo
899 1255 991 1296 dux
1022 1257 1427 1314 Luteringorumh,
1470 1265 1630 1306 multis
1661 1266 1789 1320 prius

289 1306 654 1359 periclitantium
685 1311 734 1351 in
766 1313 913 1366 prelio
946 1314 1256 1369 legationibus
1295 1323 1341 1362 et
1373 1323 1788 1377 supplicationibus

287 1364 525 1419 fatigatus,
566 1382 670 1410 suas
702 1372 896 1425 uterque
930 1375 1083 1428 copias
1114 1377 1320 1420 incitatis
1353 1381 1411 1422 ad
1444 1395 1627 1424 cursum
1659 1385 1787 1439 equis

285 1423 497 1466 inmittit.
561 1427 667 1468 Non
697 1429 823 1471 ultra
856 1431 1055 1475 Saxones
1088 1435 1180 1476 vim
1212 1438 1526 1482 multitudinis
1559 1443 1786 1487 sustinere

286 1485 514 1536 poterant,
548 1487 865 1543 paulatimque
898 1492 1126 1544 cedentes,
1162 1509 1266 1537 cum
1297 1498 1543 1542 inclinatas
1574 1498 1689 1543 iami
1726 1504 1785 1545 ad
1798 1517 1834 1542 20

284 1542 445 1596 fugam
477 1545 596 1587 acies
624 1547 716 1587 dux
740 1547 851 1591 Otto
882 1552 1127 1595 restituere
1160 1555 1454 1609 obsecrando,
1487 1560 1781 1616 increpandO,

283 1601 499 1644 inertiam
532 1605 845 1662 desidiamque
879 1612 1196 1665 exprobrando
1224 1615 1304 1656 diu
1336 1617 1626 1674 multumque
1653 1635 1782 1663 cona-

283 1662 358 1702 tus
380 1662 558 1713 fuisset,
592 1666 781 1707 tandem
803 1669 943 1710 versis
974 1670 1118 1713 frenis
1142 1687 1298 1716 omnes
1321 1676 1522 1720 diversas
1553 1679 1603 1720 in
1628 1682 1782 1734 partes

283 1720 581 1774 aufugerunt.
644 1722 790 1766 Tumk
825 1741 932 1769 vero
969 1752 1023 1757 —-
1053 1733 1107 1772 ut
1139 1745 1317 1788 semper
1352 1736 1402 1776 in
1433 1737 1547 1792 fuga
1578 1739 1781 1782 hostium

281 1779 587 1833 ignavissimis
630 1786 676 1825 et
716 1785 979 1829 fortissimis
1020 1804 1104 1844 par
1145 1792 1262 1834 solet
1305 1808 1401 1836 esse
1443 1797 1654 1848 audacia,
1698 1813 1781 1854 par
1793 1813 1829 1839 25

280 1838 428 1892 gloria
443 1841 457 1864 ²
488 1864 546 1868 ——
578 1856 734 1885 omnes
766 1845 815 1886 in
837 1848 1043 1889 exercitu
1071 1851 1191 1904 regis
1213 1851 1417 1907 legiones
1440 1856 1642 1898 confusis
1665 1859 1780 1900 ordi-

279 1898 428 1949 nibus,
463 1914 619 1942 omnes
653 1903 792 1944 etiam
824 1906 977 1959 plebei
1010 1922 1062 1950 ac
1093 1911 1268 1962 rustici,
1303 1913 1381 1966 qui
1407 1917 1661 1958 castrorum
1692 1918 1779 1959 usi·
1829 1937 1833 1941 ·

280 1957 364 1997 bus
412 1960 623 2001 servilem
664 1976 850 2016 operam
892 1966 1228 2020 dependebant,
1278 1972 1404 2014 ocius
1445 1987 1492 2015 se
1533 1975 1591 2016 ad
1632 1990 1778 2030 perse-

279 2017 484 2068 quendos
524 2019 758 2073 fugientes
801 2025 1064 2078 expediunt,
1108 2041 1247 2082 equos
1280 2031 1535 2074 calcaribus
1568 2038 1774 2087 enecant,

278 2073 525 2117 latissimos
578 2092 761 2133 campos
815 2082 940 2124 dicto
993 2085 1128 2127 citius
1181 2091 1488 2142 transvolant,
1543 2093 1777 2136 obstantia
1789 2109 1825 2135 30

277 2147 483 2188 quaeque
517 2137 803 2179 conculcant.
857 2141 1120 2195 Fugientes,
1155 2160 1258 2187 cum
1290 2149 1339 2189 in
1362 2153 1513 2192 castra
1540 2154 1775 2206 tamquam

276 2191 373 2233 illic
405 2193 654 2236 latibulum
685 2197 891 2240 habituri
923 2214 970 2242 se
1010 2205 1302 2258 recepissent,
1347 2210 1492 2263 captis
1526 2212 1686 2252 castris
1727 2215 1774 2254 et

276 2251 468 2306 direptis
510 2255 759 2309 exagitant,
802 2257 904 2299 loca
944 2261 1110 2311 omnia,
1151 2277 1232 2317 per
1264 2278 1379 2318 quae
1417 2268 1531 2321 fuga
1568 2272 1649 2320 est,
1692 2285 1774 2324 per

275 2311 474 2352 miliaria
515 2313 605 2355 duo
638 2315 711 2356 vel
752 2316 842 2357 tria
875 2318 1227 2375 circumquaque
1261 2325 1448 2366 cedibus
1481 2330 1728 2369 cruentant
1742 2329 1769 2379 3,

274 2370 549 2412 cadaverum
571 2374 744 2415 acervis
767 2381 1060 2431 exaggerant.
1093 2380 1153 2420 Et
1176 2382 1283 2434 quia
1305 2385 1562 2427 concitatus
1583 2388 1770 2441 ungulis
1784 2397 1818 2423 35

274 2442 495 2482 equorum
526 2432 677 2486 pulvis
718 2435 862 2476 oculis
894 2440 1199 2492 prospectum,
1245 2442 1381 2484 rebus
1414 2444 1658 2487 discrimen
1690 2447 1769 2488 eri-

272 2544 301 2574 a)
321 2551 376 2568 om.
396 2545 457 2572 ΒΞ.
531 2545 560 2579 b)
581 2546 726 2573 Strennue
746 2549 807 2577 ΒΞ,
880 2550 907 2583 c)
927 2558 992 2576 011111
1013 2553 1038 2577 Α
1051 2554 1126 2581 1.18.
1199 2554 1230 2587 d)
1249 2557 1436 2584 Hel-mannus
1457 2559 1569 2587 Blc.2.
1643 2559 1670 2594 e)
1691 2561 1768 2587 Glis-

271 2578 347 2611 berg
365 2580 391 2604 B
403 2580 444 2608 lb.
535 2582 559 2612 f)
578 2586 608 2608 et
627 2583 689 2611 ΒΞ.
779 2587 810 2617 g)
831 2586 1028 2613 Bohemorum
1048 2589 1109 2616 132.
1193 2591 1223 2621 11)
1243 2592 1409 2625 Luttering.
1430 2595 1455 2619 A
1467 2596 1490 2622 1.
1573 2595 1593 2628 i)
1614 2596 1672 2622 iam
1691 2598 1729 2622 ad
1748 2597 1768 2625 f.

272 2614 315 2638 bis
333 2622 388 2642 scr,
408 2615 487 2644 Bib.
560 2617 591 2650 k>
612 2619 693 2644 Tunc
712 2620 791 2648 Bib.

272 2698 307 2739 1)
342 2698 490 2734 Sallust.
519 2700 593 2735 Cat.
628 2712 654 2736 c.
681 2703 744 2737 60:
781 2702 936 2738 Catilina
971 2717 1053 2739 cum
1087 2707 1265 2751 expeditis
1299 2709 1337 2742 in
1370 2711 1488 2754 prima
1518 2713 1593 2746 acie
1619 2714 1815 2758 versari,40

327 2771 334 2778 .
355 2772 362 2778 .
389 2746 545 2779 multum
570 2747 647 2791 ipse
668 2760 842 2794 pugnare,
869 2762 975 2796 saepe
992 2752 1134 2787 hostem
1152 2754 1279 2789 ferire:
1306 2758 1443 2791 strenui
1467 2759 1592 2793 militis
1618 2763 1654 2794 et
1679 2761 1765 2796 boni

269 2789 497 2833 imperatoris
531 2794 650 2828 officia
685 2796 791 2830 simul
825 2800 1098 2842 exsequebatur.
1209 2804 1245 2846 2)
1276 2804 1425 2840 Sallust.
1458 2806 1537 2849 Iuy.
1573 2818 1599 2843 6.
1626 2810 1691 2844 53:
1725 2808 1764 2842 in

268 2836 420 2871 victoria
457 2840 515 2873 vel
552 2841 691 2886 ignavis
728 2844 875 2888 gloriari
912 2846 1006 2882 licet.
1065 2871 1069 2875 ⁴
1113 2849 1149 2892 3)
1182 2850 1364 2887 Berthold.
1404 2851 1516 2897 (Anu.
1555 2855 1590 2889 S.
1626 2855 1763 2898 Blasiz)

265 2896 302 2928 p.
320 2887 409 2920 279:
437 2885 550 2921 ferme
576 2888 622 2922 ad
647 2889 719 2924 duo
744 2891 898 2926 miliaria
924 2921 931 2928 .
960 2922 966 2929 .
994 2905 1054 2928 eos
1079 2894 1259 2940 fugientes
1284 2898 1437 2933 insecuti
1461 2903 1555 2936 sunt.

2023 1642 2046 1931 anamaiffliffla
2035 1565 2046 1606 ..a
