1968 3164
163 363 266 398 1073.

155 410 212 437 Oet.
224 418 266 437 ex.

155 1395 226 1422 Non.
235 1396 259 1422 1.

281 257 348 291 166
647 253 915 288 LAMPERTI
939 253 1191 289 ANNALES.
1241 254 1287 291 A.
1316 258 1419 292 1073.

281 378 574 427 consensisse,
617 379 670 418 ut
703 377 902 420 Saxones
939 378 1037 432 regi
1077 393 1159 432 pro
1191 379 1389 420 admissa
1419 379 1468 420 in
1501 393 1605 421 eum
1637 382 1775 435 atque
1802 422 1814 435 ,

280 437 329 477 111
370 450 465 478 10111
507 437 739 490 publicam
779 437 1070 479 temeritatea
1118 438 1482 480 satisfactionem
1525 453 1775 494 congruam

280 498 600 550 proponerent,
644 509 722 537 rex
754 498 909 538 autem
951 497 1014 538 eis
1053 499 1099 538 et
1130 497 1245 538 facti
1275 497 1601 552 impunitatem
1633 500 1680 540 et
1710 498 1774 540 in-

279 555 512 604 iuriarum,
547 554 711 608 quibus
739 555 796 595 ad
819 555 1127 597 defectionem
1150 570 1226 598 eos
1249 557 1450 612 coegisse
1481 557 1774 600 insimulaba-

278 615 367 659 tur,
403 614 458 654 de
482 615 662 655 caetero
690 614 982 656 securitatem
1015 615 1098 656 sub
1121 615 1416 658 iureiurando
1439 617 1730 672 promitteret
1743 616 1772 660 ¹.
1787 631 1804 658 5

279 672 366 713 His
407 673 542 714 rebus
584 673 878 714 conficiendis
919 676 1101 728 tempus
1134 677 1361 716 statutum
1394 678 1464 718 est
1503 677 1553 718 in
1583 673 1766 720 nataleb

279 731 478 781 Domini,
522 746 628 786 rege
670 736 795 774 021111ρ
840 733 1143 775 festivitatem
1182 733 1399 776 Coloniae
1441 736 1728 779 celebraturo
1743 737 1771 779 ².

279 790 339 830 Et
371 791 579 844 profecto
611 789 892 832 Rfidolfumss
931 793 1094 834 ducem
1136 793 1307 834 ibidem
1346 794 1516 848 absque
1549 795 1772 839 dilatione

277 863 431 903 regem
484 851 849 902 constituissent,
900 852 988 893 nisi
1038 852 1118 894 ille
1167 853 1466 907 pertinaciter
1517 854 1772 899 resistendo
1819 859 1822 861 ’

275 908 479 951 iuraret3
510 924 744 964 nunquam
778 925 824 953 se
855 911 905 951 in
937 912 1023 953 hoc
1057 926 1396 963 consensurum,
1431 915 1520 956 nisi
1545 929 1572 956 a
1594 915 1772 958 cunctis
1787 929 1820 955 10

275 968 559 1022 principibus
593 972 821 1011 conventu
854 971 1027 1021 habito,
1071 972 1168 1013 sine
1205 975 1316 1014 nota
1347 973 1548 1027 periurii,
1590 974 1772 1030 integra

276 1027 613 1070 existimatione
646 1042 739 1079 sua,
774 1029 822 1070 id
854 1030 1005 1071 facere
1038 1045 1168 1084 posse
1201 1031 1537 1074 decerneretur.

417 1086 618 1129 Saxones
649 1088 698 1128 in
730 1102 812 1129 sua
844 1103 948 1130 cum
981 1104 1091 1143 pace
1124 1091 1374 1132 redierunt.
1439 1091 1621 1136 Caeteri
1652 1094 1771 1148 prin·

274 1146 396 1200 cipes
417 1146 709 1188 Wirceburc⁰
739 1148 936 1202 profecti
969 1151 1076 1190 sunt
1090 1149 1117 1199 ⁴,
1152 1150 1249 1204 regi
1281 1165 1396 1205 quae
1423 1154 1553 1206 gesta
1583 1153 1771 1195 fuerant

273 1205 550 1246 nunciaturi.
605 1205 695 1256 Qui
727 1207 936 1260 protinus
969 1208 1087 1248 nihil
1117 1209 1321 1251 hesitans
1354 1211 1560 1266 pedibus,
1594 1213 1647 1253 ut
1678 1212 1771 1254 dici
1785 1227 1818 1253 15

274 1263 403 1313 solet,
437 1264 486 1304 in
519 1265 796 1306 sententiam
828 1266 944 1307 abiit
958 1266 984 1316 5,
1020 1269 1066 1308 et
1099 1267 1346 1310 dummodo
1379 1285 1467 1324 pax
1490 1271 1767 1322 conveniret,
1875 1269 1878 1272 ⁴

273 1336 581 1376 quascumque
624 1324 915 1366 condiciones
955 1325 1298 1379 imposuissent,
1343 1342 1389 1370 se
1430 1330 1768 1384 promptissime

273 1381 476 1422 laturum
509 1378 802 1436 spoponditf.
866 1383 1110 1425 Celebrata
1149 1385 1320 1427 ibidem
1358 1388 1563 1429 omnium
1594 1390 1769 1431 sancto·

273 1454 374 1480 rum
399 1440 668 1492 festivitate,
702 1441 1002 1496 Ratisponam
1033 1443 1100 1485 ire
1131 1444 1349 1496 instituit,
1384 1447 1765 1499 animadvertens,

273 1499 395 1552 quod
427 1499 656 1553 principes
687 1500 868 1542 Rhenig
898 1501 1187 1555 aliquantula
1219 1503 1431 1546 Saxonici
1462 1505 1631 1547 furoris
1662 1507 1767 1549 labe
1781 1523 1815 1549 20

271 1557 363 1598 iam
395 1558 559 1600 infecti
591 1559 742 1600 minus
774 1560 1014 1614 minusque
1055 1562 1104 1602 in
1136 1558 1261 1604 diesll
1298 1564 1356 1604 ad
1389 1564 1648 1607 exhibenda
1679 1566 1768 1608 sibi

273 1613 512 1670 obsequiai
570 1614 754 1659 devotik
802 1633 854 1660 ac
902 1620 1103 1662 benivoli
1155 1624 1320 1664 essent.
1394 1622 1599 1678 Cumque
1645 1625 1768 1667 inter

272 1676 475 1716 eundum
516 1676 692 1730 aliquot
733 1678 894 1719 diebus
934 1678 1209 1735 Nurenberg
1248 1684 1515 1734 moraretur,
1565 1683 1765 1737 quidam,

272 1734 350 1788 qui
381 1735 636 1777 latericius
666 1736 758 1777 iam
782 1737 861 1778 diu
893 1737 1249 1782 familiarissime
1272 1741 1539 1783 obversatus
1570 1742 1726 1784 fuerat
1736 1743 1764 1794 ⁶,

271 1793 512 1848 Regenger
543 1795 739 1845 nomine,
772 1796 1000 1838 incertum
1023 1798 1218 1839 aliorum
1249 1800 1475 1842 instinctu
1506 1815 1566 1842 an
1587 1802 1766 1856 privato
1780 1818 1815 1844 25

270 1852 319 1892 in
351 1866 455 1894 eum
487 1854 592 1895 odio
625 1855 885 1906 suscitatus,
928 1859 1118 1910 repente
1156 1859 1367 1913 prorupit
1403 1859 1454 1900 in
1484 1860 1687 1902 medium
1719 1863 1766 1903 et

272 1911 465 1960 ducibus
506 1909 734 1955 Rfidolfol
774 1918 876 1967 ac¹¹¹
917 1915 1172 1958 Bertholdo
1219 1931 1357 1973 grave
1403 1919 1620 1960 adversus
1661 1933 1766 1962 eum

271 1970 443 2011 crimen
465 1971 648 2012 detulit.
705 1972 842 2026 ‘Ego',
876 1973 1039 2028 inquit,
1076 1974 1136 2016 ‘et
1168 1975 1248 2016 alii
1279 1977 1498 2031 plerique,
1532 1991 1645 2031 quos
1670 1992 1765 2034 pes-

271 2028 410 2070 simae
452 2030 806 2072 machinationis
848 2046 956 2074 suae
997 2047 1075 2075 rex
1113 2034 1302 2076 idoneos
1339 2036 1438 2078 fore
1471 2036 1764 2079 administros

270 2090 576 2140 speraveratn,
620 2103 767 2142 nuper
798 2091 956 2131 multis
998 2093 1209 2145 precibus
1242 2095 1509 2149 magnisque
1541 2095 1813 2150 pollicita⁴3o

268 2146 473 2187 tionibus
515 2147 571 2187 ab
615 2161 666 2188 eo
709 2148 947 2189 sollicitati
989 2164 1156 2202 sumus,
1200 2154 1264 2203 ut,
1308 2153 1436 2194 vobis
1477 2167 1529 2195 ac
1571 2155 1763 2197 caeteris

269 2205 399 2258 regni
440 2205 723 2260 principibus
765 2207 1067 2262 Wirceburg⁰
1115 2211 1494 2253 convenientibus
1536 2215 1582 2254 et
1623 2227 1762 2255 secre-

270 2263 403 2304 cioris
445 2263 662 2317 colloquii
703 2265 852 2318 gratia
888 2267 1130 2320 paululum
1171 2283 1197 2309 a
1229 2269 1528 2312 multitudine
1559 2271 1760 2322 remotis,

269 2322 435 2363 armati
465 2322 514 2362 in
535 2336 614 2364 vos
645 2323 920 2366 irrueremus
953 2327 1000 2366 et
1030 2327 1274 2368 trucidatis
1297 2329 1540 2370 sedicionis
1569 2331 1760 2371 auctori-

269 2380 354 2421 bus
394 2381 545 2435 ipsum
576 2382 792 2435 periculo,
836 2397 931 2424 rem
968 2384 1201 2438 publicam
1242 2387 1615 2440 perturbationep
1653 2388 1808 2432 libe-35

268 2484 297 2513 a)
317 2483 493 2508 temeritatis
512 2484 539 2508 B
552 2484 578 2510 2.
632 2484 662 2515 b)
681 2485 722 2509 sic
740 2486 808 2517 Al?
829 2486 924 2511 natali
942 2487 1023 2519 „11³3
1045 2486 1099 2512 nat
1116 2488 1201 2519 131=;
1222 2489 1410 2514 nativitatem
1429 2489 1510 2517 Bib.
1520 2490 1545 2516 2.
1602 2492 1629 2522 c)
1649 2498 1684 2516 ea
1697 2491 1760 2519 Al.

268 2517 299 2548 d)
323 2518 482 2543 Rudolfum
503 2518 563 2546 Al.
583 2519 666 2553 31⁸5
692 2519 864 2545 Rudolffum
882 2521 909 2546 B
922 2521 947 2548 2.
1019 2523 1046 2553 e)
1066 2523 1196 2548 Wireeh⁷
1217 2523 1301 2556 Bl⁸;
1328 2524 1508 2558 VVirceburg
1526 2525 1613 2558 B1b3
1634 2526 1758 2552 Vt'irczi-

267 2553 343 2584 burg
362 2554 389 2578 B
401 2554 425 2580 2.
499 2555 523 2585 f)
542 2553 697 2586 respondit
715 2556 777 2582 132.
849 2557 879 2588 g)
897 2557 973 2581 Reni
992 2557 1052 2584 132.
1124 2558 1155 2588 h)
1174 2558 1206 2583 in
1225 2557 1289 2584 dies
1309 2566 1363 2586 om.
1382 2558 1461 2587 Blb.
1543 2561 1565 2592 i)
1586 2561 1652 2588 exh.
1671 2562 1759 2587 collo-

268 2588 339 2619 quia
357 2589 418 2616 132.
509 2589 540 2622 k)
566 2590 675 2615 deuota
692 2591 720 2616 B
733 2592 773 2618 1⁸.
863 2591 885 2624 l)
911 2592 1039 2617 Rudolfo
1064 2594 1127 2620 Al.
1145 2594 1229 2626 Bl⁸;
1259 2594 1397 2620 Rudolffo
1417 2595 1478 2622 132.
1569 2596 1610 2629 m)
1635 2599 1664 2622 et
1682 2597 1760 2626 131².

266 2624 296 2654 n)
315 2625 465 2657 sperabat,
487 2625 584 2650 eadem
604 2633 693 2650 manu
710 2633 852 2658 superscr.
869 2630 1045 2659 sperauerat
1063 2627 1142 2655 Blb.
1196 2630 1224 2660 ο)
1243 2630 1420 2662 Wirczburg
1435 2631 1496 2658 B2.
1557 2633 1588 2663 p)
1606 2639 1660 2659 om.
1679 2631 1760 2661 Blb,
1771 2630 1808 2656 40

267 2705 302 2748 1)
343 2706 494 2740 Carmen
532 2708 590 2750 II,
630 2710 788 2744 37—41.
825 2714 942 2743 exacte
985 2710 1137 2752 indicat,
1182 2711 1270 2754 quid
1307 2713 1492 2755 principes
1534 2715 1757 2750 decreverint.

266 2752 302 2795 2)
331 2754 537 2787 Assentitur
561 2755 745 2791 Berthold.
772 2755 883 2800 (Ann.
908 2757 944 2792 S.
963 2756 1100 2802 Blasii)
1121 2769 1159 2801 p.
1178 2760 1258 2793 276.
1361 2760 1396 2802 3)
1426 2760 1482 2801 Cf.
1509 2772 1623 2804 supra
1642 2772 1682 2804 p.
1700 2763 1758 2806 93,

265 2809 300 2833 n.
327 2801 360 2833 2.
457 2801 494 2843 4)
523 2802 590 2834 Ubi
611 2813 678 2835 rex
702 2803 759 2836 die
785 2803 854 2838 Oct.
872 2805 930 2839 27.
956 2808 1117 2838 moratus
1140 2809 1212 2845 est,·
1236 2806 1288 2840 St.
1313 2807 1419 2842 2768.
1445 2809 1550 2843 2769.
1594 2808 1651 2849 Of.
1669 2809 1759 2842 Ber-

265 2845 374 2880 thold.
400 2847 514 2889 (Anu.
541 2849 577 2883 S.
602 2848 738 2895 Blasii)
758 2861 797 2893 p.
816 2852 896 2886 276.
1000 2851 1036 2895 5)
1061 2851 1115 2892 Cf.
1142 2863 1255 2894 supra
1274 2864 1313 2896 p.
1333 2855 1389 2896 71,
1417 2865 1452 2889 n.
1472 2857 1502 2890 1.
1607 2854 1642 2898 6)
1665 2866 1758 2888 unus

265 2891 412 2934 quidam
438 2893 482 2927 de
508 2895 718 2930 consiliariis
743 2897 838 2942 regis
863 2898 998 2931 dicitur
1020 2909 1044 2931 a
1061 2899 1255 2933 Ber-tholam
1277 2898 1390 2945 (Arm.
1407 2901 1444 2936 S.
1462 2901 1597 2943 Blasii)
1616 2913 1656 2944 p.
1675 2903 1757 2938 276.
1771 2912 1806 2938 45
