2014 3184
364 209 435 243 286
734 209 1003 246 LAMPERTI
1027 212 1279 250 ANNALES.
1330 213 1377 250 A.
1406 217 1509 252 1077.

247 329 350 362 1077-
366 343 469 370 cum
503 331 544 372 ei
576 331 857 374 inevitabilis
889 333 1176 376 incumberet
1203 337 1450 379 necessitas
1473 342 1684 393 quoquoa
1710 342 1865 394 posset

256 375 351 407 (sz.)
365 391 501 443 pacto
533 390 790 432 redimendi
821 392 1012 443 itineris,
1057 396 1102 435 et
1141 394 1212 435 illi
1250 410 1333 438 nec
1372 397 1471 439 iure
1504 398 1864 453 propinquitatis

364 462 448 490 nec
479 451 639 491 tantae
673 451 951 493 calamitatis
992 453 1285 496 miseratione
1323 453 1595 510 quicquamb
1633 472 1863 501 moveren-

362 509 451 558 tur,
496 508 643 550 multo
685 509 840 552 labore
883 513 929 552 et
969 513 1175 566 tempore
1216 514 1265 554 in
1306 515 1392 556 hac
1425 516 1758 560 deliberatione
1798 518 1863 559 in-

362 569 558 620 sumpto,
602 568 677 609 vix
719 571 765 609 et
806 583 940 624 aegre
981 572 1170 613 tandem
1207 573 1506 627 impetratum
1544 578 1626 625 est,
1669 578 1723 617 ut
1763 591 1892 632 pro-5

361 625 554 666 vintiam
588 628 818 680 quandam
846 629 1156 683 Burgundiae,
1192 632 1323 673 bonis
1356 634 1568 676 omnibus
1599 635 1861 690 locupletis-

362 684 541 735 simam,
597 687 879 728 concedendi
934 690 1158 730 transitus
1211 693 1466 734 mercedem
1519 693 1853 748 dignarenture

361 744 567 798 accipere
583 745 609 784 ¹.
653 745 729 786 Ita
754 746 1014 801 indignatio
1038 746 1253 790 Domini‘l
1276 764 1367 791 non
1391 752 1539 793 solum
1561 754 1860 797 sacramentis

361 804 407 844 et
438 803 759 857 frequentibus
783 805 1126 859 beneficiis-sibi
1148 808 1380 860 obnoxios,
1415 811 1495 852 sed
1517 811 1658 853 etiam
1689 813 1860 855 amicos

359 863 405 903 et
437 876 603 916 genere
645 864 924 918 propinquos
963 866 1019 907 ab
1053 880 1106 908 eo
1139 870 1382 910 averterat.
1446 869 1715 913 Difficulter
1745 886 1859 915 asse·
1873 889 1908 915 ιο

359 923 467 962 cuto
508 923 780 964 transeundi
821 923 1057 966 licentiam
1100 927 1310 980 protinus
1352 928 1444 970 alia
1484 931 1703 972 successit
1741 931 1858 973 diffi-

358 980 520 1021 cultas.
585 981 815 1036 Hyemps0
856 986 955 1024 erat
996 986 1257 1039 asperrima,
1301 989 1348 1029 et
1389 990 1580 1039 montes,
1623 1003 1705 1044 per
1745 1004 1858 1045 quos

355 1040 579 1081 transitus
622 1043 732 1091 erat,
775 1042 824 1082 in
865 1043 1123 1084 inmensum
1165 1046 1365 1099 porrecti
1406 1049 1453 1089 et
1499 1061 1616 1102 pene
1655 1049 1857 1092 nubibus

357 1111 577 1140 cacumen
618 1100 880 1154 ingerentes
922 1102 989 1143 ita
1027 1103 1147 1146 mole
1180 1105 1354 1146 nivium
1387 1108 1434 1148 et
1466 1106 1653 1161 glaciali
1682 1108 1856 1164 frigore

356 1157 666 1212 obriguerant,
710 1162 763 1200 ut
804 1175 885 1214 per
926 1161 1153 1204 lubricum
1193 1165 1553 1220 precipitemque
1586 1163 1903 1210 decessumfus

355 1230 439 1258 nec
481 1218 648 1271 equitis
689 1232 772 1260 nec
815 1220 984 1274 peditis
1025 1235 1230 1275 gressum
1273 1223 1369 1265 sine
1406 1225 1612 1278 periculo
1643 1226 1870 1269 admitte-‘

354 1277 471 1316 rent.
536 1276 626 1318 Sed
659 1278 756 1318 dies
789 1279 1138 1330 anniversarius,
1182 1295 1271 1335 quo
1303 1296 1383 1324 rex
1414 1283 1463 1324 in
1495 1286 1854 1327 excommunica—

353 1334 527 1375 tionem
551 1336 810 1386 devenerat,
846 1351 869 1379 e
890 1338 1041 1380 vicino
1074 1339 1347 1382 imminensg
1381 1342 1533 1384 nullas
1565 1343 1854 1386 accelerandi

353 1389 560 1434 itinerish
606 1409 755 1436 moras
803 1397 1078 1450 patiebatur,
1129 1399 1253 1452 quia,
1297 1400 1386 1441 nisi
1432 1403 1540 1443 ante
1582 1416 1682 1444 eam
1729 1403 1851 1446 diem

353 1453 649 1495 anathemate
701 1454 1027 1507 absolveretur,
1082 1458 1318 1499 decretum
1377 1462 1568 1502 noverat
1619 1463 1852 1504 communi
1863 1480 1899 1505 20

352 1511 613 1565 principum
654 1514 897 1564 sententia,
941 1517 993 1556 ut
1035 1518 1082 1557 et
1123 1531 1260 1558 causa
1300 1518 1349 1558 in
1389 1516 1687 1574 perpetuumi
1739 1522 1849 1564 ceci-

353 1569 508 1618 disset,
551 1573 597 1612 et
629 1586 822 1626 regnum
864 1574 960 1615 sine
993 1574 1090 1616 ullo
1124 1576 1338 1631 deinceps
1370 1579 1678 1621 restitutionis
1710 1594 1848 1623 reme-

351 1629 426 1669 dio
468 1630 707 1672 amisisset.
771 1632 924 1686 Igitur
970 1635 1191 1687 quosdam
1239 1649 1293 1677 ex
1339 1634 1599 1691 indigenisk
1642 1638 1848 1681 locorum

349 1687 521 1741 peritos
554 1691 600 1730 et
632 1691 863 1745 preruptis
895 1692 1085 1746 Alpium
1116 1694 1236 1748 iugis
1269 1698 1473 1738 assuetos
1505 1698 1714 1740 mercede
1746 1712 1847 1741 con·

349 1747 494 1797 duxit,
538 1748 616 1801 qui
657 1750 928 1791 comitatum
970 1752 1067 1793 eius
1108 1767 1190 1807 per
1235 1754 1484 1809 abruptum
1525 1753 1752 1799 montem¹
1799 1759 1846 1800 et
1859 1774 1894 1800 25

348 1806 490 1847 moles
538 1807 751 1848 niviumm
794 1811 1092 1863 precederent
1140 1814 1186 1853 et
1233 1813 1618 1868 subsequentibus
1664 1830 1846 1870 quaqua

347 1868 534 1918 possent
567 1868 665 1908 arte
697 1867 876 1909 itineris
909 1870 1205 1923 asperitatem
1237 1871 1504 1927 levigarent.
1568 1874 1656 1915 His
1689 1875 1844 1917 ducto-

346 1923 472 1964 ribus
513 1938 617 1965 cum
658 1926 706 1966 in
738 1927 957 1969 verticem
989 1930 1188 1970 montis‘2
1218 1945 1386 1985 magna
1427 1946 1531 1973 cum
1563 1933 1843 1976 difficultate

346 1982 613 2033 evasissent,
663 1985 793 2026 nulla
840 1986 1035 2028 ulterius
1077 1990 1402 2042 progrediendi
1443 1992 1575 2046 copia
1621 1994 1738 2043 erat,
1788 2006 1842 2036 eo

345 2041 466 2092 quod
508 2055 696 2095 preceps
737 2045 906 2085 montis
948 2046 1070 2087 latus
1112 2050 1170 2097 et,
1219 2051 1273 2089 ut
1314 2049 1491 2091 dictum
1532 2053 1613 2102 est,
1656 2051 1891 2106 glacialiao

342 2098 515 2152 frigore
547 2100 777 2141 lubricum
809 2116 990 2144 omnem
1031 2106 1216 2158 penitus
1254 2108 1488 2149 decessum
1522 2123 1690 2164 negare
1720 2110 1840 2152 vide-

342 2159 471 2198 retur
485 2158 510 2198 3.
561 2159 635 2199 Ibi
660 2160 746 2199 viri
778 2161 1034 2214 periculum
1067 2177 1200 2206 omne
1232 2166 1405 2207 viribus
1437 2168 1645 2210 evincere
1677 2183 1839 2210 conan-

340 2217 424 2266 tes,
458 2231 581 2258 nunc
613 2218 824 2259 manibus
858 2222 903 2260 et
935 2221 1129 2274 pedibus
1161 2225 1400 2276 reptando,
1439 2240 1561 2267 nunc
1594 2227 1838 2268 ductorum

341 2288 526 2316 suorum
569 2277 771 2318 humeris
811 2278 1066 2330 innitendo,
1109 2281 1343 2322 interdum
1385 2297 1564 2337 quoque
1601 2285 1836 2328 titubante

340 2389 368 2419 a)
388 2396 507 2420 quoque
526 2390 552 2414 B
564 2389 605 2417 lb.
661 2390 691 2423 b)
711 2392 866 2423 quitquam
886 2393 947 2420 132.
1002 2392 1028 2426 c)
1048 2394 1243 2426 dignm-enter
1262 2394 1342 2423 Blb.
1397 2395 1428 2427 d)
1448 2396 1507 2422 defi
1525 2397 1603 2426 Bib.
1665 2398 1693 2432 e)
1712 2400 1834 2432 Hiemps
1848 2397 1883 2423 35

338 2423 424 2457 B1b;
445 2425 545 2450 Hiems
565 2426 644 2453 Blfl.
733 2428 757 2458 f)
783 2426 950 2453 descessum
969 2429 995 2453 B
1007 2430 1032 2461 1,
1061 2437 1074 2455 s
1095 2436 1180 2454 eraso
1199 2438 1274 2458 corr.
1293 2434 1318 2456 et
1337 2432 1441 2456 iterum
1467 2434 1565 2458 eadem
1584 2441 1673 2459 manu
1691 2442 1835 2466 super-scr.

339 2457 491 2485 decessum
511 2459 591 2494 Blb,
621 2464 647 2486 et
671 2463 712 2486 sic
735 2469 831 2487 omnes
855 2464 938 2494 infra
963 2464 980 2491 l,
999 2465 1043 2496 31,
1075 2468 1105 2488 ut
1130 2473 1187 2490 non
1210 2466 1294 2490 licere
1319 2470 1461 2498 appareat
1481 2467 1654 2494 descensum
1675 2471 1835 2499 emendare.

338 2495 367 2525 g)
388 2502 442 2521 om.
461 2496 558 2523 B1.2.
649 2496 680 2530 h)
700 2505 754 2525 om.
774 2498 853 2525 Blb.
938 2499 959 2531 i)
978 2500 1101 2532 imperp.
1120 2501 1180 2528 B2.
1266 2501 1297 2532 k)
1317 2502 1444 2534 idigenis
1463 2503 1490 2528 A
1502 2505 1525 2531 1.
1598 2505 1620 2536 l)
1638 2507 1753 2531 montes
1771 2505 1833 2534 ΒΞ,

338 2531 378 2560 m)
396 2530 461 2555 iuifi
479 2531 506 2554 B
517 2532 541 2558 2.

339 2612 373 2654 1)
402 2612 535 2645 Iterum
570 2614 698 2647 oblitus
730 2619 779 2648 est
802 2616 930 2659 Lamp.
956 2618 1048 2660 quod
1080 2628 1193 2660 supra
1215 2630 1253 2661 p.
1271 2620 1351 2654 282.
1378 2625 1588 2655 commentus
1621 2626 1680 2665 est,
1716 2634 1831 2666 reqem
1842 2633 1878 2658 40

331 2663 437 2701 pacto
455 2662 664 2701 promisisse
688 2663 785 2695 nihil
807 2674 842 2696 se
865 2665 959 2696 circa
984 2666 1122 2706 neyotia
1142 2666 1289 2707 publica
1314 2677 1423 2710 usque
1447 2669 1496 2700 ad
1517 2669 1720 2711 synodicam
1746 2681 1830 2704 exa-

337 2706 564 2739 minationem
597 2708 856 2750 dvsswosz'turwn
890 2721 969 2745 esse.
1083 2713 1118 2754 2)
1146 2712 1285 2747 Cinisii.
1395 2714 1431 2757 3)
1461 2715 1605 2748 Livium
1628 2716 1741 2759 XXI,
1769 2718 1827 2760 35,

322 2762 403 2794 uno
428 2753 651 2788 Hannibalis
679 2756 829 2798 Alpium
866 2759 1043 2791 transitus
1079 2759 1303 2801 describitur,
1342 2760 1404 2794 hoc
1441 2762 1511 2796 Ioco
1545 2764 1725 2796 imitatum
1760 2774 1830 2798 esse

314 2798 566 2841 *Lampertum
590 2802 786 2844 Rockrohr,
814 2804 1088 2846 ‘Forschzmyen’
1114 2805 1239 2849 XXV,
1261 2817 1301 2849 p.
1319 2808 1400 2843 574.
1427 2809 1520 2842 mihi
1542 2820 1612 2842 non
1629 2812 1824 2854 persuasit,

309 2879 315 2882 ,
334 2855 412 2877 cum
438 2847 534 2879 nihil
557 2849 632 2889 fere
655 2860 734 2882 cum
758 2850 857 2883 Livii
879 2851 992 2884 verbis·
1020 2853 1208 2885 conveniat.
1838 2866 1873 2891 45
1922 2897 1924 2900 ¹
