1968 3164
533 242 803 279 LAMPERTI
827 243 1083 279 ANNALES.
1133 243 1180 280 A.
1210 246 1314 281 1072.
1619 247 1685 281 137

178 367 378 411 Tio-saw
410 381 504 411 cum
534 366 729 409 omnibus
760 365 1027 409 eomitatibus
1057 365 1160 408 suis.
1217 366 1417 419 Sequenti
1448 371 1586 409 autem
1618 367 1686 410 die

173 425 437 471 Palmatium
474 426 723 469 Trevericae
764 425 949 469 civitatis
989 425 1200 469 consulem
1241 429 1280 468 et
1311 426 1549 479 patricium
1592 442 1682 470 cum

173 486 367 530 omnibus
397 485 582 530 eiusdem
615 485 800 529 civitatis·
822 485 1096 540 prinm'pibus
1127 484 1355 538 interfecit.
1415 485 1566 528 Tereia
1587 500 1685 528 vero

173 546 242 590 die
271 547 410 590 cedem
440 546 626 590 eoeermeit
665 546 714 588 in
736 546 858 600 plebe
888 559 1014 588 sexus
1044 545 1278 598 utriusque.
1343 546 1514 588 Horum
1546 550 1686 588 autem

141 602 426 652 martir-amb
465 619 643 660 corpora
682 605 1019 648 innumerabilia
1060 605 1109 647 in
1149 604 1288 648 saneti
1325 605 1508 648 Paulini
1548 605 1685 648 arehi-

171 665 353 721 episcopi
383 665 524 709 iacent
554 665 771 709 aecclesia.
1748 704 1779 720 „b

313 726 412 770 Rex
453 726 794 769 ascensioneme
834 725 1026 767 Domini
1058 724 1310 775 Goslariae‚
1350 704 1889 781 pentecost-end{19:2⁴²st2⁷

170 786 516 842 Magadaburg⁰
547 786 813 828 celebravit.
857 785 949 827 Ubi
971 781 1256 827 Adalbertof
1283 785 1521 828 Premensi
1542 785 1686 826 archi-

171 845 386 902 episcopo
426 846 476 887 in
517 845 882 901 quadragesima,
925 847 979 886 ut
1012 845 1273 900 predictum
1306 847 1376 887 est
1391 844 1417 895 ¹,
1461 845 1684 886 defuncto

123 925 158 950 ιο
171 919 479 948 successorem
512 905 757 947 constituit
789 905 1066 954 Liemarum‚
1106 904 1310 960 optimae
1342 904 1440 960 spei
1471 904 1684 946 iuvenem

171 967 219 1008 et
250 965 457 1007 omnium
489 965 752 1007 liberalium
785 965 956 1006 artium
985 964 1155 1019 peritia
1176 964 1416 1019 adprimeg
1440 964 1682 1018 insignem.

171 1025 247 1067 Ibi
278 1038 459 1080 quoque
483 1023 596 1067 Otto
629 1025 722 1066 dux
755 1024 1074 1066 Baioariorum
1107 1026 1212 1079 post
1243 1023 1478 1078 integrum
1511 1037 1683 1064 annum

172 1083 422 1127 deditionis
453 1098 563 1127 suae
596 1084 795 1139 gratiam
826 1083 948 1139 regis
979 1083 1156 1139 recepit
1171 1084 1198 1133 ²,
1233 1083 1343 1125 data
1372 1083 1446 1125 vel
1478 1083 1579 1138 regi
1609 1083 1683 1125 vel

170 1144 243 1186 his
283 1144 364 1199 qui
402 1143 503 1199 regi
543 1157 627 1199 pro
666 1157 720 1186 eo
762 1144 1087 1199 suggesserant
1126 1157 1219 1185 non
1258 1143 1440 1185 modica
1471 1142 1683 1198 portione

122 1223 156 1249 ιδ
169 1203 438 1259 prediorum
474 1217 675 1246 suorum.

312 1263 412 1306 Rex
442 1263 492 1304 in
513 1257 790 1305 nativitateh
817 1263 967 1304 sancti
989 1262 1150 1304 Iacobi
1167 1261 1460 1304 Wormaciae
1482 1261 1683 1303 occurrit
1698 1279 1815 1305 Inl.25.

169 1322 308 1364 matri
348 1335 458 1365 suae
490 1322 666 1378 Agneti
705 1321 990 1378 imperatrici
1029 1321 1085 1363 de
1117 1321 1433 1376 Transalpinis
1470 1321 1681 1376 partibus

168 1382 406 1434 redeunti;
447 1382 530 1424 ubi
562 1395 640 1424 sex
672 1377 779 1424 aut¹
820 1395 875 1424 eo
907 1381 1106 1436 amplius
1144 1394 1288 1422 annos
1319 1381 1411 1422 iam
1445 1381 1684 1423 demorata

169 1442 324 1484 fuerat
338 1441 366 1493 ⁸,
409 1441 494 1484 sub
535 1442 679 1483 nimia
721 1442 996 1484 austeritate
1036 1441 1181 1482 vitam
1223 1440 1484 1491 instituens,
1535 1436 1679 1482 adeok

121 1504 223 1548 mut
255 1507 546 1544 communem
586 1502 896 1543 humanarum
927 1501 1096 1542 virium
1138 1514 1398 1542 mensuram
1442 1500 1684 1542 excederet

168 1561 447 1605 ieiuniorum
478 1557 555 1604 ac¹
596 1561 861 1615 vigiliarum
893 1560 1139 1616 pacientia.
1202 1560 1494 1602 Reversionis
1526 1562 1684 1601 autem

171 1620 269 1664 eius
307 1621 357 1663 in
391 1619 594 1664 Galliam
634 1621 749 1663 haec
791 1634 930 1662 causa
963 1622 1076 1662 erat.
1139 1619 1371 1661 Rfidolfus
1382 1623 1413 1642 ¹¹¹
1446 1619 1538 1660 dux
1577 1618 1683 1660 Sue-

168 1681 272 1724 viae
318 1681 376 1724 ab
423 1681 496 1723 his
537 1681 617 1735 qui
665 1681 706 1722 ei
754 1680 874 1722 male
917 1679 1180 1721 consultum
1230 1678 1508 1733 cupiebant¹¹
1555 1692 1683 1720 accu-

171 1742 299 1783 satus
345 1741 470 1797 apud
516 1753 674 1795 regem
715 1740 891 1790 fuerat,
935 1739 1060 1793 quod
1099 1738 1311 1793 iniquum
1359 1737 1536 1792 aliquid
1582 1751 1682 1780 con-

24 1839 25 1842 ,
122 1815 158 1842 25
170 1802 244 1842 tra
279 1814 436 1856 regem
474 1801 726 1854 contraque
768 1812 865 1841 rem
902 1798 1137 1854 publicam
1170 1794 1450 1846 *moliretum
1494 1799 1684 1852 propter

23 1861 35 1870 ““
64 1854 157 1881 '¹⁹¹‘
170 1860 294 1915 quod
326 1859 522 1902 assiduis
554 1858 866 1913 legationibus
898 1858 957 1899 ad
991 1858 1159 1899 curtim
1190 1857 1378 1911 regiam,
1411 1859 1465 1898 ut
1498 1870 1682 1898 causam

171 1919 358 1970 diceret,
398 1918 752 1961 accersiebatur.
817 1917 907 1959 Sed
939 1917 1031 1966 ille,
1075 1917 1186 1959 licet
1218 1917 1275 1958 ab
1309 1916 1448 1971 culpa
1478 1917 1683 1958 remotis-

172 1978 338 2020 simum
385 1991 434 2020 se
481 1977 637 2028 sciret,
688 1977 966 2019 conterritus
1019 1979 1204 2018 tamen⁰
1259 1976 1388 2018 ducis
1441 1975 1683 2018 Baioariae

173 2037 359 2080 Ottonis
405 2037 582 2080 recenti
629 2036 840 2092 exemplo
881 2039 928 2079 et
970 2036 1165 2078 aliorum
1213 2036 1522 2090 quorundam,
1569 2049 1683 2090 quos

124 2111 252 2142 sorex
294 2097 575 2153 precipitata
621 2097 854 2139 sententia
900 2096 1072 2150 absque
1121 2095 1404 2137 discussione
1451 2095 1685 2149 legittima

173 2157 518 2206 damnaveratl',
541 2157 717 2198 temere
738 2156 788 2197 in
806 2155 1063 2211 periculum
1086 2168 1133 2197 se
1151 2156 1260 2197 dare
1282 2154 1474 2197 nolebat
1488 2155 1515 2194 ⁴.
1552 2154 1683 2197 Cum-

171 2229 260 2271 que
292 2218 413 2259 esset
443 2215 728 2271 imperatrici
769 2215 827 2257 ob
859 2217 994 2258 vetus
1035 2215 1252 2257 meritum
1294 2228 1427 2256 suum
1465 2214 1683 2269 acceptis-

171 2276 326 2327 simus,
358 2275 707 2332 propinquitate
740 2275 880 2318 etiam
903 2275 1146 2317 devinctus
1178 2277 1369 2329 propter
1400 2273 1544 2315 filiam
1570 2274 1681 2323 eius,

171 2339 315 2390 quaeq
344 2335 399 2387 ei,
433 2337 488 2377 ut
515 2335 776 2391 predictum
806 2337 876 2377 est
890 2334 917 2383 ὖ,
951 2337 1186 2390 nupserat,
1221 2334 1301 2376 sed
1333 2333 1485 2374 iutra‘
1512 2346 1683 2388 paucos

125 2443 159 2471 35
171 2438 201 2471 a)
219 2440 261 2465 010
279 2439 309 2465 λ.
323 2439 344 2466 1.
366 2446 463 2465 omues
476 2442 599 2471 practer
618 2440 682 2466 ΔΞ.
774 2438 805 2469 b)
828 2442 993 2471 martyrum
1012 2439 1038 2464 A
1052 2439 1065 2463 1
1086 2438 1231 2472 (semper).
1252 2438 1320 2462 131·
1341 2438 1381 2469 (Ιι.
1397 2438 1441 2469 1.).
1535 2438 1562 2469 c)
1581 2444 1683 2462 ascen-

172 2475 245 2502 dens
265 2475 301 2501 de
320 2475 459 2502 Goslaria
477 2475 557 2501 31⁸.
638 2475 669 2508 d)
688 2474 828 2507 pentheo.
849 2474 913 2499 ΒΞ.
994 2474 1022 2507 e)
1042 2474 1249 2506 Magadeburg
1268 2474 1331 2499 ΒΣ.
1408 2472 1430 2505 f)
1450 2472 1557 2498 Adelb.
1580 2473 1604 2496 B
1616 2474 1639 2497 1.
1656 2472 1682 2496 ².

171 2510 204 2544 g)
222 2517 309 2544 appr.
328 2511 409 2537 Bia.
424 2511 451 2536 2.
526 2511 558 2543 h)
577 2509 631 2537 na't
650 2511 736 2543 B1⁸5
757 2510 888 2536 natalem
908 2510 933 2535 A
947 2511 972 2535 1.
1060 2510 1080 2542 i)
1100 2513 1128 2534 et
1148 2510 1227 2534 131⁸.
1316 2508 1346 2538 k)
1368 2516 1427 2534 om.
1446 2509 1472 2533 B
1485 2507 1527 2533 1¹¹.
1615 2508 1634 2537 l)
1655 2511 1684 2533 et

171 2545 235 2572 ΒΞ.
337 2545 378 2579 m)
403 2546 550 2573 Rudoxfus
570 2547 635 2573 Al.
655 2547 737 2579 31⁸3
771 2544 926 2571 Rudolffus
946 2546 1008 2571 132.
1102 2545 1132 2577 n)
1158 2545 1297 2576 cupiebat
1318 2546 1343 2570 A
1358 2547 1382 2570 ι.
1474 2544 1503 2569 ο)
1525 2547 1583 2568 tum
1603 2543 1682 2567 131⁸.

172 2583 204 2614 p)
222 2580 383 2615 dampnav.
403 2582 454 2608 Bl
475 2582 504 2608 h.
525 2583 546 2608 l.
566 2582 594 2608 2.
669 2581 699 2615 q)
719 2582 778 2614 qui
797 2580 878 2607 Blb.
955 2583 980 2613 r)
999 2582 1078 2607 inter
1097 2580 1179 2606 Blb.

124 2654 210 2697 401)
234 2652 277 2689 P.
298 2654 378 2690 134.
475 2655 512 2694 2)
540 2653 596 2696 Cf.
621 2654 719 2689 Arm.
748 2653 942 2694 Ottenhur„
969 2652 1036 2688 SS.
1058 2653 1096 2693 Γ,
1120 2664 1155 2696 p.
1176 2653 1210 2687 7.
1309 2654 1345 2693 3)
1373 2651 1416 2685 A.
1440 2652 1539 2685 1063.
1564 2651 1685 2693 primo

173 2701 213 2734 in
237 2700 386 2735 Italiam
421 2704 617 2743 secesserat,
654 2701 714 2735 sed
738 2702 812 2734 iam
840 2702 978 2734 ineunte
1003 2712 1038 2735 a.
1059 2701 1161 2735 1064.
1190 2701 1227 2732 in
1257 2699 1487 2732 Germaniam
1515 2697 1684 2732 redierat.

174 2747 314 2782 Dehinc
346 2753 478 2783 amate
511 2760 545 2784 a.
574 2749 679 2785 1065.
716 2749 845 2782 iterum
871 2748 1020 2781 Romam
1047 2747 1148 2782 abiit.
1199 2748 1334 2790 Septem
1360 2746 1470 2778 annis
1496 2746 1610 2787 iyitm·
1636 2744 1687 2777 ibe?

173 2799 316 2830 morata
337 2801 439 2837 wan·
462 2796 510 2839 cf.
530 2796 652 2839 Meyer
668 2807 699 2830 v.
712 2796 871 2830 Kmmau
890 2795 920 2835 I,
935 2807 972 2839 p.
986 2796 1069 2837 321,
1089 2806 1125 2830 n.
1140 2796 1197 2829 31.
1217 2796 1273 2829 32.
1295 2805 1333 2837 p.
1352 2794 1433 2828 369.
1451 2794 1534 2833 461,
1553 2804 1587 2827 η.
1605 2794 1684 2827 123.

173 2843 211 2887 4)
245 2843 366 2887 Neque
401 2843 481 2878 Otto
514 2854 622 2888 noque
655 2844 814 2877 alim-um
849 2844 1056 2887 quisquam,
1091 2852 1188 2885 quem
1229 2842 1300 2884 ipse
1337 2841 1463 2884 Lamp.
1500 2841 1686 2873 nominare

126 2891 328 2934 wnescioit,
364 2891 440 2926 sine
466 2891 640 2933 legittima
674 2891 890 2925 discussione
915 2891 1112 2924 damnatus
1136 2893 1196 2928 est,
1233 2899 1292 2922 nec
1320 2887 1501 2930 liudolfus
1527 2889 1563 2920 in
1590 2888 1686 2931 peri-

174 2938 294 2971 culum
319 2949 354 2972 se
369 2938 530 2980 dedisset,
556 2939 590 2972 si
613 2939 754 2972 curiam
779 2938 937 2972 adiisset.
984 2938 1074 2970 Vera
1093 2936 1279 2969 annalista
1299 2935 1508 2969 Altahensae‘s
1530 2947 1563 2970 a.
1583 2937 1685 2970 1072.

175 2983 242 3018 hac
265 2985 308 3020 de
331 2996 371 3020 re
394 2985 528 3021 scribit.
627 2987 663 3028 5)
691 2986 735 3019 A.
755 2986 859 3026 1058,
885 2996 998 3029 supra
1023 2996 1060 3028 p.
1080 2986 1136 3019 73.
