2014 3184
384 224 454 258 300
753 223 1020 259 LAMPERTI
1044 225 1296 262 ANNALES.
1345 226 1393 262 A.
1421 229 1524 264 1077.

268 343 368 376 1077-
385 345 430 384 et
468 343 580 385 illuc
614 344 655 386 ei
693 345 930 396 alimenta,
975 347 1140 400 quibus
1173 349 1399 390 exercitus
1438 351 1789 402 sustentaretur,
1833 353 1880 394 et

259 389 370 421 (mm)
382 402 482 456 ipsa
521 404 701 445 modica
733 407 779 446 et
811 405 886 445 vix
923 406 1245 449 necessitatem
1287 409 1444 462 pocius
1476 422 1611 463 quam
1653 410 1880 465 regalium
2006 413 2014 467 ξ

383 462 623 516 epularum
672 463 859 504 solitum
907 465 1196 519 splendorem
1239 467 1472 522 copiamve
1520 468 1771 523 explentia,
1819 483 1878 512 ne
2007 469 2014 474 ”

381 521 653 563 manifestae
678 523 951 564 defectionis
983 524 1227 567 immature
1260 527 1391 581 argui
1419 529 1618 581 possent,
1652 528 1878 570 ministra-

381 579 505 629 bant,
541 581 751 634 apposito
784 582 977 636 singulis
1009 583 1057 623 in
1090 584 1201 626 locis
1234 585 1445 639 presidio,
1479 588 1533 627 ut
1565 587 1729 641 predas
1754 587 1909 631 fortes

380 639 436 679 de
478 639 598 692 agris
630 640 703 681 vel
735 641 857 682 villis
899 656 1034 696 agere
1065 644 1272 686 volentes
1314 647 1491 686 armata
1532 660 1672 687 manu
1703 660 1876 690 coerce-
2007 655 2014 695 ς

378 700 550 739 rentur.
2006 701 2014 760 ς’

521 757 725 798 Territus
757 772 835 800 rex
867 759 1055 801 insolita
1087 775 1239 802 rerum
1270 762 1389 803 facie
1426 776 1616 817 seroque
1649 764 1873 818 penitens,
2004 763 2014 794 ‘¹²

378 816 499 869 quod
531 816 795 870 incognitae
837 819 988 871 gentis
1026 819 1292 874 inexpertae
1325 821 1451 875 prius
1483 822 1592 863 fidei
1622 824 1795 866 temere
1827 837 1875 866 se
2003 800 2014 879 i

378 875 646 916 credidisset
679 878 726 917 et
748 876 1040 919 Teutonicisa
1075 879 1243 920 finibus
1276 881 1537 922 excedendo
1570 881 1750 924 hostem
1781 897 1924 927 mu-1o
2010 882 2014 910 '²

376 935 537 983 tasset,
582 949 674 975 non
716 936 951 985 evasisset,
999 938 1127 991 gravi
1168 938 1481 982 sollicitudine
1523 942 1570 982 et
1610 943 1738 982 metu
1778 955 1874 996 per·
1999 919 2014 1010 J

375 993 639 1045 urgebatur,
680 1008 763 1036 nec
796 995 944 1036 ullum
977 1010 1170 1050 usquam
1203 997 1426 1052 effugium
1458 999 1741 1051 inveniebat,
1783 1001 1874 1042 nisi
2007 1014 2014 1017 ·

374 1051 422 1091 in
454 1053 806 1095 reconciliandis
828 1055 964 1105 forte,
1000 1056 1149 1109 siqua
1176 1057 1356 1099 ratione
1388 1059 1555 1139 posset,
1589 1072 1702 1112 quos
1733 1059 1873 1102 offen-

376 1111 518 1161 derat,
555 1112 781 1153 Italorum
815 1114 991 1155 animis.
1045 1115 1192 1156 Ratus
1223 1116 1380 1170 itaque
1436 1117 1574 1158 huius
1595 1117 1663 1159 rei
1683 1117 1871 1160 unicum

374 1170 460 1211 hoc
501 1184 596 1212 esse
639 1172 907 1225 presidium,
950 1175 1003 1214 ut
1045 1174 1212 1215 initum
1246 1189 1349 1216 cum
1381 1176 1615 1218 Romano⁰
1653 1177 1872 1231 pontifice
1885 1196 1920 1222 ιτ,

371 1229 506 1270 fedus
539 1230 832 1285 abrumperet
864 1234 910 1273 et
941 1233 1049 1274 inde
1070 1235 1650 1292 reparandaeoconcordiae
1679 1235 1871 1278 inicium

372 1288 559 1337 faceret,
594 1290 716 1331 unde
748 1290 903 1332 fuerat
935 1293 1038 1332 orta
1070 1292 1309 1343 discordia,
1345 1290 1644 1335 Udalricum‘¹
1681 1295 1737 1336 de
1766 1294 1869 1337 Cos-

372 1347 525 1387 heiml
558 1350 604 1389 et
643 1350 864 1399 caeteros,
909 1364 1021 1403 quos
1061 1351 1141 1392 ille
1182 1352 1477 1394 severissimo.
1505 1353 1801 1396 anathemate
1841 1368 1870 1396 a

371 1406 673 1448 contubernio
697 1408 793 1448 eius
827 1412 1072 1459 amoverat,
1106 1410 1155 1450 in
1177 1410 1423 1464 pristinum
1455 1411 1632 1465 gratiae
1665 1414 1711 1454 et
1738 1412 1868 1455 fami-

369 1463 586 1505 liaritatis
628 1479 735 1507 suae
777 1467 971 1520 gradum
1011 1469 1244 1510 revocavit
1276 1471 1322 1511 et
1364 1484 1468 1511 cum
1509 1470 1574 1511 eis
1616 1471 1768 1513 denuo
1809 1471 1916 1518 dem

369 1523 573 1576 privatis,
617 1525 673 1566 de
706 1525 903 1579 publicis
936 1527 1137 1581 negociis
1170 1529 1376 1579 eademe,
1420 1543 1510 1583 qua
1552 1533 1863 1582 consueverat,

369 1581 692 1636 singularitate
725 1598 777 1625 ac
810 1585 1051 1639 privilegio
1075 1586 1266 1627 consilia
1288 1588 1570 1629 conferebat.
1617 1588 1734 1630 Tum
1760 1589 1865 1631 assi-

369 1641 457 1682 due
498 1642 547 1681 in
580 1645 810 1684 conventu
848 1644 1109 1699 principum
1148 1646 1478 1688 criminabatur
1510 1649 1557 1688 et
1589 1647 1865 1690 detrahebat

366 1699 599 1741 Roman00
648 1702 874 1755 pontifici,
925 1704 1046 1757 quod
1087 1704 1185 1758 ipse
1227 1719 1408 1748 omnem
1452 1706 1593 1757 hunc,
1643 1707 1722 1760 qui
1767 1721 1864 1749 rem

366 1759 597 1812 publicam
633 1762 954 1813 concussisset,
997 1765 1188 1805 ventum
1227 1765 1427 1806 turbinis
1465 1766 1512 1807 et
1544 1766 1911 1813 commotionis-¹25

366 1818 654 1861 saevissimae
687 1821 937 1874 procellam
970 1822 1063 1863 suis
1095 1823 1516 1866 machinationibus
1539 1820 1860 1876 concitassetf,

348 1876 461 1930 ipse
501 1878 723 1928 omnium,
769 1893 884 1933 quae
925 1880 1237 1928 inaecclesia
1267 1882 1386 1924 Deig
1426 1883 1602 1925 recenti
1642 1884 1889 1935 memoria,

364 1949 493 1976 secus
536 1937 829 1989 accidissent,
873 1942 1035 1981 auctor
1073 1940 1374 1995 incentorque
1417 1942 1667 1992 extitisset3
1710 1943 1863 1984 horta-1

365 1994 591 2048 baturque
639 2010 794 2038 omnes
841 1997 889 2038 in
937 2012 1196 2049 commune,
1251 2002 1304 2041 ut
1352 2014 1433 2042 suo
1481 2001 1626 2042 ductu
1676 2001 1860 2056 suisque

363 2053 577 2106 auspiciis
620 2056 857 2095 tantarum
899 2057 955 2097 ab
990 2071 1042 2098 eo
1082 2058 1356 2100 iniuriarum
1387 2059 1640 2100 vindictam
1681 2062 1908 2114 expete-⁸0

361 2113 477 2151 rent.
542 2108 691 2153 Dein¹¹
729 2114 1020 2156 condiciones
1062 2130 1218 2158 omnes
1257 2119 1303 2158 et
1344 2118 1558 2160 universa
1589 2118 1858 2161 ecclesiasti·

362 2183 518 2210 carum
550 2171 706 2225 legum
727 2172 924 2222 vincula,
959 2174 1124 2226 quibus
1155 2175 1236 2216 ille
1269 2172 1396 2216 eumi
1429 2177 1683 2230 apostolica
1705 2180 1858 2219 aucto-

359 2228 498 2270 ritate
550 2230 599 2269 in
646 2230 842 2272 salutem
890 2232 1216 2282 obstrinxerat,
1273 2235 1574 2288 contemptim
1620 2237 1856 2289 tamquam

360 2301 630 2329 aranearum
670 2289 787 2330 telas
830 2290 1004 2344 dirupit
1019 2291 1045 2341 ²,
1095 2291 1377 2345 abiectisque
1424 2293 1635 2334 omnibus
1676 2294 1855 2336 timoris

359 2346 447 2388 Dei
487 2347 700 2398 habenis,
743 2349 792 2388 in
830 2363 967 2392 omne
1006 2350 1127 2403 quod
1167 2350 1346 2391 animus
1388 2352 1688 2405 suggessisset
1727 2353 1903 2398 effre-³⁵.

358 2407 470 2446 nata
502 2406 719 2448 libertate
750 2407 989 2449 ferebatur
1003 2408 1030 2448 3.
1079 2408 1166 2449 His
1198 2409 1425 2463 paulatim
1457 2410 1592 2452 rebus
1625 2411 1854 2453 Italorum

356 2506 386 2539 a)
406 2508 552 2535 Theutou.
572 2509 633 2536 132.
706 2510 735 2540 b)
755 2510 907 2542 Ratusque
926 2518 1001 2538 corr.
1020 2511 1112 2536 Ratus
1132 2512 1232 2542 itaque
1251 2512 1277 2535 Β
1289 2511 1331 2538 lb.
1417 2511 1444 2544 c)
1463 2513 1607 2538 rhomano
1626 2512 1708 2545 Blb,
1728 2516 1760 2538 ut
1779 2514 1854 2539 altor

356 2543 498 2568 librarius
516 2551 627 2576 semper
645 2545 707 2575 fere
725 2546 811 2570 etiam
830 2546 861 2570 in
880 2546 954 2573 Ann.
975 2546 1002 2572 S.
1022 2546 1102 2570 Petri
1120 2546 1255 2578 Erphesf'.
1275 2547 1360 2572 huius
1379 2548 1485 2572 codicis
1502 2548 1627 2580 scripsit.
1699 2547 1730 2581 d)
1749 2547 1854 2577 udalr-2·

356 2580 382 2602 A
394 2580 417 2605 1.
437 2579 463 2602 B
475 2580 498 2606 1.
572 2579 600 2612 e)
619 2581 722 2606 eamd&
741 2580 820 2608 Blb.
894 2582 919 2614 f)
938 2581 1136 2606 concitassent
1155 2581 1234 2608 Blb.
1306 2582 1338 2614 g)
1358 2583 1437 2607 omni
1456 2583 1482 2608 A
1494 2584 1517 2610 1.
1585 2583 1617 2617 h)
1636 2582 1753 2609 Deinde
1771 2583 1851 2612 131⁵.

355 2614 376 2644 i)
395 2621 462 2638 cum
480 2615 506 2638 A
522 2616 545 2641 1.
1863 2624 1901 2650 40

357 2686 390 2726 1)
418 2684 473 2726 Cf.
500 2696 615 2728 supra
634 2697 674 2728 p.
693 2687 774 2727 294,
799 2697 835 2721 n.
854 2689 887 2722 2.
989 2687 1025 2730 2)
1050 2687 1104 2728 Cf.
1131 2698 1245 2730 supra
1264 2698 1304 2730 p.
1324 2689 1404 2730 196,
1431 2699 1466 2724 π.
1484 2691 1518 2724 2.
1628 2690 1664 2734 3)
1699 2689 1786 2723 odio
1809 2701 1851 2724 av

353 2731 482 2771 furore
498 2732 686 2775 Lamperti
708 2738 908 2775 suyqestum
933 2738 981 2767 est
1005 2734 1068 2767 hoc
1084 2734 1225 2768 dictum.
1268 2735 1350 2767 Non
1373 2746 1463 2777 quae
1486 2747 1525 2770 re.
1549 2747 1632 2770 vera
1655 2740 1738 2770 tunc
1752 2740 1851 2780 qesta
1899 2752 1902 2754 ·

353 2782 447 2819 sunt,
474 2789 564 2821 quae
585 2780 675 2812 male
696 2785 873 2822 comperta
894 2781 1019 2814 habuit
1053 2781 1112 2814 sed
1133 2782 1225 2813 talia
1247 2784 1408 2824 exposuit
1430 2783 1571 2826 Lamp„
1596 2787 1636 2816 ut
1661 2785 1851 2818 ostenderet

352 2835 477 2866 reyem,
513 2836 591 2858 cum
626 2828 882 2860 iusiurandum
918 2828 1070 2861 Canusii
1101 2828 1224 2860 datum
1253 2838 1325 2861 ‘non
1348 2831 1563 2872 servavisset,
1596 2832 1676 2864 iure
1699 2841 1848 2874 reynum

352 2873 522 2907 amisisse.
563 2873 619 2914 Cf.
637 2884 752 2917 supra
771 2885 811 2916 p.
828 2876 907 2916 140,
932 2875 954 2909 l.
970 2876 1026 2910 22.
1053 2876 1133 2916 239,
1152 2875 1173 2910 l.
1190 2876 1222 2910 1.
1248 2877 1329 2918 246,
1349 2876 1370 2911 l.
1385 2878 1441 2912 28.
1468 2878 1549 2919 258,
1573 2877 1594 2912 l.
1609 2879 1642 2912 3.
1667 2879 1750 2920 271,
1775 2878 1798 2912 l.
1814 2879 1845 2912 7.
1859 2887 1896 2912 45
