2014 3184
613 271 777 310 INDEX
802 265 1155 307 LOOU'PIONUM.

134 403 302 494 stgzique
318 394 644 433 solitudinem
662 389 863 437 redegisset

137 452 156 488 1
231 459 259 484 1.

182 495 359 533 adversus
397 488 670 536 imperatricem
710 484 864 531 popula-

134 544 234 581 rium
267 541 408 578 animos
441 535 728 573 sollicitare
764 534 864 576 80‚1.

137 613 184 619 -
210 589 258 627 ad
281 585 531 624 sollicitandos
562 583 703 619 animos
733 578 867 626 princi-

137 651 228 687 pum
267 639 351 682 213,
374 648 401 672 1.
445 653 488 660 —-
531 631 672 667 animos
711 628 869 663 fratrum

139 685 361 724 sollicitabat
385 685 467 726 323,
481 692 527 718 20.
555 699 596 705 —-
623 689 671 713 ne
688 676 783 712 forte
803 685 870 720 per

141 746 227 772 eum
253 761 261 771 .
288 758 297 768 .
325 758 351 776 .,
377 733 419 766 ut
443 741 465 764 a
488 737 604 774 regno
631 755 639 762 .
667 753 676 762 .
703 750 712 760 .
738 722 869 758 defice·

141 785 237 827 rent,
261 779 547 816 sollicitarentur
572 776 630 819 64,
645 785 690 810 20.

197 1112 407 1158 Thuringos
442 1109 489 1146 ad
514 1107 727 1144 societatem
759 1114 878 1139 armo-

149 1174 234 1200 rmn
258 1157 578 1197 sollicitabat
605 1157 726 1198 107,1.

199 1209 325 1246 multis
358 1205 528 1253 precibus
561 1201 777 1248 magnisque
802 1198 880 1244 pol-

153 1255 414 1295 licitationibus
448 1253 495 1288 ab
529 1263 572 1287 eo
608 1245 882 1285 sollicitati

154 1316 279 1342 sumus
315 1305 395 1347 166,
419 1313 464 1339 so.
502 1320 544 1326 -
581 1298 628 1333 ad
661 1294 882 1331 interficien-

155 1354 244 1391 dum
269 1363 355 1389 eum
379 1349 484 1385 donis
517 1358 559 1382 ac
582 1341 884 1392 promissionibus

156 1401 398 1438 sollicitant-ur
421 1399 504 1441 247,
518 1407 564 1432 20.

205 1449 268 1495 qui
301 1449 430 1483 contra
460 1441 692 1480 excursiones
724 1437 886 1473 hostium

160 1526 168 1535 .
188 1525 197 1535 .
216 1525 224 1533 .
249 1494 384 1532 intenti
408 1489 705 1533 sollicitique
730 1485 885 1521 excuba-

159 1546 243 1581 rent
268 1545 405 1586 171,so.
434 1560 476 1566 -
503 1534 785 1574 consuetudines
812 1561 820 1568 .
845 1560 853 1568 .
879 1559 886 1567 .

160 1593 213 1628 ita
241 1592 403 1626 attentus
437 1586 687 1628 sollicitusque
721 1580 891 1616 servabat

161 1642 245 1684 245,
256 1650 302 1675 ao.
322 1657 364 1663 —-
382 1634 533 1671 intentis
559 1630 795 1673 sollicitisque
813 1638 889 1662 om-

162 1688 271 1723 nibus
294 1687 419 1728 281,1.
457 1702 498 1708 —
527 1678 722 1726 oportebat
746 1679 783 1711 te
810 1703 818 1711 .
846 1700 854 1709 .
883 1701 891 1709 .

164 1736 306 1770 attento
353 1742 395 1766 ac
441 1728 599 1764 sollicito
646 1725 767 1760 animo
814 1732 892 1757 esse

165 1785 247 1826 315,
268 1791 313 1817 15.

214 1828 274 1864 cui
290 1825 456 1862 homines
474 1821 738 1858 sorderent
758 1819 893 1861 199,15.

216 1923 263 1959 ad
287 1931 463 1966 magnum
489 1917 684 1953 discrimen
718 1923 896 1959 pugnam-

170 1983 243 2018 que
260 1969 456 2014 ancipitem
474 1977 532 2001 res
556 1977 572 2000 s
583 1976 606 2010 p
617 1975 637 1999 e
648 1966 781 1998 ctare
798 1959 896 1995 vide-

169 2021 279 2055 batur
306 2019 386 2061 186,
400 2027 445 2053 30.
483 2034 524 2040 -
561 2011 643 2047 Iam
676 2010 714 2045 in
740 2020 784 2044 eo
809 2009 898 2050 erat,

171 2071 214 2103 ut
254 2065 301 2101 ad
337 2064 412 2099 vim
458 2069 706 2107 magnumque
753 2054 899 2100 aliquod

171 2114 311 2151 malum
344 2110 464 2156 iurgia
498 2110 662 2154 spectare
686 2104 901 2140 viderentur

172 2164 256 2206 228,
267 2172 314 2198 so.
334 2179 375 2186 -
395 2158 548 2202 Iamque
566 2159 721 2198 utraque
738 2163 783 2187 ex
796 2152 901 2196 parte

175 2210 222 2246 ad
241 2218 416 2254 magnum
434 2204 630 2240 discrimen
654 2212 712 2236 res
737 2201 902 2245 spectare

174 2257 370 2293 videbatur
391 2255 474 2298 280,
487 2263 533 2289 ao.
559 2271 605 2277 —
631 2252 673 2284 ut
689 2260 735 2284 ex
752 2245 903 2282 occultis

177 2302 464 2341 detractionibus
501 2298 548 2334 ad
586 2324 594 2333 .
628 2326 636 2334 .
670 2325 677 2333 .
716 2294 904 2341 publicum

177 2353 315 2388 bellum
329 2361 388 2386 res
397 2351 563 2395 spectare
573 2345 761 2381 videretur
766 2344 849 2386 327,
858 2352 904 2377 20.

226 2399 272 2435 ad
298 2407 455 2444 quorum
480 2393 656 2430 iudicium
682 2402 725 2427 ea
749 2401 808 2425 res
842 2399 905 2433 po-

178 2447 359 2484 tissimum
397 2443 652 2490 spectaret
690 2440 770 2480 182,
796 2450 822 2473 1.
862 2456 903 2461 —

180 2507 264 2531 cum
302 2493 349 2529 ad
379 2503 464 2528 eum
500 2516 508 2525 .
541 2518 549 2526 .
581 2517 588 2525 .
628 2485 835 2533 specialiter
872 2486 909 2517 et

181 2542 300 2589 gloria
324 2544 362 2576 et
386 2538 571 2575 calamitas
598 2565 605 2572 .
634 2561 642 2570 .
669 2563 677 2571 .
713 2531 909 2568 aecclesiae

183 2591 366 2636 spectaret
398 2589 480 2630 321,
503 2597 548 2622 20.
584 2603 628 2609 -
664 2592 736 2626 quo
768 2578 910 2625 potissi-

184 2649 286 2672 mum
318 2636 499 2681 spectaret
528 2632 599 2666 hoc
625 2630 761 2664 factum
787 2628 869 2668 223,
884 2637 910 2660 1.

233 2684 289 2719 vir
314 2711 322 2719 .
342 2711 350 2719 .
371 2710 378 2718 .
405 2682 658 2726 spectatae
684 2675 805 2720 sepius
828 2683 911 2717 pro-

186 2731 311 2767 bitatis
338 2732 418 2773 187,
433 2740 458 2764 1.

236 2781 278 2813 'ut
303 2780 482 2823 optamus,
507 2778 549 2809 ut
574 2779 843 2817 speramus,
874 2769 915 2800 ut

190 2825 389 2862 certissime
414 2821 643 2864 confidimus,
668 2815 831 2853 caelestis
854 2825 915 2848 cu-

190 2874 267 2908 riae
300 2871 527 2908 senatoribus
565 2870 620 2903 est
656 2864 916 2900 annumeratus

192 2923 274 2966 335,
296 2931 342 2956 20.
376 2939 418 2944 -
455 2920 496 2952 ut
521 2924 707 2961 speramus
735 2939 742 2947 .
771 2938 778 2946 .
806 2935 835 2953 .,
872 2907 918 2942 ad

1564 260 1635 295 477

962 482 1041 517 Liv.
1067 479 1175 522 XXI,
1200 480 1258 515 48.
1289 475 1336 511 ad
1360 473 1642 510 sollicitan-

915 529 1000 565 dos
1024 526 1258 573 popularium
1283 523 1443 565 animos,
1474 521 1506 564 I,
1531 523 1590 563 30,
1610 522 1644 555 7.

917 575 1119 612 sollicitatis
1154 573 1200 608 ad
1225 571 1470 607 defectionem
1495 566 1644 609 animis3

917 624 1031 667 XXI,
1062 625 1116 660 19.
1152 632 1199 656 ne
1233 619 1321 655 socii
1357 646 1364 654 .
1396 645 1404 653 .
1433 643 1441 651 .
1477 614 1645 650 sollicita-

919 674 1048 708 rentur
1073 669 1119 705 ad
1142 667 1404 709 defectionem3
1429 666 1488 701 22.
1513 662 1560 697 ad
1577 662 1647 696 sol-

919 717 1114 755 licitandos
1147 715 1355 762 principum
1390 711 1551 753 animos3
1589 711 1646 746 45.

920 767 1203 813 principumque
1237 762 1378 798 animos
1403 759 1451 794 ad
1475 757 1648 793 defectio-

922 827 1008 850 nem
1021 813 1236 856 sollicitare;
1262 809 1423 851 XXXV,
1438 809 1495 844 29.
1514 806 1544 840 si
1561 815 1650 849 quo-

922 874 1006 898 rum
1041 860 1154 897 animi
1187 857 1375 894 sollicitari
1405 854 1452 890 ad
1478 852 1651 888 defectio-

924 923 1010 946 nem
1036 938 1044 946 .
1073 936 1080 943 .
1107 937 1116 946 .
1142 909 1302 953 possent,
1326 910 1386 940 etc.
1414 923 1456 928 —
1485 902 1555 936 Cic.
1575 901 1652 936 cca.

925 959 994 1002 IV,
1019 959 1054 1000 8,
1075 959 1130 993 17.
1161 954 1280 1001 pretio
1308 981 1315 989 .
1344 981 1351 988 .
1382 980 1389 987 .
1424 960 1530 996 posse
1556 947 1652 983 solli-

927 1005 1032 1042 citari
1058 1004 1209 1039 animos.
1237 1021 1279 1027 ——
1304 1001 1434 1035 lustin.
1448 997 1556 1039 XXI,
1572 998 1603 1039 1,
1620 997 1653 1032 5.

928 1053 1092 1090 omnium
1118 1051 1258 1086 animos
1283 1046 1463 1083 sollicitat.

976 1102 1106 1136 lustin.
1132 1097 1300 1139 XXXII,
1326 1098 1361 1139 4,
1383 1097 1414 1131 1.
1441 1103 1566 1128 omnes
1591 1090 1656 1125 has

929 1152 1057 1195 gentes
1084 1176 1091 1184 .
1111 1175 1119 1183 .
1140 1176 1146 1183 .
1173 1146 1211 1180 in
1229 1144 1442 1179 societatem
1458 1139 1547 1174 belli
1564 1138 1656 1173 sol-

930 1195 1176 1232 licitabat.

984 1436 1062 1470 Ia'v.
1092 1433 1199 1475 XXI,
1225 1433 1283 1468 53.
1322 1426 1578 1464 sollicitus
1610 1423 1662 1458 in-

935 1486 1132 1526 tentusque
1158 1482 1246 1515 erat.

992 1816 1070 1850 Liv.
1084 1813 1152 1855 IV,
1166 1812 1291 1854 25,11.
1310 1808 1401 1843 adeo
1419 1817 1456 1841 se
1474 1805 1546 1840 suis
1561 1803 1671 1838 etiam

946 1862 1159 1899 sordere.

993 1911 1072 1946 Liv.
1098 1909 1130 1952 I,
1155 1910 1190 1951 9,
1209 1909 1243 1944 6.
1268 1903 1368 1939 haud
1393 1900 1502 1936 dubie
1528 1898 1574 1933 ad
1598 1897 1673 1932 vim

947 1961 1174 2004 spectare
1209 1964 1267 1988 res
1292 1951 1433 1996 coepit3
1468 1948 1526 1990 II,
1557 1949 1611 1988 18,
1639 1948 1672 1980 3.

947 2017 1061 2052 parva
1079 2015 1124 2039 ex
1140 2014 1181 2038 re
1199 2001 1245 2036 ad
1257 1998 1493 2035 rebellionem
1510 1998 1675 2039 spectare

948 2065 1006 2088 res
1031 2051 1246 2093 videbatur,
1271 2046 1414 2089 XXIV,
1435 2047 1468 2080 6.
1493 2041 1592 2077 haud
1611 2039 1676 2074 du-

949 2101 1009 2136 bie
1035 2099 1081 2135 ad
1106 2096 1351 2133 defectionem
1376 2104 1434 2127 res
1469 2089 1676 2136 spectabat3

950 2148 1074 2191 XXV,
1101 2149 1134 2183 3.
1170 2155 1293 2180 nonne
1327 2139 1457 2176 videtis
1484 2164 1492 2173 .
1521 2166 1528 2173 .
1557 2165 1563 2172 .
1600 2146 1678 2169 rem

952 2196 999 2232 ad
1023 2194 1240 2231 seditionem
1266 2191 1441 2235 spectare.
1463 2206 1504 2211 --
1526 2185 1582 2227 Cf.
1601 2193 1677 2227 par.

1010 2669 1087 2703 Liv.
1115 2666 1172 2708 II,
1201 2666 1256 2706 18,
1276 2665 1308 2699 7.
1333 2665 1362 2694 et
1390 2660 1519 2693 lustin.
1548 2656 1626 2697 III,
1654 2656 1688 2695 6,

966 2719 1019 2753 12.
1046 2715 1303 2759 spectatae
1327 2706 1472 2742 virtutis
1498 2704 1628 2738 virum.

1012 2763 1112 2805 Sulp.
1126 2762 1200 2795 Sev.
1213 2758 1327 2801 Epa.
1339 2759 1380 2790 ut
1397 2764 1472 2799 spe
1484 2763 1550 2793 ro,
1568 2749 1690 2791 credo,

966 2809 1122 2852 confido,
1158 2806 1229 2841 illis
1256 2833 1263 2840 .
1292 2833 1299 2840 .
1327 2832 1335 2839 .
1371 2801 1432 2847 qui
1467 2799 1578 2834 stolas
1609 2807 1691 2831 suas

965 2859 1003 2893 in
1035 2855 1211 2901 sanguine
1246 2851 1330 2898 agni
1365 2849 1535 2884 laverunt
1565 2844 1692 2890 adgre-

966 2908 1083 2952 gatus.
