2014 3184
365 214 495 251 VITA
520 214 679 251 LULLI
703 214 947 251 ARCHIEP.
974 214 1123 252 AUCT.
1149 213 1444 251 LAMPERTO.
1589 217 1661 251 333

152 338 262 380 chos
303 339 435 388 esset,
479 339 782 392 suggererent
821 339 1007 379 tantum
1050 350 1187 392 super
1229 338 1327 379 eius
1369 337 1660 379 ordinatione

150 397 262 453 regi,
305 410 640 452 quemcumque
680 396 775 438 illis
818 397 981 439 diebus
1024 397 1295 451 contigisset]
1337 400 1547 452 preessea
1593 397 1660 438 rei

151 455 337 512 puplice
351 456 380 497 ¹.
433 456 588 498 Huius
620 455 853 511 privilegii
883 469 967 498 nos
999 456 1136 498 modo
1170 469 1320 498 cassos
1351 458 1536 497 tantum
1570 456 1661 511 api-

152 529 226 559 ces
272 517 484 558 tenemus
530 528 787 570 vanamque
837 515 1062 571 pristinae
1110 515 1402 557 auctoritatis
1449 515 1658 556 umbram

120 589 437 627 §venei-amur,
472 577 706 618 caeterum
739 575 956 617 abbatem
987 588 1123 629 quem
1147 574 1379 630 principes
1410 587 1460 616 re
1494 575 1544 615 ni
1575 575 1661 615 ius-

151 635 297 678 serint
337 635 561 678 habemus
576 635 604 676 ².
668 635 746 676 Ita
787 636 956 677 cuncta
994 635 1044 675 in
1086 635 1290 676 deterius
1322 635 1467 675 ruunt
1504 668 1512 684 ,
1557 648 1661 676 cum

151 708 236 737 nec
269 694 427 736 divina·
457 709 543 737 nec
575 695 782 736 humana
812 694 888 736 lex
917 694 1073 736 valeat
1106 693 1230 749 apud
1262 694 1520 735 modernos.

296 757 367 795 20.
417 754 549 796 Inter
580 755 695 796 haec
727 754 825 795 viro
848 753 936 796 Dei
969 754 1174 794 animum
1207 753 1410 808 pulsavit
1441 753 1663 795 memoria

151 813 292 864 verbi,
336 814 459 869 quod
497 814 538 856 ei
570 814 734 856 beatus
767 813 1050 863 Bonifacius,
1091 827 1194 855 cum
1237 813 1285 853 in
1318 812 1521 854 Fresiam
1564 827 1662 867 pro-

105 873 404 916 10fectionem
444 873 700 923 moliretur,
745 886 958 928 supremo
999 874 1173 914 mestus
1216 872 1426 926 digressu
1457 872 1663 914 iniunxe-

150 932 312 982 rate-³,
344 931 564 975 videlicet
600 934 655 974 ut
685 932 910 987 virginem
945 931 1119 974 Christi
1150 928 1400 982 Leobamd,
1445 945 1550 973 cum
1587 945 1662 972 na-

151 994 257 1034 ture
290 991 500 1034 debitum
533 991 813 1042 exsolvisset,
846 991 899 1046 in
913 991 1161 1033 Fuldens10
1201 991 1480 1033 monasterio
1512 993 1662 1031 tumu-

151 1051 285 1094 laret.
348 1051 526 1094 Hocffl
559 1051 613 1094 eo
644 1051 898 1107 impensius
929 1050 1214 1093 sollicitabat
1255 1064 1372 1101 eum,
1416 1050 1539 1105 quod
1579 1050 1663 1091 illa

151 1111 201 1152 in
233 1111 516 1167 decrepitam
549 1112 750 1153 aetatem
781 1106 1048 1166 vergebatf,
1082 1112 1130 1152 et
1161 1110 1313 1165 ipsum
1337 1110 1392 1151 de
1415 1123 1525 1152 suae
1558 1123 1663 1164 quo-

106 1186 139 1212 15
152 1184 240 1225 que
282 1171 444 1212 mortis
474 1170 674 1213 viciniag
709 1170 910 1226 suspicio
951 1170 1044 1211 iam
1085 1169 1303 1212 habebat.
1367 1169 1428 1210 Et
1459 1182 1507 1211 re
1539 1183 1660 1219 vera,

152 1230 191 1271 si
221 1225 348 1286 ipse¹¹
385 1230 512 1285 prior
543 1229 824 1279 excessisset,
867 1229 1138 1284 superstites
1180 1242 1366 1283 gravem
1408 1243 1460 1270 ac
1501 1228 1662 1270 intole-

152 1289 350 1331 randum
372 1289 496 1331 hunc
519 1289 727 1331 habituri
750 1291 883 1331 erant
914 1289 1134 1339 laborem,
1169 1290 1223 1330 ut
1256 1301 1421 1343 corpus
1448 1288 1661 1338 hominis,

152 1349 264 1391 licet
286 1349 541 1399 clarissimi,
575 1362 658 1404 per
677 1350 814 1390 tanta
843 1350 1075 1390 terrarum
1107 1348 1264 1403 spacia
1293 1348 1661 1390 transveherent.

154 1407 411 1451 Consulens
441 1409 599 1463 itaque
630 1422 783 1450 rerum
818 1407 1104 1458 difficultati,
1142 1407 1438 1449 familiariter
1470 1421 1663 1449 commo-

105 1468 272 1510 2onuit.
298 1481 412 1519 eam,
454 1469 509 1509 ut
548 1468 599 1509 in
639 1467 740 1510 loca
781 1467 1049 1522 Mogontiae
1091 1468 1301 1522 proxima
1342 1462 1662 1516 concedereti,

41 1539 80 1571 ‘r-
93 1539 138 1566 27.
153 1528 241 1570 hoc
282 1528 419 1570 modo
460 1528 532 1569 sui
561 1523 886 1582 *quandoquek
920 1527 1099 1569 funeris
1138 1526 1430 1568 curatoribus
1463 1526 1663 1567 multum

153 1587 325 1629 laboris
372 1587 620 1630 remissura
633 1586 661 1627 5.
740 1586 883 1628 Haud
937 1600 1066 1628 mora
1113 1586 1279 1627 annuit
1325 1585 1408 1627 illa
1454 1585 1664 1627 monenti

155 1649 293 1701 atque
324 1646 374 1687 in
405 1646 560 1688 locum
593 1646 668 1688 cui
699 1659 867 1687 nomen
894 1647 965 1687 est
987 1641 1360 1687 Scoranesheim¹
1393 1658 1440 1687 se
1464 1644 1663 1686 contulit

154 1706 311 1760 ibique
343 1719 596 1760 paucarum
627 1705 989 1759 religiosarum¹¹¹
1012 1705 1261 1746 admodum
1293 1704 1539 1746 mulierum
1563 1717 1663 1745 con-

108 1782 143 1807 25
154 1765 371 1808 tubernio
393 1766 542 1815 utens,
575 1764 804 1818 reliquam
826 1766 1028 1806 aetatem
1051 1763 1359 1806 anterioribus
1383 1763 1514 1804 annis
1538 1763 1664 1804 haud

301 1891 337 1938 *)
371 1893 534 1936 Reliquis
558 1892 669 1926 huius
693 1892 822 1936 capitis
846 1892 998 1934 omissis,
1023 1892 1075 1927 ed.
1093 1891 1232 1926 Lovcm.
1250 1891 1372 1925 habet:
1398 1889 1497 1934 quod
1523 1892 1559 1924 et
1585 1889 1663 1924 dili-

371 1942 501 1985 genter
526 1938 727 1974 seeundum
753 1939 830 1974 eius
855 1938 1132 1983 dispositionem
1158 1938 1397 1983 adimpletum
1424 1939 1479 1972 est
1490 1937 1514 1973 ⁰.

156 2060 186 2090 a)
205 2065 347 2090 supet-scr.
362 2059 386 2086 1.
441 2058 472 2089 b)
493 2061 562 2084 runt
581 2066 659 2086 corr.
672 2060 765 2084 ruunt
785 2060 808 2086 1.
865 2059 893 2090 c)
913 2058 1077 2084 inunxerat
1095 2058 1143 2090 2¹¹;
1166 2058 1308 2083 iunxerat
1326 2057 1387 2084 vid.
1407 2059 1441 2082 ut
1459 2057 1535 2088 virg.
1554 2064 1608 2084 om.
1624 2057 1665 2083 1³.

158 2093 188 2124 d)
208 2094 319 2120 liobam
338 2095 380 2122 2⁵.
454 2095 482 2125 e)
502 2101 580 2121 mon.
599 2092 686 2121 Fuld.
704 2094 810 2120 littori-9
829 2094 856 2122 b.
876 2101 894 2120 a
913 2101 1056 2126 πειρον-«ιον.
1074 2101 1151 2120 corr.
1172 2092 1259 2121 Fuld.
1278 2100 1357 2121 mon.
1377 2094 1402 2125 1,
1424 2095 1450 2118 et
1468 2093 1512 2118 ica
1532 2093 1573 2117 1⁸·
1585 2092 1608 2119 b.
1624 2092 1666 2120 2⁸.

110 2133 145 2159 30
157 2130 181 2161 f)
200 2129 330 2162 urgebat
348 2130 391 2158 2⁸.
482 2131 514 2163 g)
538 2130 579 2155 uic
597 2130 646 2163 2⁸5
676 2129 789 2156 uicinio
810 2131 835 2157 1.
855 2129 931 2157 1¹·b.
1024 2130 1055 2160 h)
1080 2130 1164 2162 prior
1183 2129 1248 2161 ipse
1268 2129 1310 2157 2⁸.
1401 2129 1422 2160 i)
1441 2135 1498 2154 con
1517 2135 1574 2153 non
1593 2128 1667 2153 satis

152 2166 339 2198 perspicuum
360 2166 385 2198 1,
406 2168 484 2197 poet.
510 2173 615 2191 manus
638 2165 741 2191 certei
763 2173 838 2194 corr.
942 2165 973 2196 k)
998 2172 1056 2197 que
1080 2172 1222 2197 super-scr.
1242 2166 1267 2193 1.
1368 2165 1389 2195 l)
1413 2164 1598 2190 soruesheim
1624 2164 1666 2191 2⁸.

158 2203 198 2233 m)
218 2201 398 2227 feminarum
417 2199 499 2233 add„
519 2202 570 2226 eod
587 2201 643 2229 del.
657 2203 681 2229 l.

159 2308 195 2353 1)
222 2308 333 2342 Nihil
354 2309 488 2352 leqitur
511 2309 552 2343 in·
574 2309 722 2343 laudato
746 2308 937 2353 diplomate
961 2318 1071 2352 neque
1095 2309 1135 2341 in
1160 2308 1378 2350 sequentium
1403 2316 1525 2348 reglum
1548 2306 1667 2348 prlvz'-

158 2356 269 2399 legiis,
303 2357 397 2399 quod
430 2356 544 2390 verbis
578 2357 817 2401 suggererent
851 2376 897 2381 —
932 2355 987 2390 rei
1020 2354 1166 2399 puplice
1199 2355 1390 2389 conveniat.
1440 2353 1591 2386 Demum
1628 2353 1666 2384 in

112 2412 146 2438 35
157 2403 349 2447 diplomate
365 2403 534 2437 Heinrici
552 2404 592 2440 V.
618 2404 703 2438 dato
727 2414 763 2440 a.
778 2405 883 2446 1112,
901 2404 983 2439 Ian.
999 2405 1041 2438 11
1069 2402 1139 2445 (St.
1157 2403 1281 2444 3083),
1307 2402 1410 2434 ouius
1427 2411 1560 2443 mayna
1572 2410 1667 2442 pars

158 2461 203 2484 ea:
227 2451 338 2485 huius
362 2451 464 2485 Vitae
487 2461 516 2487 c.
536 2452 591 2487 16.
610 2453 667 2487 19.
693 2451 742 2484 ad
766 2450 909 2485 verbum
934 2451 1112 2493 descripta
1137 2453 1197 2492 est,
1225 2449 1309 2482 haec
1334 2458 1470 2492 quoque
1495 2448 1664 2481 sententia

159 2498 242 2531 hinc
266 2499 444 2542 deam-ipta
470 2498 611 2541 leyitur.
734 2498 772 2543 2)
800 2498 859 2539 Cf.
881 2498 1002 2542 praef.
1126 2496 1164 2541 3)
1190 2496 1314 2540 Supra
1340 2507 1366 2530 c.
1386 2497 1419 2532 6.
1541 2494 1579 2537 4)
1607 2494 1667 2527 Se-

159 2546 305 2588 quentia
330 2565 376 2570 —-
401 2544 500 2579 haud
525 2545 703 2590 imparem
729 2545 851 2590 exegit
879 2555 925 2579 ex
951 2546 1033 2578 Vita
1058 2544 1095 2579 S.
1123 2543 1256 2578 Leobae
1279 2554 1306 2578 c.
1328 2545 1383 2579 19.
1505 2541 1543 2584 5)
1571 2541 1667 2575 Haec

160 2593 274 2635 inepte
297 2592 394 2625 dicta
417 2597 512 2635 sunt,
539 2603 618 2626 cum
636 2593 887 2627 Schornsheim
913 2592 1055 2635 lonqius
1079 2592 1184 2624 distet
1201 2602 1224 2623 a
1242 2591 1361 2623 Fulda
1380 2600 1486 2633 quam
1508 2588 1667 2622 Tauber-

114 2649 149 2674 40
161 2638 422 2681 baschofsheim,
443 2639 508 2672 ubi
522 2639 640 2673 Leoha
662 2650 699 2674 eo
721 2650 830 2684 usque
851 2643 993 2673 morata
1012 2642 1071 2673 est.
1104 2639 1224 2681 Neque
1241 2638 1282 2671 ob
1299 2648 1445 2671 causam
1463 2636 1507 2669 ab
1524 2640 1668 2669 auctore

160 2687 383 2730 suppositam
399 2686 530 2720 Lullus
555 2688 588 2720 ei
610 2687 672 2721 hoc
695 2689 823 2721 suasit.
875 2686 1075 2730 Diplomate
1105 2695 1220 2728 supra
1240 2696 1279 2728 p.
1298 2687 1380 2725 332,
1406 2695 1441 2719 n.
1461 2685 1493 2719 1.
1521 2683 1667 2716 laudato

163 2733 325 2767 Karalus
341 2733 394 2769 M.
411 2733 532 2766 villam
550 2733 810 2776 Schornsheim,
836 2745 946 2777 quam
963 2733 1080 2766 Leoha
1100 2743 1169 2775 per
1192 2733 1267 2766 eius
1294 2732 1495 2773 beneficium
1520 2730 1666 2771 tenebat,

163 2781 376 2814 monasterio
394 2780 642 2822 Hersfeldensi
654 2782 812 2823 donavit,
837 2783 877 2814 in
899 2781 1152 2825 possessionem
1177 2780 1254 2814 eius
1272 2783 1354 2822 post
1372 2782 1515 2812 mortem
1534 2778 1668 2812 Leobae

162 2828 362 2864 cedendam.
507 2828 544 2872 6)
576 2828 682 2870 Haec,
716 2839 760 2863 ne
794 2828 961 2862 monachi
983 2827 1178 2861 Fuldenses
1203 2826 1481 2869 offenderentur,
1518 2825 1667 2869 reliquis

116 2885 150 2911 45
163 2876 315 2918 omissis,
341 2878 480 2909 mutata
504 2885 575 2909 esse
599 2875 774 2911 videntur.
