1950 3302
348 314 428 348 XII
906 307 1201 344 PRAEFATIO
1228 306 1266 342 O.
1293 305 1324 343 I.

350 437 448 477 clam
479 435 753 486 Lampertum
784 430 952 481 dixisse,
986 430 1097 482 quod
1126 432 1244 470 nemo
1267 430 1442 480 praeter
1473 439 1566 468 eum
1596 424 1751 479 retulit,
1791 424 1842 469 in

342 492 505 547 proelio
546 493 604 533 acl
644 491 821 534 Unstrut
866 488 1046 540 fluvium
1090 486 1305 530 commisso
1348 484 1497 527 Suevis
1536 488 1575 527 et
1612 483 1842 527 Baioariis

349 551 608 605 fhiyientibus
638 549 790 591 milites
819 548 1186 600 Babenbeiyenses
1216 545 1342 598 siyna
1375 543 1617 586 Saxonibus
1645 542 1841 586 intulisse

353 609 495 662 (infra
529 624 575 663 p.
609 609 729 663 220),
775 621 951 660 quorum
990 605 1116 648 etiam
1156 604 1258 646 aliis
1304 602 1405 646 locis
1451 602 1703 645 mentionem
1741 601 1842 655 fecit

353 668 497 721 (infra
528 683 575 721 p.
610 672 694 709 209
717 680 776 720 sq.
811 667 933 720 240).
998 665 1245 706 Notandum
1276 662 1442 715 quidem
1473 666 1534 704 est
1562 661 1790 704 Annonem
1819 675 1871 704 es

351 729 463 771 scola
493 725 833 779 Babenberyensi
873 725 925 766 ab
957 723 1164 766 Heinrico
1197 722 1299 764 III.
1341 721 1594 775 imperatore
1635 719 1684 763 in
1717 720 1842 774 pala-

352 787 455 829 tium
486 790 706 838 evocatum,
740 800 780 826 a.
812 787 936 826 1054.
962 787 1059 836 post
1086 781 1336 824 Hezilonem
1367 779 1604 834 episcopum
1623 778 1842 823 Hildines-

351 846 599 888 heimensem
646 843 885 886 ordination
924 840 1214 895 praepositum
1262 840 1342 882 SS.
1393 838 1580 893 Simonis
1625 843 1664 882 et
1702 838 1842 882 Iudae

351 906 511 957 factum
542 918 644 957 esse,
684 902 854 955 ideoque
885 902 1159 953 Lampertum
1190 903 1265 942 aut
1303 898 1352 941 in
1384 897 1553 952 palatio
1583 901 1659 941 emt
1694 897 1843 941 Gosla—

352 963 444 1005 riae
459 963 473 988 1
509 963 557 1004 in
587 961 926 1014 familiaritatem
966 964 1004 1001 et
1041 958 1252 1002 Giintheri
1283 962 1321 1001 et
1351 956 1554 1000 Annonis
1592 955 1737 1000 venire
1767 969 1842 1011 po-
1855 973 1890 999 10

352 1022 490 1075 tuisse,
523 1023 596 1063 secl
614 1020 756 1062 minus
778 1019 996 1072 probabile
1017 1023 1087 1071 est,
1121 1019 1397 1071 Lampertum
1418 1017 1631 1070 quondam
1649 1015 1700 1058 in
1720 1014 1843 1059 curia

352 1081 463 1134 reyis
492 1084 700 1122 moratum
732 1093 828 1132 esse,
862 1078 935 1131 qui
956 1082 1043 1119 tam
1073 1077 1254 1131 iynarus
1284 1090 1427 1119 rerum
1450 1075 1723 1129 publicarum
1751 1088 1843 1117 eva-

353 1142 436 1181 dat.
499 1140 533 1180 I
530 1139 758 1192 nclulyeant
788 1138 973 1190 lectores,
1004 1150 1169 1190 precor,
1203 1135 1271 1178 his
1301 1133 1569 1189 coniecturis,
1603 1147 1711 1188 quae
1741 1146 1844 1176 num

352 1214 379 1240 a
419 1212 514 1240 vero
555 1199 673 1251 lonye
716 1212 775 1239 an
812 1211 946 1250 prope
993 1195 1149 1248 absint,
1199 1194 1366 1248 quidem
1406 1192 1640 1237 diiudicari
1684 1190 1841 1246 nequit.

358 1258 515 1299 Tamen
555 1257 664 1299 hanc
703 1256 829 1298 etiam
869 1257 1038 1298 addam.
1116 1254 1220 1308 Quis
1258 1254 1415 1297 scolam
1453 1252 1844 1306 Babenberqensem
1858 1267 1892 1294 ιτ»

344 1320 443 1369 post
463 1316 689 1358 Annonem
710 1316 934 1368 reqendam
955 1313 1192 1368 susceperit,
1225 1313 1473 1367 iynoramus
1485 1313 1514 1353 ².
1563 1311 1679 1354 Sane
1699 1314 1843 1354 tantae

353 1374 603 1417 eruditionis
642 1374 726 1426 fuit
756 1375 1026 1427 Lampertus,
1067 1378 1114 1415 ut
1153 1386 1240 1415 non
1278 1370 1484 1425 indiynus
1522 1370 1728 1423 videatur,
1770 1368 1844 1423 qui

345 1438 443 1487 post
482 1434 706 1475 Annonem
747 1433 946 1487 mayister
985 1433 1121 1475 scolae
1160 1429 1525 1484 Babenberyensis
1563 1427 1732 1472 institui
1768 1442 1844 1482 po·

354 1492 509 1534 tuisset.

484 1551 795 1593 Monasterium
815 1551 1115 1603 Hersfeldense
1135 1563 1265 1603 usque
1286 1550 1345 1592 ad
1363 1548 1576 1591 saeculum
1595 1547 1684 1589 XI.
1706 1545 1844 1601 mayis
1856 1559 1892 1584 2⁰

356 1610 566 1663 opulentia
609 1624 658 1653 ac
701 1609 861 1652 divitiis
904 1624 1030 1662 quam
1075 1608 1311 1652 eruditione
1356 1607 1611 1660 incolarum,
1658 1605 1844 1648 ubertate

355 1668 602 1722 scriptorum
641 1668 805 1711 claruit.
870 1670 987 1711 Nam
1026 1683 1119 1712 cum
1153 1667 1333 1710 Bunoni
1372 1665 1515 1709 abbati
1553 1665 1724 1719 eiusque
1761 1678 1844 1707 mo·

356 1728 503 1770 nachis
533 1728 581 1770 in
611 1727 716 1770 votis
747 1732 865 1781 esset,
907 1733 953 1770 ut
991 1728 1080 1770 vita
1109 1726 1318 1782 Wiyberti
1356 1725 1406 1768 in
1435 1725 1512 1768 hoc
1541 1722 1845 1767 monasterium

356 1786 555 1828 translati
576 1787 913 1840 conscriberetur,
948 1802 975 1829 a
997 1788 1119 1841 Lupo
1151 1791 1249 1829 tunc
1279 1785 1328 1828 in
1358 1783 1613 1827 monasterio
1634 1781 1846 1826 Faldensi

357 1845 506 1887 litteris
545 1846 802 1888 incumbente
842 1846 917 1889 hoc
957 1846 1302 1899 impetraverunt,
1345 1843 1419 1898 qui
1454 1858 1495 1886 a.
1529 1847 1629 1885 836.
1661 1841 1893 1885 libellnmffi

357 1904 633 1957 conscriptum
663 1904 723 1946 eis
762 1905 1000 1947 transmisit
1012 1906 1040 1946 3.
1106 1903 1345 1948 Successori
1375 1902 1542 1956 quidem
1581 1901 1672 1944 eius
1699 1901 1845 1944 Brun-

356 1967 488 2004 ioarto
529 1963 669 2005 abbati
707 1962 1001 2019 (840—875)
1043 1964 1273 2006 monachus
1315 1962 1489 2016 quidam
1525 1958 1847 2013 Hersfeldensis

368 2021 507 2062 Vitam
555 2022 598 2063 S.
645 2022 850 2075 Wiyberti
894 2023 1111 2066 metricam
1157 2022 1382 2075 dedicavit,
1431 2034 1538 2074 quae
1574 2019 1727 2074 periit,
1773 2019 1849 2062 sed

359 2079 459 2121 haec
498 2079 592 2121 stilo
629 2080 757 2122 nimis
794 2082 974 2124 barbaro
1005 2081 1243 2135 conscripta
1281 2081 1415 2133 fuisse
1455 2079 1613 2122 (licitur
1626 2079 1656 2120 4.
1720 2075 1848 2120 Nihil

361 2139 409 2178 (le
440 2138 696 2190 sequentium
727 2140 921 2182 abbatum
960 2141 1098 2183 stuclio
1131 2140 1380 2192 litterarum,
1423 2138 1534 2181 nihil
1565 2139 1614 2180 de
1645 2136 1768 2179 libris
1797 2135 1847 2179 in
1860 2150 1895 2178 30

361 2196 435 2237 hoc
474 2197 724 2238 monasterio
764 2199 926 2241 saeculo
959 2200 1050 2242 IX.
1084 2198 1331 2252 conscriptis
1370 2197 1491 2240 nobis
1530 2195 1734 2239 traditum
1773 2198 1845 2238 est.

361 2254 542 2296 Demum
578 2254 690 2297 circa
728 2257 907 2299 medium
947 2273 1054 2301 saec.
1090 2259 1149 2300 X.
1191 2257 1422 2300 monachus
1452 2255 1626 2309 quidam
1655 2253 1847 2306 Hersfel-

362 2312 513 2377 den-sis,
534 2312 712 2355 libellum
745 2317 792 2357 (le
823 2316 1042 2359 miraculis
1075 2318 1119 2360 S.
1153 2315 1360 2370 Wiyberti
1390 2313 1573 2368 simplici
1602 2314 1724 2356 modo
1755 2325 1847 2356 con-

361 2375 530 2423 scripsit
546 2371 573 2435 ⁵3
626 2373 772 2414 Etiam
803 2375 1026 2417 annalium
1058 2376 1244 2418 brevium
1274 2373 1504 2428 exemplari
1534 2387 1563 2415 a
1592 2371 1847 2415 monasterio

362 2430 571 2471 Fulclensi
617 2431 744 2472 allato
790 2433 864 2476 hoc
914 2435 1077 2477 saeculo
1123 2434 1284 2477 additis
1326 2431 1604 2487 paucissimis
1648 2444 1756 2484 quae
1799 2429 1850 2472 in
1861 2445 1896 2472 36

363 2567 550 2611 Lampertt
581 2569 621 2600 in
645 2569 755 2611 Ami„
793 2572 898 2612 infra
926 2583 965 2615 p.
985 2574 1041 2616 73,
1077 2584 1184 2616 neque
1218 2574 1288 2607 loco
1317 2584 1342 2606 a
1366 2572 1483 2606 Paulo
1508 2571 1650 2613 Lanqio
1682 2570 1724 2604 de
1755 2569 1850 2604 scola

362 2614 610 2669 {iersfcldensi
642 2615 705 2648 sub
730 2617 932 2659 Meqinhcro
965 2620 1087 2654 abbate
1120 2621 1265 2662 florente
1288 2631 1333 2654 cx
1356 2620 1446 2654 Inst.
1471 2616 1633 2653 Herveld.
1658 2617 1847 2660 exempto,

362 2662 467 2703 infra
486 2673 524 2704 p.
551 2662 632 2704 350,
659 2663 851 2705 quidquam
877 2666 1016 2708 leyitur,
1042 2668 1134 2710 quod
1157 2667 1220 2700 hoc
1245 2667 1403 2702 suadeat.
1455 2666 1614 2700 Ceterum
1638 2664 1850 2698 monendum

363 2712 411 2740 est
435 2708 681 2750 Meyi'nherum
713 2719 782 2742 non
812 2712 922 2745 scolae
955 2715 1183 2755 maqtstrum,
1217 2715 1277 2748 sed
1307 2714 1465 2747 abbatem
1489 2713 1614 2754 fuisse.
1665 2711 1754 2752 Quis
1784 2710 1851 2744 sub

363 2764 399 2787 eo
432 2755 561 2787 scolam
586 2754 870 2796 Hersfeldensem
902 2762 1053 2803 rexerit,
1091 2762 1311 2802 iynoramus.
1420 2761 1454 2804 l)
1480 2759 1715 2802 Lampertum
1738 2766 1898 2802 quon-4⁰

363 2802 447 2834 clam
474 2802 681 2834 Goslariam
714 2803 839 2837 vidisse
871 2807 959 2838 satis
986 2807 1171 2849 probabile
1194 2812 1265 2847 est,·
1299 2808 1347 2849 cf.
1379 2808 1486 2848 infra
1511 2818 1551 2850 p.
1577 2807 1660 2846 261,
1685 2806 1710 2841 l.
1735 2806 1782 2840 20
1797 2815 1850 2848 sq.

364 2848 400 2890 2)
426 2849 471 2882 Α.
490 2849 733 2883 1058—1071.
759 2860 835 2883 eam
852 2851 1110 2894 Mcqinhardus
1133 2855 1333 2888 scolasticus
1357 2855 1462 2889 remit.
1570 2855 1606 2897 3)
1629 2853 1694 2888 SS.
1711 2852 1796 2896 XV,
1817 2853 1850 2894 l,

358 2906 398 2984 ff:
416 2895 634 2976 ἶεὲῖῗῂᾶ
664 2895 700 2938 4)
726 2895 780 2937 cf.
803 2897 1036 2943 Wattenbach,
1066 2901 1202 2941 ‘Deos
1220 2902 1271 2937 ed.
1290 2903 1323 2937 6.
1350 2902 1380 2945 I,
1404 2913 1442 2946 p.
1460 2902 1542 2936 241.
1639 2899 1676 2944 5)
1699 2899 1764 2934 SS.
1782 2898 1850 2941 IV,
