1942 3198
678 192 978 232 PRAEFATIO
1004 193 1044 230 C.
1062 193 1116 230 ΙΙ.
1495 190 1651 227 XXVII

151 319 361 376 Wiyberti
390 320 573 363 relatum
603 322 709 362 esset
738 316 977 360 Albuinum
1008 315 1245 370 episcopum
1275 314 1652 367 Buraburyensem

143 379 350 424 monitum
381 393 480 433 esse,
513 382 561 421 ut
581 392 678 421 ossa
702 376 911 431 Wiyberti
941 375 990 418 in
1021 374 1326 417 monasterium
1347 373 1652 425 Hersfeldense

144 439 411 494 transferret,
445 438 514 482 hic
535 438 662 481 Lullo
683 437 795 480 idem
820 440 883 479 ter
905 439 1178 490 praeceptum
1209 448 1296 476 esse
1327 433 1548 476 ementitus
1579 436 1650 474 est.

145 500 270 543 Patet
313 498 448 554 iyitur
491 497 600 551 iam,
652 511 728 540 cur
769 495 912 539 Vitam
951 493 1160 548 Wiyberti
1200 493 1393 536 omnibus
1433 491 1654 534 monachis

115 557 524 612 5Hersfeldensibus
545 555 772 600 lectitatum
803 569 854 598 ac
886 554 1096 609 coynitam
1124 553 1238 596 inter
1267 553 1407 606 fontes
1437 565 1535 594 suos
1566 565 1653 593 non

144 617 417 672 indicaverit,
466 631 519 660 ne
557 615 749 659 videlicet
788 614 996 668 falsitatis
1037 613 1090 656 ab
1131 612 1192 655 eis
1232 615 1494 666 aryueretur,
1543 612 1656 664 quod

144 677 335 722 carmine
365 677 440 720 illo
471 675 694 730 composito
722 678 873 730 postea
904 673 943 717 ei
974 672 1160 727 contiyit.
1229 672 1368 726 Atque
1409 670 1516 724 falsi
1555 684 1654 712 reus

143 738 401 792 Lampertus
439 735 567 779 etiam
606 735 655 778 in
694 734 752 777 iis
789 748 897 788 quae
938 735 987 776 de
1019 733 1162 776 Leoba
1196 729 1250 783 (c.
1275 733 1353 786 20)
1387 729 1558 785 scripsit
1589 731 1653 772 de-

135 796 433 852 prehenditur.
497 795 654 838 Mi-nus
686 795 832 848 culpae
864 793 903 836 ei
934 794 1039 836 dare
1069 793 1226 846 vellem,
1270 793 1382 845 quod
1413 805 1446 834 c.
1471 795 1510 832 6.
1545 789 1655 831 dixit

97 874 132 899 10
146 857 192 900 S.
209 855 486 909 Bonifatium
507 854 587 898 soli
608 855 736 897 Lullo
749 852 1029 908 praecepisse,
1057 856 1105 895 ut
1126 865 1276 905 corpus
1297 851 1462 893 Leobae
1484 850 1654 892 Fuldae

145 916 194 959 in
231 915 369 970 ipsius
405 915 624 970 sepulchro
655 913 939 968 sepeliendum
970 915 1157 964 curaret,
1207 925 1301 954 cum
1333 909 1575 962 Ruodolfus
1606 908 1655 950 in

154 975 277 1019 Vitae
307 975 473 1018 Leobae
504 988 538 1017 c.
569 977 636 1016 17.
669 987 763 1016 eum
794 973 922 1015 Lullo
954 975 993 1014 et
1028 970 1248 1014 monachis
1279 969 1568 1012 Fuldensibus
1609 968 1657 1010 id

144 1036 372 1079 mandasse
402 1033 633 1088 scripserit.
699 1033 783 1075 Sed
806 1031 857 1086 is,
884 1036 931 1074 ut
951 1031 1179 1074 monachos
1200 1030 1438 1072 Fuldeuses
1458 1027 1655 1071 mandati

147 1095 194 1138 S.
217 1093 439 1147 Bonifatii
469 1091 645 1147 neylecti
676 1096 884 1146 aryueret,
919 1090 1071 1134 callide
1103 1104 1153 1132 ac
1176 1090 1368 1144 perfide:
1401 1089 1543 1138 Illud,
1578 1087 1652 1140 ait,

98 1170 133 1197 15
145 1155 331 1210 integ-ra.
358 1154 451 1196 fide
473 1153 815 1203 affirmaverim,
850 1152 974 1206 quod
995 1151 1045 1192 in
1066 1150 1398 1192 monasterium
1422 1148 1654 1190 Fuldensc

146 1214 304 1258 delata
335 1214 396 1256 sit
426 1227 512 1264 nec
543 1214 702 1255 tamen
733 1226 879 1253 unum
912 1225 1018 1253 cum
1050 1210 1229 1252 ossibus
1263 1209 1389 1251 beati
1421 1207 1654 1249 Bonifacii

146 1274 463 1330 sepulchrum,
514 1273 636 1314 sicut
675 1272 774 1327 ipse
816 1271 1042 1321 edixerim,
1095 1269 1408 1324 occupaverit,
1461 1266 1655 1320 quamvis

147 1332 312 1388 leyisset
352 1331 474 1374 Vitae
514 1331 678 1374 Leobae
719 1345 752 1374 c.
778 1334 848 1384 21,
891 1343 970 1383 quo
1011 1328 1254 1380 Ruodolfus
1295 1331 1451 1370 narrat
1490 1326 1656 1368 Leobae

147 1407 298 1447 corpus
318 1392 509 1434 Fuldam
540 1390 798 1433 translatam
829 1403 927 1443 esse,
961 1388 1143 1443 exponit,
1178 1401 1254 1431 cur
1284 1387 1446 1439 fratres
1467 1386 1654 1428 Fulden-

99 1469 135 1495 κο
147 1466 213 1496 ses
244 1466 337 1494 eam
366 1465 455 1494 non
484 1451 534 1494 in
567 1451 612 1493 S.
634 1449 858 1502 Bonifatii
887 1449 1106 1503 sepulchro
1138 1446 1391 1502 sepelierint,
1425 1445 1549 1488 veriti
1580 1445 1655 1488 sci-

148 1511 243 1555 licet
282 1511 358 1554 hoc
394 1510 574 1565 aperire,
616 1509 761 1552 retulit
797 1523 895 1552 ossa
925 1508 1017 1551 eius
1047 1508 1100 1550 ab
1133 1506 1276 1561 Eiyile
1308 1507 1456 1549 abbate
1489 1519 1655 1548 consen-

148 1571 273 1614 tiente
313 1570 624 1625 archiepiscopo
663 1568 916 1623 Moyontino
957 1568 1170 1610 translata
1210 1581 1310 1610 esse.
1385 1566 1500 1608 Sane
1540 1565 1659 1606 haud

148 1630 343 1684 fideliter,
376 1630 495 1673 haud
515 1629 590 1684 pie
622 1630 898 1682 Lampertum
929 1628 1005 1670 hoc
1036 1627 1152 1680 fonte
1184 1640 1307 1669 usum
1338 1639 1425 1668 esse
1457 1624 1655 1667 dicemus.

154 1691 272 1744 Quae
312 1689 424 1733 idem
461 1691 511 1732 de
551 1688 666 1731 obitu
702 1687 886 1730 Albuini
927 1691 965 1730 et
1004 1686 1125 1729 Lulli
1166 1685 1454 1739 episcoporum
1497 1681 1551 1735 (c.
1576 1687 1627 1725 21
1627 1685 1654 1738 J

102 1767 138 1793 π
150 1749 284 1792 tradit
299 1764 402 1792 num
417 1749 507 1803 ipse
529 1751 782 1791 commentus
802 1747 859 1790 sit
873 1748 900 1801 ¹,
924 1748 1035 1800 quod
1055 1745 1246 1799 equidem
1267 1744 1430 1798 opinor,
1454 1758 1513 1785 an
1535 1757 1656 1796 quae-

151 1810 251 1851 dam
281 1822 426 1851 eorum
456 1808 504 1850 in
535 1807 792 1850 monasterio
814 1805 1114 1858 Hersfeldensi.
1146 1803 1308 1846 tradita
1339 1803 1515 1856 fuerint,
1550 1801 1657 1845 diiu-

151 1867 291 1911 dicari
322 1867 478 1921 nequit.
531 1867 592 1909 In
623 1867 699 1909 hoc
731 1866 865 1920 capite
887 1866 1143 1919 Lampertus
1174 1863 1342 1906 dixerat
1372 1877 1415 1905 se
1446 1862 1659 1904 miracula

151 1927 272 1970 Lulli
301 1931 583 1970 narraturum
623 1940 722 1980 esse,
764 1927 839 1968 sed
878 1939 971 1968 cum
1009 1938 1104 1966 vere
1142 1924 1279 1966 relata
1311 1923 1540 1964 narranda
1571 1935 1658 1963 non

151 1987 331 2040 haberet,
374 1987 560 2029 lassatus
589 1985 890 2040 fatiqatusque,
929 1988 975 2026 ut
1005 1983 1184 2037 videtur,
1225 1986 1283 2024 tot
1313 1981 1523 2034 tantisque
1555 1995 1657 2024 com-

104 2045 314 2100 sumentis,
355 2045 560 2089 relatione
588 2044 727 2099 primi
757 2043 958 2087 miraculi
988 2043 1156 2097 incepta
1186 2055 1379 2096 pennam
1410 2043 1469 2083 ad
1499 2045 1660 2094 tempus

151 2106 352 2160 deposuit,
385 2106 497 2159 quod
527 2104 664 2148 codice
695 2103 957 2158 autoyrapho
978 2107 1018 2146 et
1038 2102 1248 2146 codicibus
1270 2115 1320 2144 ex
1341 2101 1417 2144 hoc
1439 2099 1659 2154 descriptis

151 2166 359 2208 docemur.

296 2224 436 2267 Paulo
458 2227 557 2278 post
586 2237 696 2277 vero,
740 2237 833 2266 cum
864 2236 1097 2273 sermonem
1129 2219 1313 2274 concepti
1345 2219 1475 2262 libelli
1507 2218 1658 2273 expoli-

151 2287 227 2337 ret,
261 2284 518 2337 Lampertus
537 2282 882 2325 animadvertens
912 2296 955 2324 se
987 2281 1098 2324 nihil
1129 2280 1219 2333 fere
1251 2281 1301 2322 de
1325 2281 1450 2322 rebus
1475 2278 1660 2332 publicis

106 2347 332 2396 antempore
354 2342 474 2385 Lulli
502 2342 631 2397 yestis
661 2341 892 2395 scripsisse,
926 2340 1061 2384 tribus
1092 2339 1395 2383 additamentis
1419 2340 1468 2381 de
1491 2338 1659 2380 Karolo

153 2402 315 2445 maiore
361 2403 525 2455 domus,
574 2401 762 2456 Pippino
808 2415 902 2455 reye
949 2404 986 2443 et
1032 2400 1171 2452 fratre
1211 2398 1302 2441 eius
1341 2399 1658 2450 Karlomanno,

154 2461 323 2504 Karolo
353 2461 521 2516 Mayno
560 2465 598 2504 et
635 2461 774 2513 fratre
811 2459 902 2502 eius
933 2460 1236 2502 Karlomanno
1274 2457 1443 2512 reqibus
1475 2457 1660 2499 libellum

154 2521 293 2574 auxit,
335 2522 395 2564 ad
432 2535 483 2564 ea
523 2521 809 2574 componenda
849 2518 1054 2562 adhibitis
1093 2517 1316 2560 Einhardi
1358 2517 1457 2559 Vita
1499 2515 1660 2558 Karoli

154 2579 315 2634 Mamm:
351 2584 390 2623 et
420 2579 658 2634 Reyinonis
694 2578 905 2623 Chronico
920 2580 947 2620 ².
1010 2577 1130 2620 Bene
1168 2578 1402 2620 notandum
1444 2580 1520 2628 est,
1564 2589 1659 2628 quo-

108 2672 193 2716 401)
220 2671 319 2714 Quod
343 2673 483 2716 quidem
507 2682 545 2706 eo
564 2671 796 2716 probabilius
829 2671 1027 2713 habebitur,
1064 2670 1159 2714 quod
1183 2671 1400 2714 Lampertus
1433 2671 1470 2703 in
1495 2669 1659 2702 clausula

163 2719 275 2761 Vitae,
309 2720 373 2753 ubi
404 2721 518 2762 fontes
550 2730 634 2754 suos
667 2720 897 2762 enumeravit,
933 2720 1080 2752 niinime
1110 2718 1206 2751 dia-it
1231 2729 1267 2751 se
1291 2718 1488 2762 quidquam
1514 2728 1558 2750 ex
1583 2721 1661 2750 tra-

157 2765 290 2800 ditione
314 2766 561 2809 Hersfeldensi
584 2768 763 2811 accepisse.
844 2767 883 2811 2)
910 2766 988 2800 Hoc
1011 2768 1051 2799 in
1076 2776 1182 2799 usum
1209 2766 1253 2799 ab
1276 2776 1314 2799 eo
1338 2769 1497 2798 vocatum
1523 2775 1593 2798 esse
1617 2775 1661 2797 esz-

158 2814 205 2847 iis
229 2824 318 2857 quae
342 2813 384 2847 de
402 2815 553 2858 proeliis
566 2815 701 2848 Karoli'
716 2815 868 2848 maioris
894 2814 1019 2847 (tonius
1034 2818 1065 2847 et
1079 2814 1364 2847 Sar-racemorum
1392 2813 1527 2854 retulit,
1552 2822 1661 2855 prae-

157 2862 280 2895 sertim
305 2871 350 2895 ex
372 2872 519 2895 numero
543 2863 813 2904 interfectorum
839 2862 1122 2895 Sarraccnorum
1150 2861 1319 2894 adnotato
1344 2865 1388 2901 (c.
1407 2862 1447 2902 3)
1474 2860 1589 2893 clucet.
