<?xml version="1.0" encoding="UTF-8"?>
<!DOCTYPE html PUBLIC "-//W3C//DTD XHTML 1.0 Transitional//EN"
    "http://www.w3.org/TR/xhtml1/DTD/xhtml1-transitional.dtd">
<html xmlns="http://www.w3.org/1999/xhtml" xml:lang="en" lang="en">
 <head>
  <title>
</title>
<meta http-equiv="Content-Type" content="text/html;charset=utf-8" />
  <meta name='ocr-system' content='tesseract 3.04.00' />
  <meta name='ocr-capabilities' content='ocr_page ocr_carea ocr_par ocr_line ocrx_word'/>
</head>
<body>
  <div class='ocr_page' id='page_1' title='image "./lampertimonachih00lambuoft_0232.png"; bbox 0 0 1968 3164; ppageno 0'>
   <div class='ocr_carea' id='block_1_1' title="bbox 205 355 309 390">
    <p class='ocr_par' dir='ltr' id='par_1_1' title="bbox 205 355 309 390">
     <span class='ocr_line' id='line_1_1' title="bbox 205 355 309 390; baseline 0.01 -1"><span class='ocrx_word' id='word_1_1' title='bbox 205 355 309 390; x_wconf 77' lang='lat'>1073.</span> 
     </span>
    </p>
   </div>
   <div class='ocr_carea' id='block_1_2' title="bbox 204 403 311 433">
    <p class='ocr_par' dir='ltr' id='par_1_2' title="bbox 204 403 311 433">
     <span class='ocr_line' id='line_1_2' title="bbox 204 403 311 433; baseline 0.019 -2"><span class='ocrx_word' id='word_1_2' title='bbox 204 403 311 433; x_wconf 69' lang='lat' dir='ltr'><em>(Auo.)</em></span> 
     </span>
    </p>
   </div>
   <div class='ocr_carea' id='block_1_3' title="bbox 187 622 305 653">
    <p class='ocr_par' dir='ltr' id='par_1_3' title="bbox 187 622 305 653">
     <span class='ocr_line' id='line_1_3' title="bbox 187 622 305 653; baseline 0.025 -8"><span class='ocrx_word' id='word_1_3' title='bbox 187 622 263 653; x_wconf 69' lang='lat' dir='ltr'><strong>Any.</strong></span> <span class='ocrx_word' id='word_1_4' title='bbox 278 622 305 648; x_wconf 86' lang='lat'><strong>9.</strong></span> 
     </span>
    </p>
   </div>
   <div class='ocr_carea' id='block_1_4' title="bbox 112 1096 296 1126">
    <p class='ocr_par' dir='ltr' id='par_1_4' title="bbox 112 1096 296 1126">
     <span class='ocr_line' id='line_1_4' title="bbox 112 1096 296 1126; baseline 0.011 -7"><span class='ocrx_word' id='word_1_5' title='bbox 112 1096 296 1126; x_wconf 50' lang='lat' dir='ltr'><strong>,damn—11.</strong></span> 
     </span>
    </p>
   </div>
   <div class='ocr_carea' id='block_1_5' title="bbox 159 1510 291 1542">
    <p class='ocr_par' dir='ltr' id='par_1_5' title="bbox 159 1510 291 1542">
     <span class='ocr_line' id='line_1_5' title="bbox 159 1510 291 1542; baseline 0.023 -8"><span class='ocrx_word' id='word_1_6' title='bbox 159 1510 235 1542; x_wconf 71' lang='lat' dir='ltr'><strong>Any.</strong></span> <span class='ocrx_word' id='word_1_7' title='bbox 250 1511 291 1537; x_wconf 75' lang='lat'><strong>12.</strong></span> 
     </span>
    </p>
   </div>
   <div class='ocr_carea' id='block_1_6' title="bbox 158 1689 258 1719">
    <p class='ocr_par' dir='ltr' id='par_1_6' title="bbox 158 1689 258 1719">
     <span class='ocr_line' id='line_1_6' title="bbox 158 1689 258 1719; baseline 0.01 -7"><span class='ocrx_word' id='word_1_8' title='bbox 158 1689 232 1719; x_wconf 67' lang='lat' dir='ltr'><strong>Any.</strong></span> <span class='ocrx_word' id='word_1_9' title='bbox 247 1691 258 1713; x_wconf 94' lang='lat'>1</span> 
     </span>
    </p>
   </div>
   <div class='ocr_carea' id='block_1_7' title="bbox 85 1806 288 1838">
    <p class='ocr_par' dir='ltr' id='par_1_7' title="bbox 85 1806 288 1838">
     <span class='ocr_line' id='line_1_7' title="bbox 85 1806 288 1838; baseline 0.015 -7"><span class='ocrx_word' id='word_1_10' title='bbox 85 1806 160 1838; x_wconf 67' lang='lat' dir='ltr'><strong>Any.</strong></span> <span class='ocrx_word' id='word_1_11' title='bbox 174 1808 257 1832; x_wconf 75' lang='lat'>14—1</span> <span class='ocrx_word' id='word_1_12' title='bbox 264 1809 288 1834; x_wconf 75' lang='lat'><strong>7.</strong></span> 
     </span>
    </p>
   </div>
   <div class='ocr_carea' id='block_1_8' title="bbox 154 2045 285 2074">
    <p class='ocr_par' dir='ltr' id='par_1_8' title="bbox 154 2045 285 2074">
     <span class='ocr_line' id='line_1_8' title="bbox 154 2045 285 2074; baseline 0 -5"><span class='ocrx_word' id='word_1_13' title='bbox 154 2045 230 2074; x_wconf 64' lang='lat' dir='ltr'><strong>Any.</strong></span> <span class='ocrx_word' id='word_1_14' title='bbox 241 2045 285 2069; x_wconf 79' lang='lat'><strong>22.</strong></span> 
     </span>
    </p>
   </div>
   <div class='ocr_carea' id='block_1_9' title="bbox 263 1675 1804 1747">
    <p class='ocr_par' dir='ltr' id='par_1_9' title="bbox 263 1675 1804 1747">
     <span class='ocr_line' id='line_1_9' title="bbox 263 1675 1804 1747; baseline 0.014 -34"><span class='ocrx_word' id='word_1_15' title='bbox 263 1690 289 1714; x_wconf 99' lang='lat'>3</span> <span class='ocrx_word' id='word_1_16' title='bbox 305 1687 391 1727; x_wconf 90' lang='lat' dir='ltr'><strong>que</strong></span> <span class='ocrx_word' id='word_1_17' title='bbox 425 1675 666 1728; x_wconf 88' lang='lat' dir='ltr'><strong>paululum</strong></span> <span class='ocrx_word' id='word_1_18' title='bbox 687 1680 895 1730; x_wconf 90' lang='lat' dir='ltr'><strong>recreati,</strong></span> <span class='ocrx_word' id='word_1_19' title='bbox 930 1683 1113 1735; x_wconf 88' lang='lat' dir='ltr'><strong>postero</strong></span> <span class='ocrx_word' id='word_1_20' title='bbox 1141 1684 1227 1735; x_wconf 85' lang='lat' dir='ltr'><strong>die,</strong></span> <span class='ocrx_word' id='word_1_21' title='bbox 1261 1685 1310 1726; x_wconf 91' lang='lat' dir='ltr'><strong>id</strong></span> <span class='ocrx_word' id='word_1_22' title='bbox 1333 1688 1444 1728; x_wconf 81' lang='lat' dir='ltr'><strong>est¹¹¹</strong></span> <span class='ocrx_word' id='word_1_23' title='bbox 1466 1688 1628 1731; x_wconf 83' lang='lat' dir='ltr'><strong>Idibus</strong></span> <span class='ocrx_word' id='word_1_24' title='bbox 1649 1691 1804 1747; x_wconf 84' lang='lat' dir='ltr'><strong>Augu-</strong></span> 
     </span>
    </p>
   </div>
   <div class='ocr_carea' id='block_1_10' title="bbox 325 248 1465 297">
    <p class='ocr_par' dir='ltr' id='par_1_10' title="bbox 325 248 1465 297">
     <span class='ocr_line' id='line_1_10' title="bbox 325 248 1465 297; baseline 0.013 -15"><span class='ocrx_word' id='word_1_25' title='bbox 325 248 393 283; x_wconf 82' lang='lat'><strong>156</strong></span> <span class='ocrx_word' id='word_1_26' title='bbox 693 250 961 288; x_wconf 77' lang='lat' dir='ltr'><strong>LAMPERTI</strong></span> <span class='ocrx_word' id='word_1_27' title='bbox 985 255 1237 293; x_wconf 81' lang='lat' dir='ltr'>ANNALES.</span> <span class='ocrx_word' id='word_1_28' title='bbox 1286 259 1334 294; x_wconf 92' lang='lat' dir='ltr'><strong>A.</strong></span> <span class='ocrx_word' id='word_1_29' title='bbox 1362 262 1465 297; x_wconf 81' lang='lat'>1073.</span> 
     </span>
    </p>
   </div>
   <div class='ocr_carea' id='block_1_11' title="bbox 305 370 1947 1676">
    <p class='ocr_par' dir='ltr' id='par_1_11' title="bbox 305 370 1947 1676">
     <span class='ocr_line' id='line_1_11' title="bbox 325 370 1822 460; baseline 0.015 -51"><span class='ocrx_word' id='word_1_30' title='bbox 325 370 514 412; x_wconf 90' lang='lat' dir='ltr'><strong>consilio</strong></span> <span class='ocrx_word' id='word_1_31' title='bbox 546 371 812 426; x_wconf 87' lang='lat' dir='ltr'><strong>frequentes</strong></span> <span class='ocrx_word' id='word_1_32' title='bbox 835 376 893 416; x_wconf 91' lang='lat' dir='ltr'><strong>ad</strong></span> <span class='ocrx_word' id='word_1_33' title='bbox 916 389 992 418; x_wconf 92' lang='lat' dir='ltr'><strong>eos</strong></span> <span class='ocrx_word' id='word_1_34' title='bbox 1024 377 1201 460; x_wconf 49' lang='lat' dir='ltr'><strong>leffatos</strong></span> <span class='ocrx_word' id='word_1_35' title='bbox 1223 381 1452 434; x_wconf 88' lang='lat' dir='ltr'><strong>mittebat,</strong></span> <span class='ocrx_word' id='word_1_36' title='bbox 1486 399 1647 439; x_wconf 81' lang='lat' dir='ltr'>pacem</span> <span class='ocrx_word' id='word_1_37' title='bbox 1669 388 1822 442; x_wconf 84' lang='lat' dir='ltr'><strong>postu·</strong></span> 
     </span>
     <span class='ocr_line' id='line_1_12' title="bbox 322 428 1821 491; baseline 0.014 -22"><span class='ocrx_word' id='word_1_38' title='bbox 322 428 451 470; x_wconf 74' lang='lat' dir='ltr'><strong>lansa</strong></span> <span class='ocrx_word' id='word_1_39' title='bbox 489 432 536 472; x_wconf 92' lang='lat' dir='ltr'><strong>et</strong></span> <span class='ocrx_word' id='word_1_40' title='bbox 568 432 773 474; x_wconf 89' lang='lat' dir='ltr'><strong>omnium</strong></span> <span class='ocrx_word' id='word_1_41' title='bbox 804 448 920 488; x_wconf 88' lang='lat' dir='ltr'><strong>quae</strong></span> <span class='ocrx_word' id='word_1_42' title='bbox 957 436 1062 478; x_wconf 89' lang='lat' dir='ltr'><strong>illos</strong></span> <span class='ocrx_word' id='word_1_43' title='bbox 1128 438 1419 483; x_wconf 84' lang='lat' dir='ltr'><strong>offenderant</strong></span> <span class='ocrx_word' id='word_1_44' title='bbox 1451 445 1821 491; x_wconf 82' lang='lat' dir='ltr'><strong>emendationem</strong></span> 
     </span>
     <span class='ocr_line' id='line_1_13' title="bbox 321 488 1923 561; baseline 0.015 -33"><span class='ocrx_word' id='word_1_45' title='bbox 321 488 557 542; x_wconf 88' lang='lat' dir='ltr'><strong>pollicens.</strong></span> <span class='ocrx_word' id='word_1_46' title='bbox 636 491 695 533; x_wconf 91' lang='lat' dir='ltr'><strong>In</strong></span> <span class='ocrx_word' id='word_1_47' title='bbox 745 497 913 546; x_wconf 74' lang='lat' dir='ltr'><strong>quamC</strong></span> <span class='ocrx_word' id='word_1_48' title='bbox 973 497 1200 539; x_wconf 87' lang='lat' dir='ltr'><strong>actionem</strong></span> <span class='ocrx_word' id='word_1_49' title='bbox 1254 500 1446 543; x_wconf 87' lang='lat' dir='ltr'><strong>intentis</strong></span> <span class='ocrx_word' id='word_1_50' title='bbox 1499 505 1820 561; x_wconf 81' lang='lat' dir='ltr'>suspensisque</span> <span class='ocrx_word' id='word_1_51' title='bbox 1918 547 1923 554; x_wconf 73' lang='grc'><strong>.</strong></span> 
     </span>
     <span class='ocr_line' id='line_1_14' title="bbox 320 548 1819 614; baseline 0.014 -27"><span class='ocrx_word' id='word_1_52' title='bbox 320 548 531 590; x_wconf 86' lang='lat' dir='ltr'><strong>omnibus</strong></span> <span class='ocrx_word' id='word_1_53' title='bbox 564 552 610 592; x_wconf 90' lang='lat' dir='ltr'><strong>et</strong></span> <span class='ocrx_word' id='word_1_54' title='bbox 642 551 730 592; x_wconf 90' lang='lat' dir='ltr'><strong>iam</strong></span> <span class='ocrx_word' id='word_1_55' title='bbox 743 549 762 575; x_wconf 78' lang='lat'><strong>‘¹</strong></span> <span class='ocrx_word' id='word_1_56' title='bbox 789 556 977 608; x_wconf 88' lang='lat' dir='ltr'><strong>propter</strong></span> <span class='ocrx_word' id='word_1_57' title='bbox 998 569 1069 598; x_wconf 89' lang='lat' dir='ltr'><strong>res</strong></span> <span class='ocrx_word' id='word_1_58' title='bbox 1091 556 1207 600; x_wconf 90' lang='lat' dir='ltr'><strong>bene</strong></span> <span class='ocrx_word' id='word_1_59' title='bbox 1233 561 1385 614; x_wconf 87' lang='lat' dir='ltr'><strong>gestas</strong></span> <span class='ocrx_word' id='word_1_60' title='bbox 1417 561 1666 606; x_wconf 89' lang='lat' dir='ltr'><strong>immatura</strong></span> <span class='ocrx_word' id='word_1_61' title='bbox 1696 578 1819 608; x_wconf 84' lang='lat' dir='ltr'><strong>secu·</strong></span> 
     </span>
     <span class='ocr_line' id='line_1_15' title="bbox 318 606 1850 670; baseline 0.013 -23"><span class='ocrx_word' id='word_1_62' title='bbox 318 606 457 649; x_wconf 88' lang='lat' dir='ltr'><strong>ritate</strong></span> <span class='ocrx_word' id='word_1_63' title='bbox 509 610 819 664; x_wconf 70' lang='lat' dir='ltr'>torpentibus,</span> <span class='ocrx_word' id='word_1_64' title='bbox 869 616 1004 656; x_wconf 89' lang='lat' dir='ltr'><strong>nocte</strong></span> <span class='ocrx_word' id='word_1_65' title='bbox 1057 617 1255 670; x_wconf 91' lang='lat' dir='ltr'><strong>quadam</strong></span> <span class='ocrx_word' id='word_1_66' title='bbox 1270 618 1296 668; x_wconf 77' lang='lat'><strong>1,</strong></span> <span class='ocrx_word' id='word_1_67' title='bbox 1346 633 1450 662; x_wconf 89' lang='lat' dir='ltr'><strong>cum</strong></span> <span class='ocrx_word' id='word_1_68' title='bbox 1501 622 1620 664; x_wconf 84' lang='lat' dir='ltr'>nihil</span> <span class='ocrx_word' id='word_1_69' title='bbox 1666 624 1850 669; x_wconf 65' lang='lat' dir='ltr'><strong>minues</strong></span> 
     </span>
     <span class='ocr_line' id='line_1_16' title="bbox 319 667 1934 738; baseline 0.014 -32"><span class='ocrx_word' id='word_1_70' title='bbox 319 667 674 721; x_wconf 81' lang='lat' dir='ltr'><strong>suspicarentur,</strong></span> <span class='ocrx_word' id='word_1_71' title='bbox 708 670 805 725; x_wconf 89' lang='lat' dir='ltr'><strong>ipse</strong></span> <span class='ocrx_word' id='word_1_72' title='bbox 832 672 1105 716; x_wconf 88' lang='lat' dir='ltr'><strong>Bertoldum</strong></span> <span class='ocrx_word' id='word_1_73' title='bbox 1138 676 1301 719; x_wconf 90' lang='lat' dir='ltr'><strong>ducem</strong></span> <span class='ocrx_word' id='word_1_74' title='bbox 1334 681 1381 720; x_wconf 88' lang='lat' dir='ltr'><strong>et</strong></span> <span class='ocrx_word' id='word_1_75' title='bbox 1413 680 1528 722; x_wconf 91' lang='lat' dir='ltr'><strong>duos</strong></span> <span class='ocrx_word' id='word_1_76' title='bbox 1560 695 1699 738; x_wconf 87' lang='lat' dir='ltr'><strong>supra</strong></span> <span class='ocrx_word' id='word_1_77' title='bbox 1729 697 1818 727; x_wconf 84' lang='lat' dir='ltr'><strong>me·</strong></span> <span class='ocrx_word' id='word_1_78' title='bbox 1912 681 1934 693; x_wconf 74' lang='grc'><strong>’</strong></span> 
     </span>
     <span class='ocr_line' id='line_1_17' title="bbox 317 728 1816 790; baseline 0.014 -25"><span class='ocrx_word' id='word_1_79' title='bbox 317 728 517 768; x_wconf 89' lang='lat' dir='ltr'><strong>moratos</strong></span> <span class='ocrx_word' id='word_1_80' title='bbox 550 728 785 784; x_wconf 88' lang='lat' dir='ltr'><strong>episcopos</strong></span> <span class='ocrx_word' id='word_1_81' title='bbox 829 733 875 772; x_wconf 90' lang='lat' dir='ltr'><strong>et</strong></span> <span class='ocrx_word' id='word_1_82' title='bbox 912 732 1025 774; x_wconf 87' lang='lat' dir='ltr'><strong>alios</strong></span> <span class='ocrx_word' id='word_1_83' title='bbox 1059 734 1300 790; x_wconf 89' lang='lat' dir='ltr'><strong>plerosque</strong></span> <span class='ocrx_word' id='word_1_84' title='bbox 1331 738 1584 783; x_wconf 77' lang='lat' dir='ltr'><strong>familiares</strong></span> <span class='ocrx_word' id='word_1_85' title='bbox 1616 755 1722 785; x_wconf 88' lang='lat' dir='ltr'><strong>suos</strong></span> <span class='ocrx_word' id='word_1_86' title='bbox 1753 756 1816 787; x_wconf 82' lang='lat' dir='ltr'><strong>se-</strong></span> 
     </span>
     <span class='ocr_line' id='line_1_18' title="bbox 317 789 1817 859; baseline 0.014 -35"><span class='ocrx_word' id='word_1_87' title='bbox 317 798 421 825; x_wconf 85' lang='lat' dir='ltr'><strong>eum</strong></span> <span class='ocrx_word' id='word_1_88' title='bbox 463 789 728 842; x_wconf 71' lang='lat' dir='ltr'><strong>assumpsit,</strong></span> <span class='ocrx_word' id='word_1_89' title='bbox 772 792 818 831; x_wconf 93' lang='lat' dir='ltr'><strong>et</strong></span> <span class='ocrx_word' id='word_1_90' title='bbox 860 793 1091 845; x_wconf 81' lang='lat' dir='ltr'><strong>premissis</strong></span> <span class='ocrx_word' id='word_1_91' title='bbox 1133 797 1241 837; x_wconf 89' lang='lat' dir='ltr'><strong>ante</strong></span> <span class='ocrx_word' id='word_1_92' title='bbox 1282 810 1329 838; x_wconf 92' lang='lat' dir='ltr'><strong>se</strong></span> <span class='ocrx_word' id='word_1_93' title='bbox 1369 797 1418 838; x_wconf 90' lang='lat' dir='ltr'><strong>in</strong></span> <span class='ocrx_word' id='word_1_94' title='bbox 1460 800 1649 843; x_wconf 79' lang='lat' dir='ltr'><strong>sarcinis</strong></span> <span class='ocrx_word' id='word_1_95' title='bbox 1683 802 1817 859; x_wconf 79' lang='lat' dir='ltr'><strong>regni</strong></span> 
     </span>
     <span class='ocr_line' id='line_1_19' title="bbox 315 843 1816 916; baseline 0.014 -32"><span class='ocrx_word' id='word_1_96' title='bbox 315 843 571 899; x_wconf 79' lang='lat' dir='ltr'><strong>insignibus</strong></span> <span class='ocrx_word' id='word_1_97' title='bbox 613 849 659 889; x_wconf 90' lang='lat' dir='ltr'><strong>et</strong></span> <span class='ocrx_word' id='word_1_98' title='bbox 701 851 875 902; x_wconf 87' lang='lat' dir='ltr'><strong>quanta</strong></span> <span class='ocrx_word' id='word_1_99' title='bbox 915 853 1097 906; x_wconf 90' lang='lat' dir='ltr'><strong>tempus</strong></span> <span class='ocrx_word' id='word_1_100' title='bbox 1140 855 1186 895; x_wconf 89' lang='lat' dir='ltr'><strong>et</strong></span> <span class='ocrx_word' id='word_1_101' title='bbox 1226 868 1298 897; x_wconf 89' lang='lat' dir='ltr'><strong>res</strong></span> <span class='ocrx_word' id='word_1_102' title='bbox 1340 857 1638 911; x_wconf 85' lang='lat' dir='ltr'><strong>patiebantur</strong></span> <span class='ocrx_word' id='word_1_103' title='bbox 1683 863 1816 916; x_wconf 76' lang='lat' dir='ltr'><strong>parte</strong></span> 
     </span>
     <span class='ocr_line' id='line_1_20' title="bbox 314 903 1864 976; baseline 0.014 -34"><span class='ocrx_word' id='word_1_104' title='bbox 314 903 649 956; x_wconf 72' lang='lat' dir='ltr'><strong>thesaurorum,</strong></span> <span class='ocrx_word' id='word_1_105' title='bbox 685 907 804 948; x_wconf 90' lang='lat' dir='ltr'><strong>clam</strong></span> <span class='ocrx_word' id='word_1_106' title='bbox 837 923 1043 963; x_wconf 83' lang='lat' dir='ltr'><strong>egressus</strong></span> <span class='ocrx_word' id='word_1_107' title='bbox 1067 915 1136 954; x_wconf 91' lang='lat' dir='ltr'><strong>est</strong></span> <span class='ocrx_word' id='word_1_108' title='bbox 1163 913 1219 955; x_wconf 94' lang='lat' dir='ltr'><strong>de</strong></span> <span class='ocrx_word' id='word_1_109' title='bbox 1249 915 1453 967; x_wconf 89' lang='lat' dir='ltr'><strong>castello,</strong></span> <span class='ocrx_word' id='word_1_110' title='bbox 1488 918 1598 960; x_wconf 85' lang='lat' dir='ltr'><strong>dato</strong></span> <span class='ocrx_word' id='word_1_111' title='bbox 1623 920 1815 976; x_wconf 86' lang='lat' dir='ltr'><strong>negocio</strong></span> <span class='ocrx_word' id='word_1_112' title='bbox 1829 932 1864 960; x_wconf 73' lang='grc' dir='ltr'><strong>ιο</strong></span> 
     </span>
     <span class='ocr_line' id='line_1_21' title="bbox 314 962 1947 1034; baseline 0.014 -32"><span class='ocrx_word' id='word_1_113' title='bbox 314 962 386 1003; x_wconf 87' lang='lat' dir='ltr'><strong>his</strong></span> <span class='ocrx_word' id='word_1_114' title='bbox 419 964 495 1017; x_wconf 87' lang='lat' dir='ltr'><strong>qui</strong></span> <span class='ocrx_word' id='word_1_115' title='bbox 527 964 653 1006; x_wconf 89' lang='lat' dir='ltr'><strong>intus</strong></span> <span class='ocrx_word' id='word_1_116' title='bbox 685 968 997 1019; x_wconf 71' lang='lat' dir='ltr'><strong>remanebant,</strong></span> <span class='ocrx_word' id='word_1_117' title='bbox 1032 973 1085 1011; x_wconf 91' lang='lat' dir='ltr'><strong>ut</strong></span> <span class='ocrx_word' id='word_1_118' title='bbox 1111 975 1295 1026; x_wconf 89' lang='lat' dir='ltr'><strong>postera</strong></span> <span class='ocrx_word' id='word_1_119' title='bbox 1321 975 1395 1017; x_wconf 89' lang='lat' dir='ltr'><strong>die</strong></span> <span class='ocrx_word' id='word_1_120' title='bbox 1423 979 1598 1030; x_wconf 88' lang='lat' dir='ltr'><strong>quanta</strong></span> <span class='ocrx_word' id='word_1_121' title='bbox 1627 981 1816 1034; x_wconf 80' lang='lat' dir='ltr'><strong>possent</strong></span> <span class='ocrx_word' id='word_1_122' title='bbox 1900 979 1947 1000; x_wconf 65' lang='grc'><strong>“·“’</strong></span> 
     </span>
     <span class='ocr_line' id='line_1_22' title="bbox 314 1024 1814 1083; baseline 0.014 -22"><span class='ocrx_word' id='word_1_123' title='bbox 314 1024 412 1063; x_wconf 85' lang='lat' dir='ltr'><strong>arte</strong></span> <span class='ocrx_word' id='word_1_124' title='bbox 446 1025 724 1077; x_wconf 81' lang='lat' dir='ltr'><strong>presentiam</strong></span> <span class='ocrx_word' id='word_1_125' title='bbox 757 1027 827 1067; x_wconf 91' lang='lat' dir='ltr'><strong>sui</strong></span> <span class='ocrx_word' id='word_1_126' title='bbox 860 1028 1132 1072; x_wconf 84' lang='lat' dir='ltr'><strong>simularent</strong></span> <span class='ocrx_word' id='word_1_127' title='bbox 1165 1034 1212 1074; x_wconf 89' lang='lat' dir='ltr'><strong>et</strong></span> <span class='ocrx_word' id='word_1_128' title='bbox 1238 1034 1441 1076; x_wconf 89' lang='lat' dir='ltr'><strong>hostium</strong></span> <span class='ocrx_word' id='word_1_129' title='bbox 1467 1036 1643 1080; x_wconf 86' lang='lat' dir='ltr'><strong>animos</strong></span> <span class='ocrx_word' id='word_1_130' title='bbox 1669 1052 1697 1080; x_wconf 85' lang='lat' dir='ltr'><strong>a</strong></span> <span class='ocrx_word' id='word_1_131' title='bbox 1721 1051 1814 1083; x_wconf 84' lang='lat' dir='ltr'><strong>sus·</strong></span> 
     </span>
     <span class='ocr_line' id='line_1_23' title="bbox 312 1081 1812 1150; baseline 0.014 -30"><span class='ocrx_word' id='word_1_132' title='bbox 312 1081 570 1134; x_wconf 88' lang='lat' dir='ltr'><strong>picionibus</strong></span> <span class='ocrx_word' id='word_1_133' title='bbox 610 1084 750 1139; x_wconf 85' lang='lat' dir='ltr'><strong>fugae</strong></span> <span class='ocrx_word' id='word_1_134' title='bbox 792 1100 900 1129; x_wconf 88' lang='lat' dir='ltr'><strong>suae</strong></span> <span class='ocrx_word' id='word_1_135' title='bbox 945 1093 1203 1132; x_wconf 88' lang='lat' dir='ltr'><strong>avocarent.</strong></span> <span class='ocrx_word' id='word_1_136' title='bbox 1276 1093 1446 1136; x_wconf 85' lang='lat' dir='ltr'><strong>Triduo</strong></span> <span class='ocrx_word' id='word_1_137' title='bbox 1494 1109 1576 1150; x_wconf 89' lang='lat' dir='ltr'><strong>per</strong></span> <span class='ocrx_word' id='word_1_138' title='bbox 1615 1098 1812 1141; x_wconf 81' lang='lat' dir='ltr'><strong>vastissi-</strong></span> 
     </span>
     <span class='ocr_line' id='line_1_24' title="bbox 311 1141 1916 1211; baseline 0.014 -31"><span class='ocrx_word' id='word_1_139' title='bbox 311 1155 431 1181; x_wconf 86' lang='lat' dir='ltr'><strong>mam</strong></span> <span class='ocrx_word' id='word_1_140' title='bbox 455 1141 614 1183; x_wconf 82' lang='lat' dir='ltr'><strong>silvam</strong></span> <span class='ocrx_word' id='word_1_141' title='bbox 638 1144 793 1196; x_wconf 84' lang='lat' dir='ltr'><strong>ieiuni,</strong></span> <span class='ocrx_word' id='word_1_142' title='bbox 829 1148 881 1187; x_wconf 92' lang='lat' dir='ltr'><strong>ut</strong></span> <span class='ocrx_word' id='word_1_143' title='bbox 903 1148 1098 1199; x_wconf 62' lang='lat' dir='ltr'><strong>fer-ture,</strong></span> <span class='ocrx_word' id='word_1_144' title='bbox 1133 1152 1465 1205; x_wconf 86' lang='lat' dir='ltr'><strong>gradiebantur</strong></span> <span class='ocrx_word' id='word_1_145' title='bbox 1486 1157 1812 1211; x_wconf 67' lang='lat' dir='ltr'><strong>angustissimo</strong></span> <span class='ocrx_word' id='word_1_146' title='bbox 1899 1204 1916 1209; x_wconf 67' lang='grc'>,</span> 
     </span>
     <span class='ocr_line' id='line_1_25' title="bbox 311 1202 1921 1272; baseline 0.014 -33"><span class='ocrx_word' id='word_1_147' title='bbox 311 1202 358 1241; x_wconf 88' lang='lat' dir='ltr'><strong>et</strong></span> <span class='ocrx_word' id='word_1_148' title='bbox 390 1202 547 1254; x_wconf 78' lang='lat' dir='ltr'><strong>paucis</strong></span> <span class='ocrx_word' id='word_1_149' title='bbox 580 1204 777 1246; x_wconf 86' lang='lat' dir='ltr'><strong>antehac</strong></span> <span class='ocrx_word' id='word_1_150' title='bbox 810 1209 1043 1261; x_wconf 84' lang='lat' dir='ltr'><strong>comperto</strong></span> <span class='ocrx_word' id='word_1_151' title='bbox 1075 1210 1274 1259; x_wconf 82' lang='lat' dir='ltr'><strong>tramite,</strong></span> <span class='ocrx_word' id='word_1_152' title='bbox 1318 1226 1451 1266; x_wconf 91' lang='lat' dir='ltr'><strong>quem</strong></span> <span class='ocrx_word' id='word_1_153' title='bbox 1485 1217 1677 1258; x_wconf 85' lang='lat' dir='ltr'><strong>venator</strong></span> <span class='ocrx_word' id='word_1_154' title='bbox 1717 1217 1860 1272; x_wconf 79' lang='lat' dir='ltr'><strong>qui-1⁵</strong></span> <span class='ocrx_word' id='word_1_155' title='bbox 1909 1225 1921 1260; x_wconf 62' lang='lat' dir='ltr'><strong><em>f</em></strong></span> 
     </span>
     <span class='ocr_line' id='line_1_26' title="bbox 311 1259 1810 1319; baseline 0.014 -21"><span class='ocrx_word' id='word_1_156' title='bbox 311 1259 428 1306; x_wconf 82' lang='lat' dir='ltr'><strong>dam,</strong></span> <span class='ocrx_word' id='word_1_157' title='bbox 474 1261 565 1301; x_wconf 89' lang='lat' dir='ltr'><strong>dux</strong></span> <span class='ocrx_word' id='word_1_158' title='bbox 597 1262 788 1313; x_wconf 81' lang='lat' dir='ltr'><strong>itineris,</strong></span> <span class='ocrx_word' id='word_1_159' title='bbox 833 1265 942 1306; x_wconf 90' lang='lat' dir='ltr'><strong>dum</strong></span> <span class='ocrx_word' id='word_1_160' title='bbox 955 1262 971 1288; x_wconf 76' lang='lat' dir='ltr'><strong>f</strong></span> <span class='ocrx_word' id='word_1_161' title='bbox 1006 1270 1204 1310; x_wconf 86' lang='lat' dir='ltr'><strong>venandi</strong></span> <span class='ocrx_word' id='word_1_162' title='bbox 1245 1271 1399 1314; x_wconf 89' lang='lat' dir='ltr'><strong>studio</strong></span> <span class='ocrx_word' id='word_1_163' title='bbox 1441 1273 1705 1317; x_wconf 78' lang='lat' dir='ltr'><strong>sollertiusg</strong></span> <span class='ocrx_word' id='word_1_164' title='bbox 1737 1276 1810 1319; x_wconf 86' lang='lat' dir='ltr'><strong>sil-</strong></span> 
     </span>
     <span class='ocr_line' id='line_1_27' title="bbox 307 1320 1810 1387; baseline 0.013 -29"><span class='ocrx_word' id='word_1_165' title='bbox 307 1332 467 1359; x_wconf 79' lang='lat' dir='ltr'><strong>varum</strong></span> <span class='ocrx_word' id='word_1_166' title='bbox 495 1320 655 1362; x_wconf 82' lang='lat' dir='ltr'><strong>abdita</strong></span> <span class='ocrx_word' id='word_1_167' title='bbox 685 1322 943 1375; x_wconf 81' lang='lat' dir='ltr'><strong>rimaretur,</strong></span> <span class='ocrx_word' id='word_1_168' title='bbox 979 1327 1360 1381; x_wconf 83' lang='lat' dir='ltr'><strong>deprehenderat,</strong></span> <span class='ocrx_word' id='word_1_169' title='bbox 1394 1333 1597 1387; x_wconf 88' lang='lat' dir='ltr'><strong>undique</strong></span> <span class='ocrx_word' id='word_1_170' title='bbox 1620 1334 1810 1377; x_wconf 90' lang='lat' dir='ltr'><strong>circum-</strong></span> 
     </span>
     <span class='ocr_line' id='line_1_28' title="bbox 309 1379 1807 1446; baseline 0.014 -29"><span class='ocrx_word' id='word_1_171' title='bbox 309 1380 569 1431; x_wconf 84' lang='lat' dir='ltr'><strong>spectantes</strong></span> <span class='ocrx_word' id='word_1_172' title='bbox 601 1381 808 1435; x_wconf 79' lang='lat' dir='ltr'><strong>gladium</strong></span> <span class='ocrx_word' id='word_1_173' title='bbox 842 1379 915 1425; x_wconf 86' lang='lat' dir='ltr'><strong>eth</strong></span> <span class='ocrx_word' id='word_1_174' title='bbox 943 1385 1001 1425; x_wconf 91' lang='lat' dir='ltr'><strong>ad</strong></span> <span class='ocrx_word' id='word_1_175' title='bbox 1029 1387 1280 1439; x_wconf 88' lang='lat' dir='ltr'><strong>quemlibet</strong></span> <span class='ocrx_word' id='word_1_176' title='bbox 1313 1393 1643 1446; x_wconf 88' lang='lat' dir='ltr'><strong>perstrepentis</strong></span> <span class='ocrx_word' id='word_1_177' title='bbox 1669 1407 1807 1438; x_wconf 79' lang='lat' dir='ltr'><strong>aurae</strong></span> 
     </span>
     <span class='ocr_line' id='line_1_29' title="bbox 307 1437 1807 1504; baseline 0.014 -29"><span class='ocrx_word' id='word_1_178' title='bbox 307 1437 508 1478; x_wconf 88' lang='lat' dir='ltr'><strong>sonitum</strong></span> <span class='ocrx_word' id='word_1_179' title='bbox 549 1439 759 1482; x_wconf 88' lang='lat' dir='ltr'><strong>incursus</strong></span> <span class='ocrx_word' id='word_1_180' title='bbox 801 1443 1005 1484; x_wconf 87' lang='lat' dir='ltr'><strong>hostium</strong></span> <span class='ocrx_word' id='word_1_181' title='bbox 1045 1446 1226 1500; x_wconf 87' lang='lat' dir='ltr'><strong>iamque</strong></span> <span class='ocrx_word' id='word_1_182' title='bbox 1266 1448 1426 1504; x_wconf 82' lang='lat' dir='ltr'><strong>iugulo</strong></span> <span class='ocrx_word' id='word_1_183' title='bbox 1463 1451 1807 1496; x_wconf 85' lang='lat' dir='ltr'><strong>incumbentem</strong></span> 
     </span>
     <span class='ocr_line' id='line_1_30' title="bbox 306 1495 1915 1567; baseline 0.014 -32"><span class='ocrx_word' id='word_1_184' title='bbox 306 1495 546 1538; x_wconf 85' lang='lat' dir='ltr'><strong>interitum</strong></span> <span class='ocrx_word' id='word_1_185' title='bbox 588 1499 891 1543; x_wconf 77' lang='lat' dir='ltr'><strong>formidantes</strong></span> <span class='ocrx_word' id='word_1_186' title='bbox 907 1503 933 1542; x_wconf 71' lang='lat'><strong>²².</strong></span> <span class='ocrx_word' id='word_1_187' title='bbox 999 1503 1174 1555; x_wconf 75' lang='lat' dir='ltr'><strong>Quarto</strong></span> <span class='ocrx_word' id='word_1_188' title='bbox 1217 1508 1290 1549; x_wconf 91' lang='lat' dir='ltr'><strong>die</strong></span> <span class='ocrx_word' id='word_1_189' title='bbox 1331 1508 1498 1560; x_wconf 89' lang='lat' dir='ltr'><strong>inedia,</strong></span> <span class='ocrx_word' id='word_1_190' title='bbox 1540 1511 1711 1567; x_wconf 86' lang='lat' dir='ltr'><strong>vigiliis</strong></span> <span class='ocrx_word' id='word_1_191' title='bbox 1752 1525 1855 1556; x_wconf 66' lang='lat' dir='ltr'><strong>acio</strong></span> <span class='ocrx_word' id='word_1_192' title='bbox 1904 1526 1915 1560; x_wconf 68' lang='grc' dir='ltr'><em>ξ</em></span> 
     </span>
     <span class='ocr_line' id='line_1_31' title="bbox 306 1551 1806 1616; baseline 0.014 -22"><span class='ocrx_word' id='word_1_193' title='bbox 306 1551 455 1610; x_wconf 80' lang='lat' dir='ltr'><strong>longii</strong></span> <span class='ocrx_word' id='word_1_194' title='bbox 497 1557 675 1599; x_wconf 86' lang='lat' dir='ltr'><strong>itineris</strong></span> <span class='ocrx_word' id='word_1_195' title='bbox 717 1559 874 1602; x_wconf 92' lang='lat' dir='ltr'><strong>labore</strong></span> <span class='ocrx_word' id='word_1_196' title='bbox 912 1575 1055 1616; x_wconf 90' lang='lat' dir='ltr'><strong>usque</strong></span> <span class='ocrx_word' id='word_1_197' title='bbox 1097 1565 1155 1606; x_wconf 90' lang='lat' dir='ltr'><strong>ad</strong></span> <span class='ocrx_word' id='word_1_198' title='bbox 1196 1569 1447 1609; x_wconf 85' lang='lat' dir='ltr'><strong>extremam</strong></span> <span class='ocrx_word' id='word_1_199' title='bbox 1483 1569 1806 1615; x_wconf 85' lang='lat' dir='ltr'><strong>lassitudinem</strong></span> 
     </span>
     <span class='ocr_line' id='line_1_32' title="bbox 305 1612 1804 1676; baseline 0.013 -22"><span class='ocrx_word' id='word_1_200' title='bbox 305 1612 534 1657; x_wconf 80' lang='lat' dir='ltr'><strong>confectik</strong></span> <span class='ocrx_word' id='word_1_201' title='bbox 570 1617 929 1674; x_wconf 85' lang='lat' dir='ltr'><strong>Eschenewege¹</strong></span> <span class='ocrx_word' id='word_1_202' title='bbox 971 1628 1293 1676; x_wconf 86' lang='lat' dir='ltr'><strong>pervenerunt.</strong></span> <span class='ocrx_word' id='word_1_203' title='bbox 1357 1627 1450 1669; x_wconf 89' lang='lat' dir='ltr'><strong>Ubi</strong></span> <span class='ocrx_word' id='word_1_204' title='bbox 1491 1629 1593 1672; x_wconf 91' lang='lat' dir='ltr'><strong>cibo</strong></span> <span class='ocrx_word' id='word_1_205' title='bbox 1630 1643 1804 1674; x_wconf 88' lang='lat' dir='ltr'><strong>somno-</strong></span> 
     </span>
    </p>
   </div>
   <div class='ocr_carea' id='block_1_12' title="bbox 1860 0 1968 3164">
    <p class='ocr_par' dir='ltr' id='par_1_12' title="bbox 1860 0 1968 3164">
     <span class='ocr_line' id='line_1_33' title="bbox 1860 0 1968 3164; baseline 0 0"><span class='ocrx_word' id='word_1_206' title='bbox 1860 0 1968 3164; x_wconf 95' lang='lat' dir='ltr'><strong> </strong></span> 
     </span>
    </p>
   </div>
   <div class='ocr_carea' id='block_1_13' title="bbox 297 1733 1923 2335">
    <p class='ocr_par' dir='ltr' id='par_1_13' title="bbox 301 1733 1925 2012">
     <span class='ocr_line' id='line_1_34' title="bbox 304 1733 1803 1806; baseline 0.015 -33"><span class='ocrx_word' id='word_1_207' title='bbox 304 1733 376 1780; x_wconf 84' lang='lat' dir='ltr'><strong>sti,</strong></span> <span class='ocrx_word' id='word_1_208' title='bbox 413 1748 516 1775; x_wconf 89' lang='lat' dir='ltr'><strong>cum</strong></span> <span class='ocrx_word' id='word_1_209' title='bbox 548 1735 639 1776; x_wconf 87' lang='lat' dir='ltr'><strong>iam</strong></span> <span class='ocrx_word' id='word_1_210' title='bbox 672 1737 803 1779; x_wconf 90' lang='lat' dir='ltr'><strong>miles</strong></span> <span class='ocrx_word' id='word_1_211' title='bbox 835 1738 1122 1794; x_wconf 82' lang='lat' dir='ltr'><strong>frequentior</strong></span> <span class='ocrx_word' id='word_1_212' title='bbox 1154 1744 1213 1785; x_wconf 95' lang='lat' dir='ltr'><strong>ad</strong></span> <span class='ocrx_word' id='word_1_213' title='bbox 1234 1758 1390 1800; x_wconf 86' lang='lat' dir='ltr'><strong>regem</strong></span> <span class='ocrx_word' id='word_1_214' title='bbox 1413 1747 1642 1791; x_wconf 89' lang='lat' dir='ltr'><strong>confluere</strong></span> <span class='ocrx_word' id='word_1_215' title='bbox 1665 1749 1803 1806; x_wconf 70' lang='lat' dir='ltr'><strong>cepis·</strong></span> 
     </span>
     <span class='ocr_line' id='line_1_35' title="bbox 304 1793 1851 1863; baseline 0.015 -31"><span class='ocrx_word' id='word_1_216' title='bbox 304 1795 385 1838; x_wconf 77' lang='lat' dir='ltr'><strong>set,</strong></span> <span class='ocrx_word' id='word_1_217' title='bbox 421 1793 718 1836; x_wconf 86' lang='lat' dir='ltr'><strong>Herveldiam</strong></span> <span class='ocrx_word' id='word_1_218' title='bbox 751 1800 1102 1842; x_wconf 90' lang='lat' dir='ltr'><strong>contenderunt.</strong></span> <span class='ocrx_word' id='word_1_219' title='bbox 1159 1802 1369 1854; x_wconf 79' lang='lat' dir='ltr'><strong>Quatuor</strong></span> <span class='ocrx_word' id='word_1_220' title='bbox 1391 1806 1607 1863; x_wconf 84' lang='lat' dir='ltr'><strong>deinceps</strong></span> <span class='ocrx_word' id='word_1_221' title='bbox 1641 1808 1851 1853; x_wconf 63' lang='lat' dir='ltr'><strong>diebusn</strong></span> 
     </span>
     <span class='ocr_line' id='line_1_36' title="bbox 301 1851 1914 1921; baseline 0.013 -29"><span class='ocrx_word' id='word_1_222' title='bbox 301 1851 473 1894; x_wconf 91' lang='lat' dir='ltr'><strong>ibidem</strong></span> <span class='ocrx_word' id='word_1_223' title='bbox 516 1858 822 1898; x_wconf 80' lang='lat' dir='ltr'><strong>commoratus</strong></span> <span class='ocrx_word' id='word_1_224' title='bbox 864 1860 951 1908; x_wconf 79' lang='lat' dir='ltr'><strong>est,</strong></span> <span class='ocrx_word' id='word_1_225' title='bbox 995 1861 1206 1914; x_wconf 88' lang='lat' dir='ltr'><strong>operiens</strong></span> <span class='ocrx_word' id='word_1_226' title='bbox 1255 1865 1525 1918; x_wconf 84' lang='lat' dir='ltr'><strong>exercitum,</strong></span> <span class='ocrx_word' id='word_1_227' title='bbox 1569 1881 1705 1921; x_wconf 89' lang='lat' dir='ltr'><strong>quem</strong></span> <span class='ocrx_word' id='word_1_228' title='bbox 1750 1868 1802 1911; x_wconf 88' lang='lat' dir='ltr'><strong>in</strong></span> <span class='ocrx_word' id='word_1_229' title='bbox 1865 1871 1914 1884; x_wconf 67' lang='lat'><em>*</em></span> 
     </span>
     <span class='ocr_line' id='line_1_37' title="bbox 302 1912 1801 1980; baseline 0.013 -29"><span class='ocrx_word' id='word_1_230' title='bbox 302 1912 642 1965; x_wconf 87' lang='lat' dir='ltr'><strong>expeditionem</strong></span> <span class='ocrx_word' id='word_1_231' title='bbox 685 1918 843 1958; x_wconf 83' lang='lat' dir='ltr'><strong>contra</strong></span> <span class='ocrx_word' id='word_1_232' title='bbox 886 1918 1111 1962; x_wconf 84' lang='lat' dir='ltr'><strong>Polenos¹¹</strong></span> <span class='ocrx_word' id='word_1_233' title='bbox 1156 1922 1211 1963; x_wconf 90' lang='lat' dir='ltr'><strong>de</strong></span> <span class='ocrx_word' id='word_1_234' title='bbox 1253 1925 1353 1965; x_wconf 90' lang='lat' dir='ltr'><strong>toto</strong></span> <span class='ocrx_word' id='word_1_235' title='bbox 1393 1938 1536 1980; x_wconf 84' lang='lat' dir='ltr'><strong>regno</strong></span> <span class='ocrx_word' id='word_1_236' title='bbox 1578 1940 1661 1968; x_wconf 89' lang='lat' dir='ltr'><strong>suo</strong></span> <span class='ocrx_word' id='word_1_237' title='bbox 1702 1941 1801 1971; x_wconf 87' lang='lat' dir='ltr'><strong>evo-</strong></span> 
     </span>
     <span class='ocr_line' id='line_1_38' title="bbox 302 1973 498 2012; baseline 0.005 -2"><span class='ocrx_word' id='word_1_238' title='bbox 302 1973 498 2012; x_wconf 80' lang='lat' dir='ltr'><strong>caverat.</strong></span> 
     </span>
    </p>

    <p class='ocr_par' dir='ltr' id='par_1_14' title="bbox 297 2030 1923 2335">
     <span class='ocr_line' id='line_1_39' title="bbox 444 2030 1923 2094; baseline 0.014 -24"><span class='ocrx_word' id='word_1_239' title='bbox 444 2030 545 2071; x_wconf 80' lang='lat' dir='ltr'><strong>Iam</strong></span> <span class='ocrx_word' id='word_1_240' title='bbox 586 2033 708 2073; x_wconf 89' lang='lat' dir='ltr'><strong>enim</strong></span> <span class='ocrx_word' id='word_1_241' title='bbox 750 2034 847 2076; x_wconf 90' lang='lat' dir='ltr'><strong>dies</strong></span> <span class='ocrx_word' id='word_1_242' title='bbox 887 2036 1104 2089; x_wconf 86' lang='lat' dir='ltr'><strong>instabat,</strong></span> <span class='ocrx_word' id='word_1_243' title='bbox 1149 2054 1284 2094; x_wconf 91' lang='lat' dir='ltr'><strong>quem</strong></span> <span class='ocrx_word' id='word_1_244' title='bbox 1317 2043 1619 2087; x_wconf 89' lang='lat' dir='ltr'><strong>coadunando</strong></span> <span class='ocrx_word' id='word_1_245' title='bbox 1659 2045 1800 2088; x_wconf 73' lang='lat' dir='ltr'><strong>militi</strong></span> <span class='ocrx_word' id='word_1_246' title='bbox 1903 2083 1923 2094; x_wconf 34' lang='lat'><strong>,-</strong></span> 
     </span>
     <span class='ocr_line' id='line_1_40' title="bbox 301 2089 1849 2159; baseline 0.014 -32"><span class='ocrx_word' id='word_1_247' title='bbox 301 2089 604 2131; x_wconf 87' lang='lat' dir='ltr'><strong>constituerat</strong></span> <span class='ocrx_word' id='word_1_248' title='bbox 618 2091 646 2130; x_wconf 82' lang='lat'><strong>3.</strong></span> <span class='ocrx_word' id='word_1_249' title='bbox 717 2093 948 2136; x_wconf 88' lang='lat' dir='ltr'><strong>Adelbero</strong></span> <span class='ocrx_word' id='word_1_250' title='bbox 982 2096 1398 2155; x_wconf 82' lang='lat' dir='ltr'><strong>Wirciburgensis⁰</strong></span> <span class='ocrx_word' id='word_1_251' title='bbox 1446 2099 1703 2159; x_wconf 81' lang='lat' dir='ltr'><strong>⁷“episcopus</strong></span> <span class='ocrx_word' id='word_1_252' title='bbox 1750 2107 1849 2148; x_wconf 64' lang='lat' dir='ltr'><strong>etas</strong></span> 
     </span>
     <span class='ocr_line' id='line_1_41' title="bbox 299 2146 1921 2220; baseline 0.015 -34"><span class='ocrx_word' id='word_1_253' title='bbox 299 2146 640 2190; x_wconf 79' lang='lat' dir='ltr'><strong>Herimannusl&#39;</strong></span> <span class='ocrx_word' id='word_1_254' title='bbox 677 2150 1072 2208; x_wconf 84' lang='lat' dir='ltr'><strong>Babenbergensis</strong></span> <span class='ocrx_word' id='word_1_255' title='bbox 1114 2158 1353 2214; x_wconf 89' lang='lat' dir='ltr'><strong>episcopus</strong></span> <span class='ocrx_word' id='word_1_256' title='bbox 1394 2163 1440 2202; x_wconf 90' lang='lat' dir='ltr'><strong>et</strong></span> <span class='ocrx_word' id='word_1_257' title='bbox 1477 2161 1558 2204; x_wconf 91' lang='lat' dir='ltr'><strong>alii</strong></span> <span class='ocrx_word' id='word_1_258' title='bbox 1588 2163 1797 2220; x_wconf 81' lang='lat' dir='ltr'><strong>plerique</strong></span> <span class='ocrx_word' id='word_1_259' title='bbox 1809 2157 1921 2219; x_wconf 39' lang='grc' dir='ltr'><strong>ἵζ’..</strong></span> 
     </span>
     <span class='ocr_line' id='line_1_42' title="bbox 298 2207 1894 2268; baseline 0.014 -23"><span class='ocrx_word' id='word_1_260' title='bbox 298 2207 540 2261; x_wconf 80' lang='lat' dir='ltr'><strong>principes,</strong></span> <span class='ocrx_word' id='word_1_261' title='bbox 575 2209 653 2262; x_wconf 92' lang='lat' dir='ltr'><strong>qui</strong></span> <span class='ocrx_word' id='word_1_262' title='bbox 685 2210 742 2250; x_wconf 92' lang='lat' dir='ltr'><strong>ad</strong></span> <span class='ocrx_word' id='word_1_263' title='bbox 775 2211 993 2254; x_wconf 89' lang='lat' dir='ltr'><strong>miliciam</strong></span> <span class='ocrx_word' id='word_1_264' title='bbox 1026 2216 1367 2268; x_wconf 86' lang='lat' dir='ltr'><strong>proficiscentes</strong></span> <span class='ocrx_word' id='word_1_265' title='bbox 1398 2220 1448 2260; x_wconf 93' lang='lat' dir='ltr'><strong>in</strong></span> <span class='ocrx_word' id='word_1_266' title='bbox 1478 2221 1658 2264; x_wconf 79' lang='lat' dir='ltr'><strong>vicinaq</strong></span> <span class='ocrx_word' id='word_1_267' title='bbox 1694 2223 1796 2267; x_wconf 70' lang='lat' dir='ltr'><strong>loca</strong></span> <span class='ocrx_word' id='word_1_268' title='bbox 1870 2223 1910 2245; x_wconf 41' lang='lat'><strong>⁵⁶·</strong></span> 
     </span>
     <span class='ocr_line' id='line_1_43' title="bbox 297 2265 1795 2335; baseline 0.013 -30"><span class='ocrx_word' id='word_1_269' title='bbox 297 2265 389 2306; x_wconf 90' lang='lat' dir='ltr'><strong>iam</strong></span> <span class='ocrx_word' id='word_1_270' title='bbox 437 2267 762 2320; x_wconf 69' lang='lat' dir='ltr'><strong>devenerantr,</strong></span> <span class='ocrx_word' id='word_1_271' title='bbox 818 2271 976 2313; x_wconf 89' lang='lat' dir='ltr'><strong>audito</strong></span> <span class='ocrx_word' id='word_1_272' title='bbox 1029 2275 1151 2327; x_wconf 92' lang='lat' dir='ltr'><strong>quod</strong></span> <span class='ocrx_word' id='word_1_273' title='bbox 1199 2277 1442 2327; x_wconf 81' lang='lat' dir='ltr'><strong>acciderat,</strong></span> <span class='ocrx_word' id='word_1_274' title='bbox 1496 2293 1688 2335; x_wconf 85' lang='lat' dir='ltr'><strong>propere</strong></span> <span class='ocrx_word' id='word_1_275' title='bbox 1734 2282 1795 2324; x_wconf 80' lang='lat' dir='ltr'><strong>ad</strong></span> 
     </span>
    </p>
   </div>
   <div class='ocr_carea' id='block_1_14' title="bbox 294 2379 1917 2549">
    <p class='ocr_par' dir='ltr' id='par_1_15' title="bbox 294 2379 1927 2549">
     <span class='ocr_line' id='line_1_44' title="bbox 296 2379 1792 2426; baseline 0.012 -22"><span class='ocrx_word' id='word_1_276' title='bbox 296 2379 325 2410; x_wconf 83' lang='lat' dir='ltr'><strong>a)</strong></span> <span class='ocrx_word' id='word_1_277' title='bbox 346 2387 402 2406; x_wconf 84' lang='lat' dir='ltr'><strong>om.</strong></span> <span class='ocrx_word' id='word_1_278' title='bbox 422 2381 503 2406; x_wconf 85' lang='lat' dir='ltr'><strong>Blb.</strong></span> <span class='ocrx_word' id='word_1_279' title='bbox 578 2382 608 2415; x_wconf 87' lang='lat' dir='ltr'><strong>b&gt;</strong></span> <span class='ocrx_word' id='word_1_280' title='bbox 626 2383 710 2408; x_wconf 84' lang='lat' dir='ltr'><strong>illum</strong></span> <span class='ocrx_word' id='word_1_281' title='bbox 728 2384 809 2410; x_wconf 85' lang='lat' dir='ltr'><strong>Blb.</strong></span> <span class='ocrx_word' id='word_1_282' title='bbox 865 2384 892 2418; x_wconf 83' lang='lat' dir='ltr'><strong>e)</strong></span> <span class='ocrx_word' id='word_1_283' title='bbox 913 2393 971 2417; x_wconf 83' lang='lat' dir='ltr'><strong>qua</strong></span> <span class='ocrx_word' id='word_1_284' title='bbox 989 2388 1015 2411; x_wconf 88' lang='lat' dir='ltr'><em>B</em></span> <span class='ocrx_word' id='word_1_285' title='bbox 1027 2389 1067 2412; x_wconf 70' lang='lat'><strong>12.</strong></span> <span class='ocrx_word' id='word_1_286' title='bbox 1125 2387 1156 2421; x_wconf 85' lang='lat' dir='ltr'><strong>d)</strong></span> <span class='ocrx_word' id='word_1_287' title='bbox 1176 2397 1253 2416; x_wconf 87' lang='lat' dir='ltr'><strong>omn.</strong></span> <span class='ocrx_word' id='word_1_288' title='bbox 1275 2391 1369 2416; x_wconf 84' lang='lat' dir='ltr'><strong>eciam</strong></span> <span class='ocrx_word' id='word_1_289' title='bbox 1387 2392 1450 2418; x_wconf 87' lang='lat' dir='ltr'><strong>Bl.</strong></span> <span class='ocrx_word' id='word_1_290' title='bbox 1507 2393 1535 2426; x_wconf 91' lang='lat' dir='ltr'><strong>e)</strong></span> <span class='ocrx_word' id='word_1_291' title='bbox 1555 2394 1654 2420; x_wconf 80' lang='lat' dir='ltr'><strong>ferunt</strong></span> <span class='ocrx_word' id='word_1_292' title='bbox 1673 2395 1738 2422; x_wconf 76' lang='grc' dir='ltr'><strong>ΔΙ.</strong></span> <span class='ocrx_word' id='word_1_293' title='bbox 1749 2397 1792 2422; x_wconf 77' lang='lat'><strong>1⁸.</strong></span> 
     </span>
     <span class='ocr_line' id='line_1_45' title="bbox 295 2415 1917 2470; baseline 0.013 -31"><span class='ocrx_word' id='word_1_294' title='bbox 295 2415 318 2447; x_wconf 81' lang='lat' dir='ltr'><strong>f)</strong></span> <span class='ocrx_word' id='word_1_295' title='bbox 338 2416 390 2446; x_wconf 89' lang='lat' dir='ltr'><strong>qui</strong></span> <span class='ocrx_word' id='word_1_296' title='bbox 408 2417 470 2442; x_wconf 88' lang='lat' dir='ltr'><strong>Bl.</strong></span> <span class='ocrx_word' id='word_1_297' title='bbox 483 2418 508 2441; x_wconf 80' lang='lat'><strong>2.</strong></span> <span class='ocrx_word' id='word_1_298' title='bbox 524 2416 569 2443; x_wconf 76' lang='lat' dir='ltr'><strong>3b,</strong></span> <span class='ocrx_word' id='word_1_299' title='bbox 638 2418 667 2450; x_wconf 87' lang='lat' dir='ltr'><strong>g)</strong></span> <span class='ocrx_word' id='word_1_300' title='bbox 687 2420 824 2445; x_wconf 79' lang='lat' dir='ltr'><strong>solertius</strong></span> <span class='ocrx_word' id='word_1_301' title='bbox 844 2421 908 2446; x_wconf 75' lang='lat' dir='ltr'><strong>Al.</strong></span> <span class='ocrx_word' id='word_1_302' title='bbox 978 2422 1008 2455; x_wconf 90' lang='lat' dir='ltr'><strong>h)</strong></span> <span class='ocrx_word' id='word_1_303' title='bbox 1027 2431 1082 2449; x_wconf 84' lang='lat' dir='ltr'><strong>om.</strong></span> <span class='ocrx_word' id='word_1_304' title='bbox 1103 2425 1181 2452; x_wconf 72' lang='lat'>131².</span> <span class='ocrx_word' id='word_1_305' title='bbox 1249 2425 1270 2459; x_wconf 83' lang='lat' dir='ltr'><strong>i)</strong></span> <span class='ocrx_word' id='word_1_306' title='bbox 1290 2427 1379 2459; x_wconf 85' lang='lat' dir='ltr'><strong>longo</strong></span> <span class='ocrx_word' id='word_1_307' title='bbox 1398 2428 1432 2454; x_wconf 90' lang='lat' dir='ltr'><strong>P.</strong></span> <span class='ocrx_word' id='word_1_308' title='bbox 1500 2428 1532 2461; x_wconf 90' lang='lat' dir='ltr'><strong>k)</strong></span> <span class='ocrx_word' id='word_1_309' title='bbox 1552 2430 1694 2456; x_wconf 78' lang='lat' dir='ltr'><strong>confectis</strong></span> <span class='ocrx_word' id='word_1_310' title='bbox 1711 2431 1791 2459; x_wconf 73' lang='lat'>131⁸.</span> <span class='ocrx_word' id='word_1_311' title='bbox 1806 2434 1842 2460; x_wconf 73' lang='lat'><strong>85</strong></span> <span class='ocrx_word' id='word_1_312' title='bbox 1885 2461 1917 2470; x_wconf 86' lang='lat'><strong>.-</strong></span> 
     </span>
     <span class='ocr_line' id='line_1_46' title="bbox 294 2450 1905 2499; baseline 0.012 -24"><span class='ocrx_word' id='word_1_313' title='bbox 294 2450 316 2483; x_wconf 92' lang='lat'><strong>1)</strong></span> <span class='ocrx_word' id='word_1_314' title='bbox 335 2451 538 2484; x_wconf 80' lang='lat' dir='ltr'><strong>Eskenewege</strong></span> <span class='ocrx_word' id='word_1_315' title='bbox 557 2453 638 2479; x_wconf 65' lang='lat'>1331).</span> <span class='ocrx_word' id='word_1_316' title='bbox 711 2455 751 2488; x_wconf 86' lang='lat' dir='ltr'><strong>ln)</strong></span> <span class='ocrx_word' id='word_1_317' title='bbox 771 2456 801 2480; x_wconf 79' lang='lat' dir='ltr'><strong>id</strong></span> <span class='ocrx_word' id='word_1_318' title='bbox 821 2460 866 2482; x_wconf 83' lang='lat' dir='ltr'><strong>est</strong></span> <span class='ocrx_word' id='word_1_319' title='bbox 885 2464 940 2482; x_wconf 80' lang='lat' dir='ltr'><strong>om.</strong></span> <span class='ocrx_word' id='word_1_320' title='bbox 962 2458 988 2482; x_wconf 76' lang='lat' dir='ltr'><strong><em>A</em></strong></span> <span class='ocrx_word' id='word_1_321' title='bbox 1000 2460 1030 2491; x_wconf 80' lang='lat'><strong>13</strong></span> <span class='ocrx_word' id='word_1_322' title='bbox 1050 2459 1087 2485; x_wconf 62' lang='lat' dir='ltr'><strong>id*</strong></span> <span class='ocrx_word' id='word_1_323' title='bbox 1101 2460 1179 2485; x_wconf 68' lang='lat'>1312.</span> <span class='ocrx_word' id='word_1_324' title='bbox 1191 2460 1236 2486; x_wconf 66' lang='lat'><strong>3¹».</strong></span> <span class='ocrx_word' id='word_1_325' title='bbox 1309 2462 1342 2495; x_wconf 87' lang='lat' dir='ltr'><strong>n)</strong></span> <span class='ocrx_word' id='word_1_326' title='bbox 1360 2464 1481 2494; x_wconf 83' lang='lat' dir='ltr'><strong>polonos</strong></span> <span class='ocrx_word' id='word_1_327' title='bbox 1501 2465 1564 2490; x_wconf 71' lang='grc' dir='ltr'><strong>ΒΞ.</strong></span> <span class='ocrx_word' id='word_1_328' title='bbox 1629 2465 1659 2499; x_wconf 89' lang='grc' dir='ltr'><strong>ο)</strong></span> <span class='ocrx_word' id='word_1_329' title='bbox 1678 2467 1792 2494; x_wconf 74' lang='lat' dir='ltr'><strong>WIrce—</strong></span> <span class='ocrx_word' id='word_1_330' title='bbox 1867 2477 1869 2479; x_wconf 95' lang='lat'>·</span> <span class='ocrx_word' id='word_1_331' title='bbox 1888 2475 1905 2478; x_wconf 71' lang='grc'><strong>“</strong></span> 
     </span>
     <span class='ocr_line' id='line_1_47' title="bbox 294 2486 1791 2536; baseline 0.012 -25"><span class='ocrx_word' id='word_1_332' title='bbox 294 2486 446 2518; x_wconf 75' lang='lat' dir='ltr'><strong>bergensis</strong></span> <span class='ocrx_word' id='word_1_333' title='bbox 466 2489 492 2513; x_wconf 72' lang='lat' dir='ltr'><strong><em>A</em></strong></span> <span class='ocrx_word' id='word_1_334' title='bbox 504 2490 534 2520; x_wconf 82' lang='lat'><strong>13</strong></span> <span class='ocrx_word' id='word_1_335' title='bbox 555 2490 783 2523; x_wconf 53' lang='lat' dir='ltr'><strong>XVirczibmgefi</strong></span> <span class='ocrx_word' id='word_1_336' title='bbox 801 2492 864 2518; x_wconf 69' lang='grc' dir='ltr'><strong>ΒΞ.</strong></span> <span class='ocrx_word' id='word_1_337' title='bbox 954 2493 984 2526; x_wconf 84' lang='lat' dir='ltr'><strong>p)</strong></span> <span class='ocrx_word' id='word_1_338' title='bbox 1005 2495 1192 2522; x_wconf 71' lang='lat' dir='ltr'><strong>Hei-mannus</strong></span> <span class='ocrx_word' id='word_1_339' title='bbox 1211 2497 1274 2522; x_wconf 70' lang='grc' dir='ltr'><strong>ΒΞ.</strong></span> <span class='ocrx_word' id='word_1_340' title='bbox 1361 2498 1391 2531; x_wconf 91' lang='lat' dir='ltr'><strong>q)</strong></span> <span class='ocrx_word' id='word_1_341' title='bbox 1411 2499 1520 2525; x_wconf 81' lang='lat' dir='ltr'><strong>vicinia</strong></span> <span class='ocrx_word' id='word_1_342' title='bbox 1538 2500 1620 2527; x_wconf 65' lang='grc' dir='ltr'><strong>ΒΗ).</strong></span> <span class='ocrx_word' id='word_1_343' title='bbox 1694 2501 1720 2536; x_wconf 82' lang='lat' dir='ltr'><strong>r)</strong></span> <span class='ocrx_word' id='word_1_344' title='bbox 1739 2503 1791 2529; x_wconf 78' lang='lat' dir='ltr'><strong>ad-</strong></span> 
     </span>
     <span class='ocr_line' id='line_1_48' title="bbox 294 2524 536 2549; baseline 0.008 -2"><span class='ocrx_word' id='word_1_345' title='bbox 294 2527 440 2549; x_wconf 80' lang='lat' dir='ltr'><strong>uenerant</strong></span> <span class='ocrx_word' id='word_1_346' title='bbox 458 2524 484 2548; x_wconf 87' lang='lat' dir='ltr'><em>B</em></span> <span class='ocrx_word' id='word_1_347' title='bbox 496 2525 536 2549; x_wconf 79' lang='lat'><strong>1¹³.</strong></span> 
     </span>
    </p>
   </div>
   <div class='ocr_carea' id='block_1_15' title="bbox 290 2616 1910 2966">
    <p class='ocr_par' dir='ltr' id='par_1_16' title="bbox 290 2616 1922 2966">
     <span class='ocr_line' id='line_1_49' title="bbox 294 2616 1789 2676; baseline 0.012 -26"><span class='ocrx_word' id='word_1_348' title='bbox 294 2616 330 2661; x_wconf 87' lang='lat'><strong>1)</strong></span> <span class='ocrx_word' id='word_1_349' title='bbox 357 2618 453 2651; x_wconf 71' lang='lat' dir='ltr'><strong>Anu.</strong></span> <span class='ocrx_word' id='word_1_350' title='bbox 477 2619 514 2651; x_wconf 90' lang='lat' dir='ltr'><em>Y</em></span> <span class='ocrx_word' id='word_1_351' title='bbox 512 2619 626 2663; x_wconf 63' lang='lat' dir='ltr'><strong>bury„</strong></span> <span class='ocrx_word' id='word_1_352' title='bbox 653 2621 718 2656; x_wconf 83' lang='lat' dir='ltr'><strong>SS.</strong></span> <span class='ocrx_word' id='word_1_353' title='bbox 735 2621 839 2665; x_wconf 85' lang='lat' dir='ltr'><strong>XVI,</strong></span> <span class='ocrx_word' id='word_1_354' title='bbox 862 2634 902 2665; x_wconf 79' lang='lat' dir='ltr'><strong>p.</strong></span> <span class='ocrx_word' id='word_1_355' title='bbox 919 2625 1009 2658; x_wconf 83' lang='lat'>436:</span> <span class='ocrx_word' id='word_1_356' title='bbox 1042 2623 1145 2670; x_wconf 83' lang='lat' dir='ltr'><strong>Fuga</strong></span> <span class='ocrx_word' id='word_1_357' title='bbox 1169 2626 1264 2671; x_wconf 85' lang='lat' dir='ltr'><strong>regis</strong></span> <span class='ocrx_word' id='word_1_358' title='bbox 1289 2627 1334 2662; x_wconf 89' lang='lat' dir='ltr'><strong>de</strong></span> <span class='ocrx_word' id='word_1_359' title='bbox 1359 2626 1590 2676; x_wconf 84' lang='lat' dir='ltr'><strong>Hartesburg</strong></span> <span class='ocrx_word' id='word_1_360' title='bbox 1613 2631 1652 2666; x_wconf 89' lang='lat' dir='ltr'><strong>in</strong></span> <span class='ocrx_word' id='word_1_361' title='bbox 1675 2632 1789 2668; x_wconf 74' lang='lat' dir='ltr'><strong>natali</strong></span> 
     </span>
     <span class='ocr_line' id='line_1_50' title="bbox 293 2664 1904 2729; baseline 0.012 -32"><span class='ocrx_word' id='word_1_362' title='bbox 293 2664 407 2698; x_wconf 86' lang='lat' dir='ltr'><strong>sancti</strong></span> <span class='ocrx_word' id='word_1_363' title='bbox 423 2664 613 2700; x_wconf 86' lang='lat' dir='ltr'><strong>Laurentii</strong></span> <span class='ocrx_word' id='word_1_364' title='bbox 636 2668 746 2711; x_wconf 72' lang='lat' dir='ltr'><strong>(Any.</strong></span> <span class='ocrx_word' id='word_1_365' title='bbox 767 2671 829 2712; x_wconf 86' lang='lat'><strong>10)</strong></span> <span class='ocrx_word' id='word_1_366' title='bbox 837 2681 852 2710; x_wconf 87' lang='lat'><em>;</em></span> <span class='ocrx_word' id='word_1_367' title='bbox 876 2669 923 2704; x_wconf 88' lang='lat' dir='ltr'><strong>V.</strong></span> <span class='ocrx_word' id='word_1_368' title='bbox 941 2670 1028 2704; x_wconf 89' lang='lat' dir='ltr'><strong>Idus</strong></span> <span class='ocrx_word' id='word_1_369' title='bbox 1046 2671 1205 2717; x_wconf 86' lang='lat' dir='ltr'><strong>Augusti</strong></span> <span class='ocrx_word' id='word_1_370' title='bbox 1229 2675 1340 2718; x_wconf 74' lang='lat' dir='ltr'><em>(Auy.</em></span> <span class='ocrx_word' id='word_1_371' title='bbox 1359 2677 1398 2718; x_wconf 85' lang='lat'><strong>9)</strong></span> <span class='ocrx_word' id='word_1_372' title='bbox 1423 2678 1518 2713; x_wconf 65' lang='lat' dir='ltr'><strong>Ama.</strong></span> <span class='ocrx_word' id='word_1_373' title='bbox 1537 2678 1635 2713; x_wconf 74' lang='lat' dir='ltr'><strong>Saxo</strong></span> <span class='ocrx_word' id='word_1_374' title='bbox 1649 2690 1691 2723; x_wconf 80' lang='lat' dir='ltr'><strong>p.</strong></span> <span class='ocrx_word' id='word_1_375' title='bbox 1706 2682 1837 2718; x_wconf 66' lang='lat' dir='ltr'><strong>mmo</strong></span> <span class='ocrx_word' id='word_1_376' title='bbox 1868 2686 1904 2729; x_wconf 49' lang='grc' dir='ltr'><strong>ἐξ</strong></span> 
     </span>
     <span class='ocr_line' id='line_1_51' title="bbox 294 2711 1888 2771; baseline 0.011 -27"><span class='ocrx_word' id='word_1_377' title='bbox 294 2711 349 2753; x_wconf 81' lang='lat' dir='ltr'><strong>Cf.</strong></span> <span class='ocrx_word' id='word_1_378' title='bbox 367 2712 752 2759; x_wconf 77' lang='lat' dir='ltr'><strong>Scheffer—Boichorst,</strong></span> <span class='ocrx_word' id='word_1_379' title='bbox 780 2718 875 2752; x_wconf 80' lang='lat' dir='ltr'><strong>Ann.</strong></span> <span class='ocrx_word' id='word_1_380' title='bbox 895 2718 1157 2755; x_wconf 73' lang='lat' dir='ltr'><strong>Patherbrunn.</strong></span> <span class='ocrx_word' id='word_1_381' title='bbox 1178 2732 1218 2764; x_wconf 79' lang='lat' dir='ltr'><strong>p.</strong></span> <span class='ocrx_word' id='word_1_382' title='bbox 1237 2723 1293 2757; x_wconf 83' lang='lat'><strong>95.</strong></span> <span class='ocrx_word' id='word_1_383' title='bbox 1338 2723 1425 2757; x_wconf 81' lang='lat' dir='ltr'><strong>Cum</strong></span> <span class='ocrx_word' id='word_1_384' title='bbox 1451 2726 1538 2759; x_wconf 76' lang='lat' dir='ltr'><strong>aliis</strong></span> <span class='ocrx_word' id='word_1_385' title='bbox 1563 2726 1648 2760; x_wconf 75' lang='lat' dir='ltr'><strong>locis</strong></span> <span class='ocrx_word' id='word_1_386' title='bbox 1669 2737 1788 2771; x_wconf 79' lang='lat' dir='ltr'><strong>pauca</strong></span> <span class='ocrx_word' id='word_1_387' title='bbox 1874 2739 1888 2755; x_wconf 60' lang='lat'><strong>2³</strong></span> 
     </span>
     <span class='ocr_line' id='line_1_52' title="bbox 291 2759 1788 2817; baseline 0.012 -27"><span class='ocrx_word' id='word_1_388' title='bbox 291 2769 336 2791; x_wconf 69' lang='lat' dir='ltr'><strong>em</strong></span> <span class='ocrx_word' id='word_1_389' title='bbox 360 2759 549 2802; x_wconf 73' lang='lat' dir='ltr'><strong>Lamperti</strong></span> <span class='ocrx_word' id='word_1_390' title='bbox 571 2763 666 2797; x_wconf 77' lang='lat' dir='ltr'><strong>Ann.</strong></span> <span class='ocrx_word' id='word_1_391' title='bbox 693 2765 732 2796; x_wconf 78' lang='lat' dir='ltr'><strong>in</strong></span> <span class='ocrx_word' id='word_1_392' title='bbox 756 2764 853 2799; x_wconf 64' lang='lat' dir='ltr'><strong>Arm.</strong></span> <span class='ocrx_word' id='word_1_393' title='bbox 878 2766 1142 2803; x_wconf 76' lang='lat' dir='ltr'><strong>Patherbrunn.</strong></span> <span class='ocrx_word' id='word_1_394' title='bbox 1168 2771 1348 2813; x_wconf 53' lang='lat' dir='ltr'><strong>emm-apta</strong></span> <span class='ocrx_word' id='word_1_395' title='bbox 1382 2772 1496 2812; x_wconf 69' lang='lat' dir='ltr'><strong>fuisse</strong></span> <span class='ocrx_word' id='word_1_396' title='bbox 1523 2773 1616 2806; x_wconf 78' lang='lat' dir='ltr'><strong>mihi</strong></span> <span class='ocrx_word' id='word_1_397' title='bbox 1633 2784 1788 2817; x_wconf 73' lang='lat' dir='ltr'><strong>persua-</strong></span> 
     </span>
     <span class='ocr_line' id='line_1_53' title="bbox 291 2808 1789 2864; baseline 0.012 -26"><span class='ocrx_word' id='word_1_398' title='bbox 291 2816 370 2838; x_wconf 79' lang='lat' dir='ltr'><strong>sum</strong></span> <span class='ocrx_word' id='word_1_399' title='bbox 394 2808 452 2850; x_wconf 75' lang='lat' dir='ltr'><strong>sit,</strong></span> <span class='ocrx_word' id='word_1_400' title='bbox 488 2810 601 2842; x_wconf 73' lang='lat' dir='ltr'><strong>nescio</strong></span> <span class='ocrx_word' id='word_1_401' title='bbox 636 2820 684 2842; x_wconf 79' lang='lat' dir='ltr'><strong>an</strong></span> <span class='ocrx_word' id='word_1_402' title='bbox 718 2812 823 2844; x_wconf 76' lang='lat' dir='ltr'><strong>etiam</strong></span> <span class='ocrx_word' id='word_1_403' title='bbox 858 2812 921 2846; x_wconf 79' lang='lat' dir='ltr'><strong>hoc</strong></span> <span class='ocrx_word' id='word_1_404' title='bbox 950 2813 1020 2846; x_wconf 76' lang='lat' dir='ltr'><strong>loco</strong></span> <span class='ocrx_word' id='word_1_405' title='bbox 1043 2814 1118 2847; x_wconf 74' lang='lat' dir='ltr'><strong>dies</strong></span> <span class='ocrx_word' id='word_1_406' title='bbox 1142 2815 1252 2858; x_wconf 72' lang='lat' dir='ltr'><strong>fuyae</strong></span> <span class='ocrx_word' id='word_1_407' title='bbox 1276 2827 1321 2850; x_wconf 70' lang='lat' dir='ltr'><strong>ew</strong></span> <span class='ocrx_word' id='word_1_408' title='bbox 1345 2818 1408 2852; x_wconf 81' lang='lat' dir='ltr'><strong>hoc</strong></span> <span class='ocrx_word' id='word_1_409' title='bbox 1431 2819 1501 2853; x_wconf 82' lang='lat' dir='ltr'><strong>loco</strong></span> <span class='ocrx_word' id='word_1_410' title='bbox 1525 2820 1713 2864; x_wconf 76' lang='lat' dir='ltr'><strong>Lamperti</strong></span> <span class='ocrx_word' id='word_1_411' title='bbox 1735 2822 1789 2855; x_wconf 73' lang='lat' dir='ltr'><strong>ibi</strong></span> 
     </span>
     <span class='ocr_line' id='line_1_54' title="bbox 290 2856 1906 2918; baseline 0.012 -33"><span class='ocrx_word' id='word_1_412' title='bbox 290 2858 511 2895; x_wconf 76' lang='lat' dir='ltr'><strong>computatus</strong></span> <span class='ocrx_word' id='word_1_413' title='bbox 543 2856 668 2896; x_wconf 77' lang='lat' dir='ltr'><strong>fuerit.</strong></span> <span class='ocrx_word' id='word_1_414' title='bbox 789 2861 825 2901; x_wconf 77' lang='lat'><strong>2)</strong></span> <span class='ocrx_word' id='word_1_415' title='bbox 859 2860 1014 2893; x_wconf 78' lang='lat' dir='ltr'><strong>Ottonem</strong></span> <span class='ocrx_word' id='word_1_416' title='bbox 1048 2861 1088 2895; x_wconf 81' lang='lat' dir='ltr'><strong>de</strong></span> <span class='ocrx_word' id='word_1_417' title='bbox 1118 2862 1305 2897; x_wconf 75' lang='lat' dir='ltr'><strong>Northeim</strong></span> <span class='ocrx_word' id='word_1_418' title='bbox 1338 2866 1372 2898; x_wconf 79' lang='lat' dir='ltr'><strong>ei</strong></span> <span class='ocrx_word' id='word_1_419' title='bbox 1400 2867 1440 2899; x_wconf 75' lang='lat' dir='ltr'><strong>in</strong></span> <span class='ocrx_word' id='word_1_420' title='bbox 1474 2868 1600 2900; x_wconf 78' lang='lat' dir='ltr'><strong>itinere</strong></span> <span class='ocrx_word' id='word_1_421' title='bbox 1631 2869 1786 2903; x_wconf 70' lang='lat' dir='ltr'><strong>insidias</strong></span> <span class='ocrx_word' id='word_1_422' title='bbox 1874 2899 1875 2902; x_wconf 67' lang='grc'>,</span> <span class='ocrx_word' id='word_1_423' title='bbox 1899 2882 1906 2918; x_wconf 41' lang='grc' dir='ltr'>ᾗ</span> 
     </span>
     <span class='ocr_line' id='line_1_55' title="bbox 290 2901 1910 2966; baseline 0.013 -34"><span class='ocrx_word' id='word_1_424' title='bbox 290 2901 470 2935; x_wconf 77' lang='lat' dir='ltr'><strong>tetendisse</strong></span> <span class='ocrx_word' id='word_1_425' title='bbox 493 2903 658 2943; x_wconf 71' lang='lat' dir='ltr'><strong>referunt</strong></span> <span class='ocrx_word' id='word_1_426' title='bbox 682 2905 779 2940; x_wconf 74' lang='lat' dir='ltr'><strong>Ann.</strong></span> <span class='ocrx_word' id='word_1_427' title='bbox 804 2907 927 2942; x_wconf 77' lang='lat' dir='ltr'><strong>Altah.</strong></span> <span class='ocrx_word' id='word_1_428' title='bbox 1026 2908 1062 2953; x_wconf 83' lang='lat'><strong>3)</strong></span> <span class='ocrx_word' id='word_1_429' title='bbox 1091 2909 1145 2951; x_wconf 81' lang='lat' dir='ltr'><strong>Cf.</strong></span> <span class='ocrx_word' id='word_1_430' title='bbox 1171 2921 1284 2953; x_wconf 75' lang='lat' dir='ltr'><strong>supra</strong></span> <span class='ocrx_word' id='word_1_431' title='bbox 1306 2924 1343 2955; x_wconf 82' lang='lat' dir='ltr'><strong>p.</strong></span> <span class='ocrx_word' id='word_1_432' title='bbox 1365 2914 1445 2956; x_wconf 82' lang='lat'><strong>148,</strong></span> <span class='ocrx_word' id='word_1_433' title='bbox 1473 2914 1496 2949; x_wconf 84' lang='lat' dir='ltr'><strong>l.</strong></span> <span class='ocrx_word' id='word_1_434' title='bbox 1516 2915 1548 2949; x_wconf 80' lang='lat'><strong>7.</strong></span> <span class='ocrx_word' id='word_1_435' title='bbox 1795 2924 1833 2952; x_wconf 74' lang='lat'><strong>45</strong></span> <span class='ocrx_word' id='word_1_436' title='bbox 1879 2938 1910 2966; x_wconf 63' lang='lat' dir='ltr'><strong>f,-</strong></span> 
     </span>
    </p>
   </div>
  </div>
 </body>
</html>
