1968 3164
737 251 1040 290 PRAEFATIO
1067 250 1106 288 C.
1121 251 1168 288 V.
1574 247 1709 284 LXIII

201 381 334 424 locum
365 393 416 422 ex
446 392 493 421 eo
523 379 584 421 ad
611 377 783 420 verbum
814 373 1048 429 exscripsit.
1118 372 1237 416 Dein
1275 371 1402 414 etiam
1443 370 1491 413 in
1522 370 1708 413 Annali-

201 439 277 484 bus
316 436 793 482 Patherbrunnensibus
839 435 1048 488 quaedam
1094 447 1145 476 ex
1191 430 1414 486 Lamperti
1461 429 1709 473 Annalibus

199 502 395 553 excerpta
433 497 568 550 fuisse
609 494 767 540 conieci
806 493 879 537 ‘N.
902 493 1080 536 Archiv'
1116 491 1262 545 XIX,
1297 505 1344 544 p.
1372 494 1454 532 187
1477 504 1561 544 sq„
1603 503 1710 542 quae

201 558 250 601 in
270 558 391 601 Ann.
418 557 462 600 Y
466 557 598 611 bury„
635 555 715 599 SS.
737 554 874 608 XVI,
898 569 947 608 p.
967 557 1066 607 436,
1099 551 1284 594 maxime
1315 554 1556 593 recurrunt.
1609 549 1710 591 Per-

170 632 188 659 ⁵
191 631 339 672 pauca
383 631 436 660 ex
481 615 636 659 eisdem
681 618 848 669 sumpta
894 613 943 656 in
981 611 1232 655 Annalibus
1269 608 1712 664 Maydeburyensibus

201 691 242 720 a.
268 679 576 730 1059—1062,
611 675 692 718 SS.
719 674 856 727 XVI,
881 688 928 727 p.
957 676 1054 726 174,
1097 672 1305 726 lequntur,
1344 683 1452 724 quae
1475 683 1558 722 per
1589 668 1709 710 Ann.

201 735 547 791 Nienburyenses
593 736 653 778 ad
696 748 765 777 eos
803 733 976 787 perlata
1022 746 1109 775 esse
1155 730 1366 773 videntur.
1439 727 1712 771 Paucissima

201 795 330 840 etiam
354 800 546 839 auctores
577 793 785 838 Chronici
814 791 1065 836 Goeecensis
1090 805 1124 834 c.
1144 795 1183 832 9.
1207 793 1273 844 12,
1295 789 1374 832 SS.
1398 788 1456 842 X,
1477 803 1526 842 p.
1549 791 1632 829 144
1649 801 1710 841 sq.

201 860 241 899 et
276 854 485 899 Chronici
516 852 921 906 Laureshamensis,
966 851 1046 895 SS.
1073 850 1214 904 XXI,
1247 865 1296 904 p.
1321 853 1406 891 413
1430 848 1525 902 sq.1,
1570 861 1621 890 ex
1652 846 1713 890 eis

156 931 190 957 10
201 919 522 969 assumpserunt
533 916 562 956 2.
631 914 739 956 Tum
761 916 861 967 post
889 911 1075 955 medium
1105 924 1213 953 saec.
1243 909 1394 951 XIII.
1432 908 1573 960 frater
1603 906 1713 949 ordi-

202 974 273 1018 nis
307 974 536 1017 Minorum
577 971 955 1028 Erpltesfurtensis
1000 970 1049 1013 in
1096 968 1317 1013 Chronica
1357 967 1535 1010 Minore
1568 980 1714 1020 pauca

202 1047 254 1077 ex
299 1034 437 1078 codice
476 1033 522 1076 B
567 1033 632 1076 vel
677 1031 769 1075 eius
814 1030 1059 1086 apographo
1106 1028 1347 1083 exscripsit,
1402 1027 1482 1070 SS.
1524 1026 1711 1079 XXIV,

193 1109 241 1148 p.
277 1098 431 1137 179—
446 1097 544 1135 190.
616 1090 855 1135 Annalista
895 1086 1404 1133 Reinliardsbrunnensis
1449 1087 1512 1129 ed.
1549 1085 1714 1139 Weyele

194 1168 242 1208 p.
271 1158 310 1196 9.
334 1152 604 1208 paucissima
636 1152 764 1195 verba
795 1149 1018 1204 Lamperti
1057 1163 1145 1191 non
1185 1162 1236 1191 cx
1276 1147 1439 1201 inteyro
1471 1144 1715 1188 Annalium

156 1229 190 1256 15
202 1212 294 1256 eius
324 1212 474 1266 codice,
507 1213 583 1254 sed
611 1225 662 1254 ex
693 1209 946 1253 Eltkehardi
978 1208 1115 1252 codice
1148 1208 1194 1251 S.
1217 1206 1339 1250 Petri
1359 1204 1716 1260 Erphesfurtensi

205 1269 271 1324 (B
285 1273 388 1328 3a),
437 1269 741 1315 additamentis
786 1267 1080 1323 Lampertinis
1120 1271 1254 1321 aucto,
1296 1264 1531 1320 exscripsit.
1609 1263 1716 1308 Cum

203 1331 337 1387 iyitur
375 1346 484 1375 saec.
510 1330 662 1373 XIII.
695 1334 734 1373 et
767 1329 905 1372 XIV.
939 1329 1022 1371 duo
1062 1331 1228 1370 tantum
1265 1324 1488 1380 Lamperti
1519 1323 1716 1367 Annales

203 1390 516 1446 exscripserint,
549 1391 603 1433 ab
635 1388 832 1433 extremis
863 1387 994 1431 annis
1024 1401 1133 1430 saec.
1155 1386 1204 1428 X
1213 1386 1262 1429 V.
1286 1384 1489 1440 pluribus
1519 1383 1566 1426 hi
1595 1383 1715 1426 inno-

204 1455 388 1508 tuerunt,
430 1465 533 1494 nam
551 1453 728 1504 praeter
763 1453 848 1491 tres
878 1452 1070 1491 auctores
1109 1446 1200 1489 iam
1230 1459 1364 1500 supra
1401 1459 1450 1499 p.
1482 1447 1584 1483 LVI.
1610 1447 1714 1484 LXI.

157 1529 193 1555 20
205 1511 358 1554 allatos
388 1510 697 1553 Hartmannus
728 1508 903 1552 Schedel
940 1507 990 1550 in
1026 1506 1160 1550 Libro
1202 1504 1472 1549 cronicarum
1486 1504 1514 1558 3,
1557 1503 1716 1546 Iohan-

205 1584 280 1614 nes
315 1569 574 1613 Trithemius
613 1569 663 1612 in
709 1567 867 1612 Ghron.
900 1565 1213 1621 Hirsauyiensi
1253 1569 1292 1608 et
1330 1563 1579 1607 Annalibus
1610 1562 1715 1604 Hir-

205 1629 513 1685 sauyiensibus,
546 1628 840 1683 Hieronymus
870 1627 1026 1670 Emser
1056 1626 1106 1669 in
1137 1624 1236 1669 Vita
1267 1623 1494 1667 Bennonis
1534 1621 1717 1676 episcopi

206 1689 449 1733 Misnensis
459 1689 490 1743 4,
517 1687 760 1743 Wiyandus
787 1687 1116 1740 Gerstenberyer
1145 1685 1194 1727 in
1222 1683 1438 1728 Chronico
1459 1681 1676 1725 Hassiaco
1687 1681 1714 1734 5,

206 1749 373 1792 Paulus
404 1749 533 1802 Lany
563 1747 613 1791 in
640 1747 803 1791 Chron.
833 1745 1067 1789 C'itieensi6
1097 1744 1249 1786 iisdem
1279 1742 1349 1786 usi
1379 1746 1492 1785 sunt.
1548 1740 1718 1784 Dehinc

158 1845 194 1872 8⁵
211 1843 286 1876 bert
314 1853 344 1876 v.
370 1841 539 1884 Hersfeld
563 1841 598 1874 d.
625 1839 736 1882 Verfi'
757 1851 797 1883 p.
818 1840 898 1881 108,
924 1850 959 1874 n.
980 1839 1012 1874 1.
1039 1839 1120 1879 139,
1138 1848 1173 1872 n.
1190 1839 1221 1873 1.
1250 1837 1331 1879 142,
1349 1847 1386 1871 n.
1401 1837 1434 1870 1.
1460 1838 1598 1868 constat
1620 1834 1719 1867 Bru-

210 1899 337 1924 nonem
362 1889 483 1933 legisse
499 1888 660 1922 Annales
683 1887 882 1931 Lamperti.
920 1887 1048 1920 Favete
1073 1885 1234 1928 linquis!
1250 1903 1293 1909 —-
1313 1883 1534 1926 Siyebemum
1554 1881 1719 1915 Gembla-

210 1947 341 1971 censem
366 1937 557 1980 Lamperti
581 1935 674 1969 libro
697 1945 803 1969 usum
828 1945 910 1978 esse,
937 1934 1033 1978 quod
1057 1933 1135 1977 Sty.
1154 1931 1302 1974 Hirsch,
1340 1930 1395 1964 De
1419 1931 1493 1965 vita
1518 1934 1549 1963 et
1573 1930 1720 1974 scriptis

210 1984 386 2028 Styebmi
413 1996 451 2029 p.
471 1985 599 2020 110—
615 1983 697 2019 113.
728 1981 916 2026 contendit,
950 1991 1088 2015 summo
1123 1982 1204 2014 iure
1234 1979 1485 2022 refutaverunt
1519 1977 1562 2013 G.
1590 1977 1720 2019 Waitz,

211 2033 317 2067 ‘Geta
341 2031 493 2076 gelehrte
517 2030 709 2073 Anzeiyen’
737 2031 842 2066 1837.
870 2041 908 2074 Ρ.
926 2031 1032 2065 2073.
1059 2032 1090 2063 et
1114 2028 1179 2063 SS'.
1207 2028 1247 2070 V,
1274 2038 1314 2071 p.
1334 2028 1414 2069 147,
1442 2026 1485 2061 L.
1503 2025 1719 2066 Bethmann,

164 2086 199 2111 30
211 2079 275 2116 SS.
295 2079 357 2123 VI,
377 2090 418 2123 p.
435 2080 518 2120 275,
544 2090 580 2114 n.
599 2080 656 2115 66.
683 2097 724 2103 -
753 2077 868 2111 Haud
890 2077 991 2110 valde
1023 2077 1152 2118 miror,
1187 2075 1282 2119 quod
1317 2075 1360 2110 A.
1380 2073 1619 2116 Pannenbory
1655 2073 1677 2108 l.
1696 2071 1720 2108 l.

205 2139 245 2172 p.
264 2129 322 2170 97,
347 2138 384 2163 n.
404 2128 436 2163 1.
462 2128 568 2160 etiam
592 2127 694 2160 Vitae
717 2126 885 2159 Heinrici
899 2125 966 2160 IV.
993 2128 1172 2158 auctorem
1197 2123 1387 2165 Lamperti
1411 2121 1574 2155 Annales
1599 2120 1722 2164 legisse

210 2175 282 2210 sibi
312 2175 548 2220 persuaserit.
609 2173 679 2208 Sed
715 2173 780 2207 hoc
816 2174 886 2207 ioci
921 2183 1031 2207 causa
1069 2171 1222 2205 allatum
1259 2172 1317 2206 sit.
1395 2169 1450 2212 Cf.
1487 2169 1545 2204 (Ν.
1573 2167 1720 2201 Archiv’

210 2222 327 2265 XIX,
361 2234 398 2268 p.
425 2223 495 2259 394
518 2233 568 2266 sq.
596 2242 638 2246 —
673 2221 723 2256 M.
750 2221 933 2255 Manitius
957 2221 1016 2255 ίΝ.
1042 2218 1189 2254 Archiv'
1215 2218 1334 2262 XIII,
1369 2229 1406 2262 p.
1435 2218 1516 2252 644.
1543 2219 1721 2249 auctorem

211 2271 505 2314 Ratisponensem
543 2269 812 2303 Translationis
845 2268 882 2303 S.
902 2268 1076 2311 Dionysii
1108 2267 1185 2301 ideo
1210 2266 1400 2310 Lamperti
1434 2265 1567 2298 librum
1600 2263 1722 2306 legisse

165 2319 365 2360 sscmaieoit,
401 2319 490 2361 quia
522 2321 669 2360 uterque
701 2326 861 2350 sermone
895 2316 1028 2349 Latino
1060 2325 1149 2348 usus
1182 2317 1241 2349 est.
1388 2313 1422 2356 1)
1457 2312 1558 2354 Quod
1593 2311 1719 2352 editor,

214 2365 298 2401 Gar.
320 2365 439 2408 Pertz,
475 2375 546 2399 non
570 2364 766 2398 adnotavit.
895 2364 932 2407 2)
959 2364 1054 2396 Nota
1080 2363 1160 2396 bene
1193 2361 1307 2395 medio
1342 2371 1424 2395 aevo
1455 2361 1493 2393 tn
1521 2359 1721 2393 Germania

212 2414 396 2456 superiore
419 2422 606 2456 nunquam
631 2411 821 2456 Lamperti
843 2411 1003 2444 Annales
1026 2411 1223 2454 exscriptos
1248 2420 1330 2451 esse,
1355 2419 1444 2451 quos
1467 2418 1577 2450 neque
1602 2406 1723 2439 Eklce-

213 2461 352 2494 hardus
387 2460 622 2503 Urauyiensis
655 2469 763 2502 neque
798 2458 876 2492 Otto
908 2459 1156 2500 Frisinyensis
1189 2467 1298 2500 neque
1333 2456 1583 2489 Her-imannus
1618 2453 1722 2486 Alta-

213 2508 332 2542 hensis
355 2518 464 2551 neque
488 2508 584 2540 alius
608 2508 798 2550 quisquam
822 2507 1038 2550 scriptoram
1065 2506 1317 2547 Bawarorum,
1356 2503 1560 2543 Suevoram,
1587 2501 1720 2534 Lotha-

165 2557 449 2599 mrinyicorum,
474 2565 574 2589 nemo
598 2565 758 2598 unqua-m
784 2557 889 2587 extra
917 2553 1151 2588 Germaniam
1178 2553 1272 2595 leqit,
1298 2551 1390 2584 unde
1412 2554 1509 2594 patet
1534 2559 1722 2591 nunquam

214 2604 254 2636 in
279 2603 347 2637 has
367 2606 492 2647 partes
516 2602 649 2636 librum
674 2602 769 2635 hunc
794 2601 946 2634 allatum
970 2611 1052 2634 esse.
1174 2601 1211 2643 3)
1248 2600 1320 2642 Qui
1352 2599 1498 2631 unicam
1534 2597 1647 2630 locum
1681 2595 1723 2629 de

214 2651 352 2684 civitate
367 2650 589 2691 Erfurtensi
602 2660 648 2684 ex
665 2650 712 2683 iis
727 2650 930 2692 exscripsit,
951 2649 1004 2684 ed.
1025 2649 1127 2683 1497.
1154 2648 1184 2690 f.
1202 2648 1294 2683 175¹.
1310 2647 1389 2682 176.
1423 2645 1480 2687 Cf.
1502 2645 1560 2679 ‘N.
1576 2643 1722 2676 Archiv’

215 2696 324 2740 XIX,
355 2709 395 2741 p.
425 2699 505 2740 171,
538 2709 574 2733 n.
601 2699 636 2733 2.
757 2696 795 2740 4)
829 2697 900 2738 Qui
922 2696 1013 2730 duos
1047 2696 1139 2730 locos
1172 2695 1363 2738 exscripsit
1399 2692 1435 2726 G.
1455 2691 1529 2734 III,
1563 2694 1582 2732 ξ
1609 2693 1666 2726 39.
1692 2694 1723 2723 et

217 2744 254 2779 C.
273 2744 343 2787 IV,
376 2747 396 2786 ἓ
421 2746 480 2787 46,
514 2745 605 2778 Acta
634 2745 699 2779 SS.
726 2744 807 2779 Iun.
835 2744 910 2786 III,
939 2754 979 2786 p.
1000 2744 1079 2779 164.
1100 2744 1168 2778 167
1178 2754 1192 2783 ,·
1227 2741 1407 2782 Mencken,
1436 2739 1500 2774 SS.
1529 2739 1574 2774 R.
1603 2739 1721 2772 Germ.

167 2791 268 2834 4⁵11,
303 2791 365 2826 col.
394 2793 497 2828 1859.
527 2794 631 2828 1863.
748 2793 784 2835 5)
819 2791 885 2826 Fr.
914 2791 999 2826 Chr.
1030 2790 1248 2832 schmincke,
1284 2789 1506 2822 Monimenta
1542 2786 1721 2819 Hassiaoa

216 2838 354 2879 (Cassel
384 2840 491 2883 1747)
525 2839 562 2882 I,
592 2851 630 2883 Ρ.
659 2841 739 2875 106.
768 2841 848 2874 110.
878 2840 958 2874 112.
991 2839 1071 2874 114.
1099 2839 1178 2873 116.
1207 2838 1288 2872 129.
1317 2837 1397 2871 131.
1425 2836 1504 2870 132.
1534 2835 1612 2869 134.
1642 2834 1722 2868 142.

218 2887 298 2921 147.
326 2887 405 2922 149.
434 2887 512 2922 154.
541 2887 620 2923 160.
646 2888 725 2922 164.
753 2888 834 2922 172.
859 2887 942 2922 181.
964 2887 1044 2922 183.
1085 2885 1141 2927 C'f.
1162 2885 1218 2919 ‘N.
1237 2883 1386 2917 Archiv’
1403 2882 1512 2925 XIX,
1536 2894 1574 2926 p.
1591 2882 1722 2923 172811.

216 2934 252 2977 6)
275 2933 429 2967 Pistorii
451 2933 587 2967 Rerum
615 2934 735 2970 Germ.
760 2933 827 2970 SS.
850 2945 928 2969 cur.
954 2933 1100 2967 Structo
1126 2932 1178 2975 II,
1202 2944 1240 2976 Ρ.
1260 2931 1507 2967 1142—1144.
1536 2929 1639 2964 1146.
