2014 3184
651 269 816 306 INDEX
839 269 1193 308 LOCUTIONUM.

173 390 270 425 esset
295 390 376 434 113,
389 399 436 426 30.
464 409 507 415 —-
534 388 582 424 In
605 388 696 424 haec
717 389 831 424 verba
854 389 904 424 le-

175 438 283 483 gatos
298 435 516 472 dimiserunt
534 438 669 481 155,15.
688 457 734 463 —
750 435 797 471 In
813 436 904 472 haec

173 484 287 521 verba
298 495 446 525 omnes.
479 487 755 530 .processerunt
769 486 849 530 180,
858 495 903 521 25.

174 551 218 558 -
243 529 290 567 In
313 531 406 567 haec
427 512 540 567 vei-ba
563 531 716 567 nuncios
744 561 751 568 .
780 560 787 568 .
814 559 822 568 .
850 531 904 566 di·

171 579 352 615 miserunt
375 581 457 624 212,
471 590 518 616 25
538 600 580 605 —
604 579 651 614 In
676 579 767 614 haec
790 579 906 614 verba

172 626 257 673 lega
255 629 314 662 tos
340 654 349 664 .
375 655 384 664 .
413 656 420 664 .
447 626 586 662 dimisit
609 629 692 672 262,
706 639 751 664 20.
778 629 860 670 303,
877 639 903 663 1.

174 695 216 701 -
208 638 290 710 In
313 674 406 710 haec
430 675 543 710 verba
567 675 602 710 le
650 677 708 710 tos
732 675 829 721 regis
850 674 904 710 di-

172 721 352 757 miserunt
375 724 458 767 280,
468 733 514 759 25.
541 743 587 748 —
603 685 659 757 531
683 722 775 758 haec
791 722 905 758 verba

211 798 219 806 .
246 797 255 807 .
279 770 371 805 visio
405 769 587 816 disparuit
617 773 699 815 319,
714 781 760 807 30.
787 791 830 796 —
856 769 903 805 In

171 816 267 852 hanc
290 829 419 853 vocem
445 845 453 854 .
481 846 489 854 .
516 846 524 854 .
551 818 732 863 expiravit
759 819 843 862 258,
857 828 902 855 ³5.

221 869 390 900 causatus
426 865 465 900 in
501 865 644 900 senium
684 865 758 900 iam
795 877 903 900 ver-

174 915 366 959 gentem
401 915 559 948 aetatem
597 915 735 956 140,15.
765 933 807 938 —
835 913 903 948 sibi

171 960 247 996 iam
262 960 301 996 in
318 960 542 1006 decrepitam
561 963 720 996 aetatem
735 961 904 1006 vergenti

173 1010 299 1052 311,s.
326 1028 370 1034 —-
396 1008 496 1053 quod
526 1008 590 1043 illa
613 1008 652 1043 in
677 1007 902 1053 decrepitam

173 1057 332 1092 aetatem
355 1056 534 1103 vergebat
557 1058 640 1100 333,
654 1067 698 1092 10.

220 1103 294 1139 iam
311 1103 372 1139 die
395 1106 633 1150 vergente
657 1104 696 1138 in
712 1114 903 1149 vesperam

174 1153 256 1196 104,
268 1162 296 1188 5.
324 1171 367 1177 —-
394 1154 569 1198 vergente
603 1151 676 1186 iam
710 1151 749 1186 in
778 1162 903 1196 vespe-

173 1210 254 1234 ram
278 1198 338 1234 die
365 1201 446 1244 117,
458 1210 486 1236 5.

221 1257 488 1292 nonnunquam
529 1245 621 1282 falsa
661 1258 730 1292 pro
770 1246 904 1282 veris

172 1294 386 1340 persuaderi
419 1296 503 1339 296,
517 1304 561 1330 15.
598 1315 644 1320 —
677 1295 786 1339 plura
813 1293 904 1329 falsa

171 1353 241 1388 pro
257 1342 353 1378 veris
378 1342 564 1387 scripsisse
589 1352 740 1378 accusor
764 1343 846 1386 345,
858 1352 903 1378 15.

220 1401 300 1433 nec,
326 1389 416 1435 quid
440 1392 604 1435 agerent,
629 1401 702 1434 quo
728 1401 767 1424 se
796 1400 904 1424 ver-

174 1439 358 1483 terent,
462 1437 701 1474 ,deliberare
732 1438 906 1482 poterant

174 1487 257 1530 232,
271 1495 316 1523 35
340 1464 434 1530 233,
440 1498 466 1522 1.
494 1506 539 1510 —
565 1485 655 1530 quid
680 1484 822 1520 consilii
847 1487 903 1520 ca-

173 1535 290 1580 peret,
325 1543 398 1578 quo
433 1544 472 1568 se
496 1534 668 1577 verteret,
693 1533 905 1578 ambigebat

175 1583 256 1626 321,
276 1591 323 1618 25.
357 1582 482 1623 3221.
520 1601 563 1606 —
599 1580 673 1614 Diu
697 1591 780 1625 rex,
816 1579 904 1625 quid

175 1630 311 1674 ageret,
337 1627 549 1674 ambigebat
574 1630 654 1672 160,
665 1639 711 1664 20.

222 1722 260 1758 in
298 1733 342 1758 eo
378 1722 510 1758 verti
551 1723 707 1758 salutem
748 1722 904 1758 civitatis

177 1772 257 1815 190,
271 1781 317 1807 35.
344 1790 389 1796 --
415 1769 499 1805 Rex
525 1797 533 1806 .
552 1796 562 1806 .
581 1799 589 1806 .
615 1770 731 1805 sciens
757 1781 904 1805 omnem

177 1829 280 1853 suam
310 1817 350 1852 in
385 1829 428 1853 eo
453 1817 548 1853 verti
582 1818 737 1853 salutem
762 1819 844 1862 283,
860 1828 904 1854 15.

178 1886 221 1892 —
259 1864 414 1910 Iamque
450 1865 489 1900 in
526 1877 570 1900 eo
601 1877 659 1900 res
693 1865 906 1900 vertebatur

178 1915 259 1958 143,
271 1923 317 1949 25

223 1960 262 1994 in
279 1971 323 1996 eo
340 1960 506 1995 omnium
531 1971 624 2005 quae
642 1959 784 2006 agenda
802 1962 907 1995 erant

176 2019 319 2043 summa
367 2009 406 2043 et
453 2007 564 2042 cardo
613 2008 908 2043 vertebatur

178 2057 319 2098 235,15.
358 2075 399 2081 —
435 2055 475 2090 in
508 2055 578 2090 hoc
612 2055 760 2091 cardine
789 2058 906 2090 totam

175 2103 271 2139 verti
301 2105 402 2138 ratus
436 2103 591 2138 salutem
626 2114 728 2138 suam
762 2105 846 2148 252,
861 2114 906 2139 ιο.

180 2169 223 2177 —-
249 2150 288 2185 in
313 2161 386 2195 quo
415 2150 534 2185 tocius
561 2179 568 2186 .
588 2179 596 2187 .
616 2179 623 2187 .
650 2150 739 2186 belli
764 2162 907 2185 summa

178 2200 217 2234 et
241 2197 351 2233 cardo
377 2200 585 2233 verteretur
608 2199 690 2243 268,
705 2209 750 2234 15.

224 2245 322 2291 regis
345 2245 543 2290 prudentia
568 2271 577 2280 .
604 2273 613 2282 .
640 2273 648 2281 .
675 2245 798 2280 omnia
827 2256 906 2290 sep-

178 2295 286 2338 serat,
316 2303 443 2328 omnes
467 2293 590 2338 vias,
625 2303 752 2328 omnes
787 2292 907 2328 aditus

179 2340 413 2376 obstruxerat
435 2343 519 2384 213,
533 2351 579 2378 35.
607 2361 650 2366 -
677 2343 908 2386 compererat

179 2416 189 2425 .
215 2417 224 2424 .
248 2400 259 2424 ⁷.
295 2387 406 2423 duces
440 2399 567 2423 omnes
600 2388 678 2423 vias
709 2399 908 2433 omnesque

179 2435 300 2470 aditus
338 2463 346 2472 .
386 2463 394 2472 .
434 2463 441 2472 .
480 2435 654 2481 appositis
696 2435 908 2471 custodibus

179 2482 395 2528 anticipasse
419 2484 503 2526 285,
518 2495 563 2520 ιο.

226 2530 349 2575 palam
375 2558 383 2566 .
409 2558 416 2566 .
442 2556 450 2564 .
477 2532 701 2566 constante.
728 2558 736 2566 .
760 2530 908 2566 .maius

179 2577 396 2612 victores
421 2588 531 2621 quam
553 2578 668 2612 victos
693 2577 819 2612 tulisse
837 2576 907 2612 dis-

178 2624 355 2679 pendium
379 2626 463 2667 222,
476 2635 504 2660 5.
523 2644 567 2651 —
591 2624 654 2669 qui
677 2624 797 2669 prima
823 2635 908 2659 con—

179 2671 365 2718 gressione
392 2699 400 2707 .
419 2699 428 2708 .
447 2697 455 2706 .
481 2671 685 2707 luctuosam
709 2671 909 2707 victoribus

181 2719 270 2754 victi
295 2718 437 2754 cladem
462 2718 670 2754 intulissent
693 2721 775 2763 238,
792 2730 836 2755 ι5.
865 2739 907 2744 -

182 2766 244 2811 qui
278 2765 483 2801 luctuosam
517 2777 539 2800 a
573 2777 611 2800 se
635 2766 826 2801 victoriam
851 2777 909 2801 re-

180 2815 388 2860 portassent
411 2815 494 2857 229,
505 2823 533 2849 5.
554 2833 596 2838 —
615 2824 771 2858 quorum
798 2824 910 2859 opera

182 2863 220 2896 et
259 2859 437 2896 beneficio
477 2860 669 2895 incruenta
709 2860 779 2896 sibi
819 2860 910 2895 haec

181 2907 334 2943 victoria
357 2907 548 2954 obtigisset
574 2909 658 2953 237,
671 2919 719 2944 3ο.

1612 274 1683 309 487

1007 772 1047 806 V.
1065 771 1179 807 Mart.
1195 773 1254 808 24.
1280 770 1342 806 Ad
1359 771 1454 807 hanc
1475 771 1538 807 ille
1555 783 1682 808 vocem

953 818 1076 853 statim
1106 821 1148 853 ut
1172 818 1294 853 fumus
1320 819 1478 855 evanuit.

1000 866 1138 902 Lucan.
1155 867 1187 910 I,
1204 869 1283 904 129.
1308 867 1603 912 vergentibus
1620 878 1682 902 an-

952 913 1008 948 nis
1024 913 1064 948 ιιι
1080 914 1232 950 senium.
1247 935 1294 940 —-
1307 915 1425 950 Amm.
1440 915 1554 951 Maro.
1573 915 1680 959 XIV,

953 963 986 1006 6,
1013 963 1047 998 3.
1071 973 1226 1008 vergens
1251 961 1288 996 in
1314 962 1466 999 senium.

1002 1248 1119 1284 Amm.
1145 1247 1261 1283 Marc.
1287 1248 1371 1291 XV,
1398 1250 1438 1291 2,
1465 1250 1497 1284 9.
1533 1247 1682 1282 valuere

953 1305 1020 1340 pro
1045 1294 1176 1330 veris
1202 1295 1420 1340 aliquotiens
1444 1294 1544 1332 falsa.

1007 1390 1147 1426 Terent.
1160 1390 1243 1425 Hac.
1261 1391 1287 1424 Ι
1291 1390 1331 1434 V,
1348 1392 1381 1434 1,
1399 1392 1429 1427 1.
1448 1389 1537 1435 quid
1550 1389 1682 1435 agam?

954 1448 1027 1482 quo
1052 1448 1112 1472 me
1137 1439 1345 1483 vertam·
1371 1438 1468 1474 Eun.
1493 1439 1533 1482 V,
1559 1440 1594 1481 2,
1621 1439 1680 1475 28.

952 1495 1073 1530 neque
1100 1513 1108 1522 .
1136 1513 1143 1521 .
1192 1485 1316 1530 ,quid
1339 1496 1438 1520 nunc
1459 1464 1600 1520 consilii
1625 1497 1682 1520 ca-

952 1532 1070 1578 piam,
1106 1532 1201 1578 scio3
1239 1534 1358 1569 Andr.
1389 1534 1426 1577 I,
1452 1535 1494 1577 4,
1525 1536 1555 1570 1.
1593 1533 1682 1577 quid

954 1582 1077 1625 agant,
1114 1583 1178 1615 aut
1220 1580 1308 1626 quid
1345 1582 1495 1625 captent
1531 1580 1682 1625 consilii,

953 1632 1011 1663 eto.
1050 1647 1092 1653 -
1129 1629 1218 1664 Sall.
1255 1629 1332 1664 Cat.
1366 1629 1427 1665 41.
1465 1628 1503 1662 in
1540 1607 1682 1663 incerto,

953 1674 1125 1720 habuere,
1148 1675 1323 1720 quidnam
1340 1675 1481 1710 consilii
1498 1678 1681 1721 caperent.

1002 1723 1080 1758 Liv.
1117 1702 1199 1766 ΙΙΙ,
1230 1725 1295 1766 46,
1321 1725 1354 1759 5.
1397 1722 1435 1757 in
1473 1734 1517 1758 eo
1555 1723 1685 1758 verti

954 1770 1098 1824 puellae
1124 1771 1299 1813 salutem3
1331 1771 1362 1813 I,
1381 1773 1438 1814 30,
1457 1772 1492 1807 8.
1518 1770 1684 1815 vertique

954 1818 992 1852 in
1019 1828 1062 1852 eo
1087 1829 1144 1853 res
1170 1796 1366 1854 videre'tur.

1005 1960 1154 2002 Quintil.
1172 1960 1263 2003 XII,
1280 1961 1315 1996 8.
1342 1959 1405 1995 ubi
1430 1960 1549 1995 litium
1573 1960 1684 1995 cardo

955 2010 1171 2044 vertatur.
1189 2028 1231 2033 —
1246 2008 1325 2044 Liv.
1338 2007 1464 2051 XXX,
1478 2010 1513 2045 3.
1530 2008 1616 2052 quia
1634 2008 1686 2043 ibi

955 2066 1136 2138 ἓιὲιέιέιιιῗιιι
1160 2066 1284 2090 rerum
1310 2055 1469 2100 bellique
1488 2056 1583 2091 verti
1608 2067 1685 2091 cer-

1003 2245 1082 2281 Liv.
1120 2245 1304 2288 XXXIV,
1340 2248 1372 2282 1.
1415 2256 1542 2280 omnes
1582 2245 1684 2280 vias

957 2291 1150 2337 aditusque
1175 2293 1213 2327 ιιι
1230 2292 1352 2327 forum
1371 2292 1607 2335 obsidebant3
1633 2293 1684 2336 II,

958 2342 1014 2394 11,
1043 2342 1098 2376 10.
1134 2339 1181 2375 ad
1206 2339 1330 2386 fugam
1356 2339 1490 2385 saeptis
1516 2339 1685 2374 omnibus

956 2398 1035 2422 vus.

1004 2529 1083 2565 Liv.
1103 2529 1172 2571 IX,
1190 2531 1248 2565 32.
1275 2530 1316 2563 ut
1340 2528 1560 2563 victores
1585 2527 1685 2573 prius

957 2587 1068 2620 quam
1102 2575 1190 2611 victi
1223 2575 1412 2621 pugnandi
1446 2575 1556 2610 finem
1589 2575 1684 2610 faee-

956 2626 1059 2667 rent3
1094 2623 1261 2667 XXVII,
1290 2626 1343 2659 13.
1376 2625 1417 2657 ut
1440 2623 1597 2658 victores
1621 2634 1685 2667 po-

957 2670 1029 2705 tius
1055 2682 1166 2715 quam
1183 2670 1270 2705 victi
1294 2670 1439 2705 veniam
1464 2670 1684 2715 impetretis;

958 2718 1066 2762 XXI,
1083 2720 1115 2755 1.
1141 2717 1239 2763 quod
1258 2718 1452 2752 victoribus
1477 2717 1564 2752 victi
1588 2717 1685 2752 ultro

957 2765 1137 2801 inferrent
1171 2776 1283 2800 anna.
1320 2785 1364 2790 -—
1399 2765 1488 2800 Sall.
1515 2765 1591 2801 Cat.
1626 2765 1684 2801 58.

959 2815 1149 2848 cruentam
1184 2814 1294 2856 atque
1331 2811 1535 2847 luctuosam
1573 2811 1684 2847 victo-

958 2860 1050 2895 riam
1075 2859 1240 2895 hostibus
1269 2859 1504 2903 relinquatis3
1539 2861 1596 2895 60.
1622 2870 1683 2894 ne-

959 2919 1030 2952 que
1065 2910 1188 2943 tamen
1215 2933 1223 2941 .
1251 2935 1258 2943 .
1287 2935 1294 2943 .
1319 2907 1547 2941 incruentam
1573 2906 1684 2941 victo·
