<?xml version="1.0" encoding="UTF-8"?>
<!DOCTYPE html PUBLIC "-//W3C//DTD XHTML 1.0 Transitional//EN"
    "http://www.w3.org/TR/xhtml1/DTD/xhtml1-transitional.dtd">
<html xmlns="http://www.w3.org/1999/xhtml" xml:lang="en" lang="en">
 <head>
  <title>
</title>
<meta http-equiv="Content-Type" content="text/html;charset=utf-8" />
  <meta name='ocr-system' content='tesseract 3.04.00' />
  <meta name='ocr-capabilities' content='ocr_page ocr_carea ocr_par ocr_line ocrx_word'/>
</head>
<body>
  <div class='ocr_page' id='page_1' title='image "./lampertimonachih00lambuoft/lampertimonachih00lambuoft_0539.png"; bbox 0 0 2014 3184; ppageno 0'>
   <div class='ocr_carea' id='block_1_1' title="bbox 0 2036 103 3184">
    <p class='ocr_par' dir='ltr' id='par_1_1' title="bbox 0 2036 103 3184">
     <span class='ocr_line' id='line_1_1' title="bbox 0 2036 103 3184; baseline 0 0"><span class='ocrx_word' id='word_1_1' title='bbox 0 2036 103 3184; x_wconf 95' lang='lat' dir='ltr'> </span> 
     </span>
    </p>
   </div>
   <div class='ocr_carea' id='block_1_2' title="bbox 589 243 1616 316">
    <p class='ocr_par' dir='ltr' id='par_1_2' title="bbox 589 243 1616 316">
     <span class='ocr_line' id='line_1_2' title="bbox 589 243 1616 316; baseline -0.039 1"><span class='ocrx_word' id='word_1_2' title='bbox 589 274 753 316; x_wconf 76' lang='lat' dir='ltr'>INDEX</span> <span class='ocrx_word' id='word_1_3' title='bbox 777 259 1129 309; x_wconf 84' lang='lat' dir='ltr'><strong>LOGUTIONUM.</strong></span> <span class='ocrx_word' id='word_1_4' title='bbox 1546 243 1616 279; x_wconf 83' lang='lat'><strong>463</strong></span> 
     </span>
    </p>
   </div>
   <div class='ocr_carea' id='block_1_3' title="bbox 114 363 1643 1027">
    <p class='ocr_par' dir='ltr' id='par_1_3' title="bbox 114 363 1624 797">
     <span class='ocr_line' id='line_1_3' title="bbox 114 363 1621 454; baseline -0.04 0"><span class='ocrx_word' id='word_1_5' title='bbox 114 410 306 454; x_wconf 82' lang='lat' dir='ltr'>iurationis</span> <span class='ocrx_word' id='word_1_6' title='bbox 319 406 429 445; x_wconf 83' lang='lat' dir='ltr'>huius</span> <span class='ocrx_word' id='word_1_7' title='bbox 446 399 610 440; x_wconf 84' lang='lat' dir='ltr'>conscios</span> <span class='ocrx_word' id='word_1_8' title='bbox 632 393 845 443; x_wconf 75' lang='lat' dir='ltr'>participes·</span> <span class='ocrx_word' id='word_1_9' title='bbox 894 383 1129 423; x_wconf 88' lang='lat' dir='ltr'>consiliorum</span> <span class='ocrx_word' id='word_1_10' title='bbox 1156 405 1164 414; x_wconf 93' lang='lat'>.</span> <span class='ocrx_word' id='word_1_11' title='bbox 1184 403 1192 413; x_wconf 92' lang='lat'>.</span> <span class='ocrx_word' id='word_1_12' title='bbox 1211 403 1220 412; x_wconf 89' lang='lat'>.</span> <span class='ocrx_word' id='word_1_13' title='bbox 1245 370 1438 419; x_wconf 75' lang='lat' dir='ltr'>particeps.</span> <span class='ocrx_word' id='word_1_14' title='bbox 1466 385 1510 391; x_wconf 93' lang='lat'>-</span> <span class='ocrx_word' id='word_1_15' title='bbox 1537 363 1621 398; x_wconf 82' lang='lat' dir='ltr'>Sue-</span> 
     </span>
     <span class='ocr_line' id='line_1_4' title="bbox 117 412 1623 511; baseline -0.04 -9"><span class='ocrx_word' id='word_1_16' title='bbox 117 475 190 511; x_wconf 88' lang='lat' dir='ltr'>que</span> <span class='ocrx_word' id='word_1_17' title='bbox 223 457 386 497; x_wconf 74' lang='lat' dir='ltr'>extitisse</span> <span class='ocrx_word' id='word_1_18' title='bbox 421 454 502 496; x_wconf 85' lang='lat'><strong><em>159,</em></strong></span> <span class='ocrx_word' id='word_1_19' title='bbox 515 461 562 486; x_wconf 81' lang='lat' dir='ltr'>so.</span> <span class='ocrx_word' id='word_1_20' title='bbox 598 466 642 472; x_wconf 91' lang='lat'>—</span> <span class='ocrx_word' id='word_1_21' title='bbox 677 452 772 478; x_wconf 88' lang='lat' dir='ltr'>unus</span> <span class='ocrx_word' id='word_1_22' title='bbox 801 449 848 474; x_wconf 86' lang='lat' dir='ltr'>ex</span> <span class='ocrx_word' id='word_1_23' title='bbox 896 439 966 469; x_wconf 78' lang='lat' dir='ltr'>ton.</span> <span class='ocrx_word' id='word_1_24' title='bbox 1004 430 1092 466; x_wconf 77' lang='lat' dir='ltr'>Otho</span> <span class='ocrx_word' id='word_1_25' title='bbox 1118 429 1151 463; x_wconf 88' lang='lat'>3.</span> <span class='ocrx_word' id='word_1_26' title='bbox 1190 420 1355 459; x_wconf 89' lang='lat' dir='ltr'>omnium</span> <span class='ocrx_word' id='word_1_27' title='bbox 1389 412 1623 451; x_wconf 88' lang='lat' dir='ltr'>consiliorum</span> 
     </span>
     <span class='ocr_line' id='line_1_5' title="bbox 116 464 1624 556; baseline -0.039 -6"><span class='ocrx_word' id='word_1_28' title='bbox 116 512 175 550; x_wconf 78' lang='lat' dir='ltr'>his</span> <span class='ocrx_word' id='word_1_29' title='bbox 190 508 255 556; x_wconf 72' lang='lat' dir='ltr'>qui</span> <span class='ocrx_word' id='word_1_30' title='bbox 268 501 413 542; x_wconf 84' lang='lat' dir='ltr'>consilii</span> <span class='ocrx_word' id='word_1_31' title='bbox 426 496 626 546; x_wconf 87' lang='lat' dir='ltr'>participes</span> <span class='ocrx_word' id='word_1_32' title='bbox 650 520 659 529; x_wconf 92' lang='lat'>.</span> <span class='ocrx_word' id='word_1_33' title='bbox 678 517 687 526; x_wconf 96' lang='lat'>.</span> <span class='ocrx_word' id='word_1_34' title='bbox 706 515 715 525; x_wconf 93' lang='lat'>.</span> <span class='ocrx_word' id='word_1_35' title='bbox 737 487 849 524; x_wconf 82' lang='lat' dir='ltr'>fuisse</span> <span class='ocrx_word' id='word_1_36' title='bbox 898 481 1195 518; x_wconf 78' lang='lat' dir='ltr'>secretorumque</span> <span class='ocrx_word' id='word_1_37' title='bbox 1231 467 1433 515; x_wconf 83' lang='lat' dir='ltr'>particeps3</span> <span class='ocrx_word' id='word_1_38' title='bbox 1471 464 1505 498; x_wconf 84' lang='grc'><strong>6.</strong></span> <span class='ocrx_word' id='word_1_39' title='bbox 1540 469 1624 493; x_wconf 86' lang='lat' dir='ltr'>cou-</span> 
     </span>
     <span class='ocr_line' id='line_1_6' title="bbox 122 520 1274 598; baseline -0.04 -1"><span class='ocrx_word' id='word_1_40' title='bbox 122 555 387 598; x_wconf 79' lang='lat' dir='ltr'>accusabantur</span> <span class='ocrx_word' id='word_1_41' title='bbox 405 550 486 592; x_wconf 83' lang='lat'><strong><em>168,</em></strong></span> <span class='ocrx_word' id='word_1_42' title='bbox 496 556 525 582; x_wconf 79' lang='lat'>5.</span> <span class='ocrx_word' id='word_1_43' title='bbox 552 563 595 570; x_wconf 92' lang='lat'><em>-</em></span> <span class='ocrx_word' id='word_1_44' title='bbox 619 538 756 586; x_wconf 88' lang='lat' dir='ltr'>quique</span> <span class='ocrx_word' id='word_1_45' title='bbox 773 545 850 570; x_wconf 92' lang='lat' dir='ltr'>om·</span> <span class='ocrx_word' id='word_1_46' title='bbox 900 528 995 564; x_wconf 89' lang='lat' dir='ltr'>scius</span> <span class='ocrx_word' id='word_1_47' title='bbox 1020 526 1058 560; x_wconf 90' lang='lat' dir='ltr'>et</span> <span class='ocrx_word' id='word_1_48' title='bbox 1081 520 1274 568; x_wconf 76' lang='lat' dir='ltr'><strong>particeps.</strong></span> 
     </span>
     <span class='ocr_line' id='line_1_7' title="bbox 122 581 853 649; baseline -0.042 -5"><span class='ocrx_word' id='word_1_49' title='bbox 122 608 227 644; x_wconf 89' lang='lat' dir='ltr'>nium</span> <span class='ocrx_word' id='word_1_50' title='bbox 251 612 344 649; x_wconf 83' lang='lat' dir='ltr'>quae</span> <span class='ocrx_word' id='word_1_51' title='bbox 378 627 385 636; x_wconf 91' lang='lat'>.</span> <span class='ocrx_word' id='word_1_52' title='bbox 413 625 422 634; x_wconf 93' lang='lat'>.</span> <span class='ocrx_word' id='word_1_53' title='bbox 449 624 458 633; x_wconf 89' lang='lat'>.</span> <span class='ocrx_word' id='word_1_54' title='bbox 493 589 663 640; x_wconf 78' lang='lat' dir='ltr'>gessisset</span> <span class='ocrx_word' id='word_1_55' title='bbox 687 581 853 621; x_wconf 87' lang='lat' dir='ltr'>conscius</span> 
     </span>
     <span class='ocr_line' id='line_1_8' title="bbox 125 633 854 699; baseline -0.04 -6"><span class='ocrx_word' id='word_1_56' title='bbox 125 654 195 692; x_wconf 87' lang='lat' dir='ltr'>sibi</span> <span class='ocrx_word' id='word_1_57' title='bbox 216 649 472 699; x_wconf 71' lang='lat' dir='ltr'>particepsque</span> <span class='ocrx_word' id='word_1_58' title='bbox 497 637 678 677; x_wconf 75' lang='lat' dir='ltr'>extitisset</span> <span class='ocrx_word' id='word_1_59' title='bbox 710 633 794 676; x_wconf 88' lang='lat'><strong>209,</strong></span> <span class='ocrx_word' id='word_1_60' title='bbox 808 639 854 665; x_wconf 77' lang='lat'>20.</span> 
     </span>
     <span class='ocr_line' id='line_1_9' title="bbox 126 675 856 747; baseline -0.041 -7"><span class='ocrx_word' id='word_1_61' title='bbox 126 724 168 732; x_wconf 91' lang='lat'><em>-</em></span> <span class='ocrx_word' id='word_1_62' title='bbox 197 699 262 747; x_wconf 87' lang='lat' dir='ltr'>qui</span> <span class='ocrx_word' id='word_1_63' title='bbox 286 687 566 740; x_wconf 82' lang='lat' dir='ltr'>conspirationis</span> <span class='ocrx_word' id='word_1_64' title='bbox 599 683 709 720; x_wconf 86' lang='lat' dir='ltr'>huius</span> <span class='ocrx_word' id='word_1_65' title='bbox 742 675 856 725; x_wconf 88' lang='lat' dir='ltr'>parti-</span> 
     </span>
     <span class='ocr_line' id='line_1_10' title="bbox 128 738 601 797; baseline -0.038 -9"><span class='ocrx_word' id='word_1_66' title='bbox 128 751 227 797; x_wconf 86' lang='lat' dir='ltr'>cipes</span> <span class='ocrx_word' id='word_1_67' title='bbox 251 742 450 782; x_wconf 78' lang='lat' dir='ltr'>extiterant</span> <span class='ocrx_word' id='word_1_68' title='bbox 474 738 558 781; x_wconf 85' lang='lat'><strong><em>255,</em></strong></span> <span class='ocrx_word' id='word_1_69' title='bbox 574 745 601 771; x_wconf 82' lang='lat'>5.</span> 
     </span>
    </p>

    <p class='ocr_par' dir='ltr' id='par_1_4' title="bbox 130 751 1643 1027">
     <span class='ocr_line' id='line_1_11' title="bbox 177 751 1637 844; baseline -0.041 -10"><span class='ocrx_word' id='word_1_70' title='bbox 177 796 315 844; x_wconf 82' lang='lat' dir='ltr'>quanta</span> <span class='ocrx_word' id='word_1_71' title='bbox 349 793 496 834; x_wconf 80' lang='lat' dir='ltr'>tempus</span> <span class='ocrx_word' id='word_1_72' title='bbox 534 785 572 819; x_wconf 89' lang='lat' dir='ltr'>et</span> <span class='ocrx_word' id='word_1_73' title='bbox 607 790 666 816; x_wconf 85' lang='lat' dir='ltr'>res</span> <span class='ocrx_word' id='word_1_74' title='bbox 702 772 861 822; x_wconf 85' lang='lat' dir='ltr'>patie-</span> <span class='ocrx_word' id='word_1_75' title='bbox 959 765 1037 800; x_wconf 83' lang='lat' dir='ltr'><strong>Liv.</strong></span> <span class='ocrx_word' id='word_1_76' title='bbox 1064 760 1139 803; x_wconf 91' lang='lat' dir='ltr'><strong><em>IX,</em></strong></span> <span class='ocrx_word' id='word_1_77' title='bbox 1165 759 1224 794; x_wconf 87' lang='lat'>43.</span> <span class='ocrx_word' id='word_1_78' title='bbox 1255 752 1366 800; x_wconf 89' lang='lat' dir='ltr'>prout</span> <span class='ocrx_word' id='word_1_79' title='bbox 1390 751 1535 791; x_wconf 87' lang='lat' dir='ltr'>tempus</span> <span class='ocrx_word' id='word_1_80' title='bbox 1560 753 1637 788; x_wconf 86' lang='lat' dir='ltr'>pa-</span> 
     </span>
     <span class='ocr_line' id='line_1_12' title="bbox 130 794 1641 885; baseline -0.041 -1"><span class='ocrx_word' id='word_1_81' title='bbox 130 845 311 883; x_wconf 79' lang='lat' dir='ltr'>bantur</span> <span class='ocrx_word' id='word_1_82' title='bbox 333 839 441 885; x_wconf 84' lang='lat' dir='ltr'>parte</span> <span class='ocrx_word' id='word_1_83' title='bbox 466 833 548 876; x_wconf 83' lang='lat'><strong><em>156,</em></strong></span> <span class='ocrx_word' id='word_1_84' title='bbox 561 841 590 867; x_wconf 83' lang='lat'>5.</span> <span class='ocrx_word' id='word_1_85' title='bbox 618 847 661 854; x_wconf 88' lang='lat'>—-</span> <span class='ocrx_word' id='word_1_86' title='bbox 688 823 775 870; x_wconf 86' lang='lat' dir='ltr'>quia</span> <span class='ocrx_word' id='word_1_87' title='bbox 794 829 864 856; x_wconf 87' lang='lat' dir='ltr'>nec</span> <span class='ocrx_word' id='word_1_88' title='bbox 911 811 1152 852; x_wconf 77' lang='lat' dir='ltr'>tiebatur3</span> <span class='ocrx_word' id='word_1_89' title='bbox 1186 807 1244 841; x_wconf 89' lang='lat'>41.</span> <span class='ocrx_word' id='word_1_90' title='bbox 1270 800 1382 846; x_wconf 84' lang='lat' dir='ltr'>prout</span> <span class='ocrx_word' id='word_1_91' title='bbox 1413 794 1485 830; x_wconf 87' lang='lat' dir='ltr'>loci</span> <span class='ocrx_word' id='word_1_92' title='bbox 1509 794 1641 827; x_wconf 82' lang='lat' dir='ltr'>natura</span> 
     </span>
     <span class='ocr_line' id='line_1_13' title="bbox 133 840 1643 931; baseline -0.04 1"><span class='ocrx_word' id='word_1_93' title='bbox 133 895 226 931; x_wconf 78' lang='lat' dir='ltr'>situs</span> <span class='ocrx_word' id='word_1_94' title='bbox 267 887 342 925; x_wconf 71' lang='lat' dir='ltr'>loci</span> <span class='ocrx_word' id='word_1_95' title='bbox 386 895 455 920; x_wconf 91' lang='lat' dir='ltr'>nec</span> <span class='ocrx_word' id='word_1_96' title='bbox 498 873 700 915; x_wconf 88' lang='lat' dir='ltr'>multitudo</span> <span class='ocrx_word' id='word_1_97' title='bbox 745 867 864 916; x_wconf 76' lang='lat' dir='ltr'>pacie-</span> <span class='ocrx_word' id='word_1_98' title='bbox 913 866 1132 905; x_wconf 89' lang='lat' dir='ltr'>tempusque</span> <span class='ocrx_word' id='word_1_99' title='bbox 1152 850 1377 899; x_wconf 80' lang='lat' dir='ltr'>patiebatur3</span> <span class='ocrx_word' id='word_1_100' title='bbox 1405 845 1446 887; x_wconf 87' lang='lat' dir='ltr'>V,</span> <span class='ocrx_word' id='word_1_101' title='bbox 1465 842 1524 883; x_wconf 84' lang='lat'><strong><em>49,</em></strong></span> <span class='ocrx_word' id='word_1_102' title='bbox 1541 841 1575 875; x_wconf 87' lang='grc'>4.</span> <span class='ocrx_word' id='word_1_103' title='bbox 1602 840 1643 871; x_wconf 81' lang='lat' dir='ltr'>ut</span> 
     </span>
     <span class='ocr_line' id='line_1_14' title="bbox 135 898 1388 980; baseline -0.043 1"><span class='ocrx_word' id='word_1_104' title='bbox 135 943 247 979; x_wconf 74' lang='lat' dir='ltr'>batur</span> <span class='ocrx_word' id='word_1_105' title='bbox 277 937 362 980; x_wconf 81' lang='lat'><strong><em>218,</em></strong></span> <span class='ocrx_word' id='word_1_106' title='bbox 375 945 404 970; x_wconf 84' lang='lat'><strong>1.</strong></span> <span class='ocrx_word' id='word_1_107' title='bbox 440 949 483 957; x_wconf 90' lang='lat'>-—</span> <span class='ocrx_word' id='word_1_108' title='bbox 516 926 696 973; x_wconf 86' lang='lat' dir='ltr'>quantum</span> <span class='ocrx_word' id='word_1_109' title='bbox 726 918 866 954; x_wconf 86' lang='lat' dir='ltr'>incum-</span> <span class='ocrx_word' id='word_1_110' title='bbox 914 908 988 946; x_wconf 91' lang='lat' dir='ltr'>loci</span> <span class='ocrx_word' id='word_1_111' title='bbox 1012 908 1144 942; x_wconf 85' lang='lat' dir='ltr'>natura</span> <span class='ocrx_word' id='word_1_112' title='bbox 1168 898 1388 946; x_wconf 86' lang='lat' dir='ltr'>patiebatur.</span> 
     </span>
     <span class='ocr_line' id='line_1_15' title="bbox 137 963 868 1027; baseline -0.041 0"><span class='ocrx_word' id='word_1_113' title='bbox 137 987 259 1027; x_wconf 84' lang='lat' dir='ltr'>bentis</span> <span class='ocrx_word' id='word_1_114' title='bbox 290 977 500 1019; x_wconf 77' lang='lat' dir='ltr'>formidinis</span> <span class='ocrx_word' id='word_1_115' title='bbox 536 970 712 1009; x_wconf 75' lang='lat' dir='ltr'>articulus</span> <span class='ocrx_word' id='word_1_116' title='bbox 748 963 868 1012; x_wconf 87' lang='lat' dir='ltr'>pacie-</span> 
     </span>
    </p>
   </div>
   <div class='ocr_carea' id='block_1_4' title="bbox 146 1030 1673 1674">
    <p class='ocr_par' dir='ltr' id='par_1_5' title="bbox 146 1030 1651 1223">
     <span class='ocr_line' id='line_1_16' title="bbox 189 1030 1649 1120; baseline -0.042 1"><span class='ocrx_word' id='word_1_117' title='bbox 189 1091 292 1120; x_wconf 79' lang='lat' dir='ltr'>cmus</span> <span class='ocrx_word' id='word_1_118' title='bbox 314 1073 539 1114; x_wconf 83' lang='lat' dir='ltr'>reivixdum</span> <span class='ocrx_word' id='word_1_119' title='bbox 564 1070 664 1104; x_wconf 84' lang='lat' dir='ltr'>aetas</span> <span class='ocrx_word' id='word_1_120' title='bbox 687 1060 872 1110; x_wconf 78' lang='lat' dir='ltr'>paciens</span> <span class='ocrx_word' id='word_1_121' title='bbox 971 1050 1057 1086; x_wconf 88' lang='lat' dir='ltr'><strong>Sall.</strong></span> <span class='ocrx_word' id='word_1_122' title='bbox 1084 1048 1165 1090; x_wconf 77' lang='lat' dir='ltr'><strong>luy.</strong></span> <span class='ocrx_word' id='word_1_123' title='bbox 1192 1045 1250 1080; x_wconf 82' lang='lat'>63.</span> <span class='ocrx_word' id='word_1_124' title='bbox 1275 1038 1339 1074; x_wconf 92' lang='lat' dir='ltr'>ubi</span> <span class='ocrx_word' id='word_1_125' title='bbox 1363 1034 1524 1082; x_wconf 83' lang='lat' dir='ltr'>primum</span> <span class='ocrx_word' id='word_1_126' title='bbox 1550 1030 1649 1064; x_wconf 85' lang='lat' dir='ltr'>aetas</span> 
     </span>
     <span class='ocr_line' id='line_1_17' title="bbox 146 1075 1651 1173; baseline -0.042 -2"><span class='ocrx_word' id='word_1_127' title='bbox 146 1134 226 1170; x_wconf 70' lang='lat' dir='ltr'>erut</span> <span class='ocrx_word' id='word_1_128' title='bbox 256 1129 341 1173; x_wconf 86' lang='lat'><strong>275,</strong></span> <span class='ocrx_word' id='word_1_129' title='bbox 360 1137 388 1163; x_wconf 89' lang='lat'><strong>1.</strong></span> <span class='ocrx_word' id='word_1_130' title='bbox 422 1142 470 1149; x_wconf 90' lang='lat'>—</span> <span class='ocrx_word' id='word_1_131' title='bbox 500 1116 710 1164; x_wconf 73' lang='lat' dir='ltr'>vigiliarum</span> <span class='ocrx_word' id='word_1_132' title='bbox 745 1111 783 1145; x_wconf 87' lang='lat' dir='ltr'>et</span> <span class='ocrx_word' id='word_1_133' title='bbox 820 1107 874 1142; x_wconf 90' lang='lat' dir='ltr'>in-</span> <span class='ocrx_word' id='word_1_134' title='bbox 923 1098 1077 1136; x_wconf 86' lang='lat' dir='ltr'>militiae</span> <span class='ocrx_word' id='word_1_135' title='bbox 1094 1092 1290 1140; x_wconf 87' lang='lat' dir='ltr'>patiens</span> <span class='ocrx_word' id='word_1_136' title='bbox 1306 1085 1393 1127; x_wconf 77' lang='lat' dir='ltr'>fuit3</span> <span class='ocrx_word' id='word_1_137' title='bbox 1419 1081 1539 1117; x_wconf 77' lang='lat' dir='ltr'><strong>Cat.5.</strong></span> <span class='ocrx_word' id='word_1_138' title='bbox 1563 1075 1651 1111; x_wconf 85' lang='lat' dir='ltr'>Cor-</span> 
     </span>
     <span class='ocr_line' id='line_1_18' title="bbox 147 1124 1616 1223; baseline -0.042 -5"><span class='ocrx_word' id='word_1_139' title='bbox 147 1179 250 1218; x_wconf 80' lang='lat' dir='ltr'>ediae</span> <span class='ocrx_word' id='word_1_140' title='bbox 274 1168 566 1223; x_wconf 83' lang='lat' dir='ltr'>pacientissimus</span> <span class='ocrx_word' id='word_1_141' title='bbox 590 1164 674 1204; x_wconf 85' lang='lat'><strong>243,</strong></span> <span class='ocrx_word' id='word_1_142' title='bbox 687 1170 716 1196; x_wconf 75' lang='lat'>5.</span> <span class='ocrx_word' id='word_1_143' title='bbox 925 1159 994 1196; x_wconf 90' lang='lat' dir='ltr'>pus</span> <span class='ocrx_word' id='word_1_144' title='bbox 1018 1143 1162 1191; x_wconf 88' lang='lat' dir='ltr'>patiens</span> <span class='ocrx_word' id='word_1_145' title='bbox 1186 1136 1329 1174; x_wconf 89' lang='lat' dir='ltr'>inediae</span> <span class='ocrx_word' id='word_1_146' title='bbox 1356 1161 1363 1169; x_wconf 95' lang='lat'>.</span> <span class='ocrx_word' id='word_1_147' title='bbox 1391 1159 1399 1168; x_wconf 90' lang='lat'>.</span> <span class='ocrx_word' id='word_1_148' title='bbox 1427 1158 1436 1166; x_wconf 97' lang='lat'>.</span> <span class='ocrx_word' id='word_1_149' title='bbox 1461 1124 1616 1173; x_wconf 84' lang='lat' dir='ltr'>vigiliae.</span> 
     </span>
    </p>

    <p class='ocr_par' dir='ltr' id='par_1_6' title="bbox 195 1170 1673 1674">
     <span class='ocr_line' id='line_1_19' title="bbox 195 1170 1655 1268; baseline -0.042 -5"><span class='ocrx_word' id='word_1_150' title='bbox 195 1225 313 1263; x_wconf 85' lang='lat' dir='ltr'>sacius</span> <span class='ocrx_word' id='word_1_151' title='bbox 335 1222 470 1268; x_wconf 84' lang='lat' dir='ltr'>putans</span> <span class='ocrx_word' id='word_1_152' title='bbox 495 1244 504 1252; x_wconf 91' lang='lat'>.</span> <span class='ocrx_word' id='word_1_153' title='bbox 524 1243 532 1252; x_wconf 95' lang='lat'>.</span> <span class='ocrx_word' id='word_1_154' title='bbox 551 1240 561 1249; x_wconf 90' lang='lat'>.</span> <span class='ocrx_word' id='word_1_155' title='bbox 586 1208 698 1247; x_wconf 86' lang='lat' dir='ltr'>armis</span> <span class='ocrx_word' id='word_1_156' title='bbox 722 1205 879 1241; x_wconf 86' lang='lat' dir='ltr'>salutem</span> <span class='ocrx_word' id='word_1_157' title='bbox 976 1194 1062 1230; x_wconf 84' lang='lat' dir='ltr'><em>Sall.</em></span> <span class='ocrx_word' id='word_1_158' title='bbox 1090 1191 1167 1226; x_wconf 78' lang='lat' dir='ltr'>Cat.</span> <span class='ocrx_word' id='word_1_159' title='bbox 1193 1188 1252 1224; x_wconf 84' lang='lat'><strong>58.</strong></span> <span class='ocrx_word' id='word_1_160' title='bbox 1288 1193 1361 1218; x_wconf 90' lang='lat' dir='ltr'>neu</span> <span class='ocrx_word' id='word_1_161' title='bbox 1399 1175 1497 1222; x_wconf 84' lang='lat' dir='ltr'>capti</span> <span class='ocrx_word' id='word_1_162' title='bbox 1533 1170 1655 1218; x_wconf 85' lang='lat' dir='ltr'>potius</span> 
     </span>
     <span class='ocr_line' id='line_1_20' title="bbox 236 1223 1658 1285; baseline -0.042 25"><span class='ocrx_word' id='word_1_163' title='bbox 236 1274 243 1282; x_wconf 91' lang='grc'><em>“</em></span> <span class='ocrx_word' id='word_1_164' title='bbox 930 1242 1036 1280; x_wconf 89' lang='lat' dir='ltr'>sicuti</span> <span class='ocrx_word' id='word_1_165' title='bbox 1075 1246 1211 1285; x_wconf 89' lang='lat' dir='ltr'>pecora</span> <span class='ocrx_word' id='word_1_166' title='bbox 1250 1223 1498 1267; x_wconf 82' lang='lat' dir='ltr'>trucidemini,</span> <span class='ocrx_word' id='word_1_167' title='bbox 1548 1228 1658 1265; x_wconf 89' lang='lat' dir='ltr'>quam</span> 
     </span>
     <span class='ocr_line' id='line_1_21' title="bbox 931 1267 1659 1328; baseline -0.041 0"><span class='ocrx_word' id='word_1_168' title='bbox 931 1293 1094 1328; x_wconf 84' lang='lat' dir='ltr'>virorum</span> <span class='ocrx_word' id='word_1_169' title='bbox 1125 1293 1229 1320; x_wconf 89' lang='lat' dir='ltr'>more</span> <span class='ocrx_word' id='word_1_170' title='bbox 1258 1276 1474 1326; x_wconf 82' lang='lat' dir='ltr'>pugnantes.</span> <span class='ocrx_word' id='word_1_171' title='bbox 1512 1289 1554 1295; x_wconf 93' lang='lat'>—-</span> <span class='ocrx_word' id='word_1_172' title='bbox 1582 1267 1659 1301; x_wconf 75' lang='lat' dir='ltr'><strong>Ia&#39;v.</strong></span> 
     </span>
     <span class='ocr_line' id='line_1_22' title="bbox 934 1321 1661 1382; baseline -0.044 -5"><span class='ocrx_word' id='word_1_173' title='bbox 934 1339 1008 1382; x_wconf 87' lang='lat' dir='ltr'><strong><em>III,</em></strong></span> <span class='ocrx_word' id='word_1_174' title='bbox 1025 1339 1084 1380; x_wconf 90' lang='lat'>47,</span> <span class='ocrx_word' id='word_1_175' title='bbox 1105 1336 1138 1370; x_wconf 90' lang='lat'>7.</span> <span class='ocrx_word' id='word_1_176' title='bbox 1163 1326 1401 1377; x_wconf 84' lang='lat' dir='ltr'>pecudum</span> <span class='ocrx_word' id='word_1_177' title='bbox 1426 1321 1661 1358; x_wconf 82' lang='lat' dir='ltr'>ferarumque</span> 
     </span>
     <span class='ocr_line' id='line_1_23' title="bbox 935 1360 1664 1431; baseline -0.043 -7"><span class='ocrx_word' id='word_1_178' title='bbox 935 1388 1030 1431; x_wconf 89' lang='lat' dir='ltr'>ritu;</span> <span class='ocrx_word' id='word_1_179' title='bbox 1067 1376 1296 1418; x_wconf 81' lang='lat' dir='ltr'><strong><em>XXXVIII,</em></strong></span> <span class='ocrx_word' id='word_1_180' title='bbox 1323 1375 1380 1410; x_wconf 86' lang='lat'>17.</span> <span class='ocrx_word' id='word_1_181' title='bbox 1417 1374 1591 1415; x_wconf 88' lang='lat' dir='ltr'>pecorum</span> <span class='ocrx_word' id='word_1_182' title='bbox 1625 1360 1664 1394; x_wconf 89' lang='lat' dir='ltr'>in</span> 
     </span>
     <span class='ocr_line' id='line_1_24' title="bbox 937 1407 1665 1472; baseline -0.043 0"><span class='ocrx_word' id='word_1_183' title='bbox 937 1433 1091 1472; x_wconf 84' lang='lat' dir='ltr'>modum</span> <span class='ocrx_word' id='word_1_184' title='bbox 1128 1424 1380 1464; x_wconf 85' lang='lat' dir='ltr'>consternatos</span> <span class='ocrx_word' id='word_1_185' title='bbox 1415 1413 1574 1452; x_wconf 88' lang='lat' dir='ltr'>caedunt</span> <span class='ocrx_word' id='word_1_186' title='bbox 1610 1407 1665 1443; x_wconf 81' lang='lat' dir='ltr'>fu-</span> 
     </span>
     <span class='ocr_line' id='line_1_25' title="bbox 940 1456 1666 1531; baseline -0.044 -11"><span class='ocrx_word' id='word_1_187' title='bbox 940 1484 1113 1531; x_wconf 80' lang='lat' dir='ltr'>gantque.</span> <span class='ocrx_word' id='word_1_188' title='bbox 1158 1495 1200 1501; x_wconf 78' lang='lat'>—-</span> <span class='ocrx_word' id='word_1_189' title='bbox 1243 1473 1362 1506; x_wconf 85' lang='lat' dir='ltr'>Amm.</span> <span class='ocrx_word' id='word_1_190' title='bbox 1404 1465 1519 1500; x_wconf 83' lang='lat' dir='ltr'>Marc.</span> <span class='ocrx_word' id='word_1_191' title='bbox 1560 1456 1666 1498; x_wconf 89' lang='lat' dir='ltr'><strong><em>XVI,</em></strong></span> 
     </span>
     <span class='ocr_line' id='line_1_26' title="bbox 944 1504 1670 1575; baseline -0.045 -6"><span class='ocrx_word' id='word_1_192' title='bbox 944 1533 1000 1575; x_wconf 87' lang='lat'>11,</span> <span class='ocrx_word' id='word_1_193' title='bbox 1027 1531 1060 1566; x_wconf 89' lang='grc'>9.</span> <span class='ocrx_word' id='word_1_194' title='bbox 1095 1525 1172 1561; x_wconf 89' lang='lat' dir='ltr'>sine</span> <span class='ocrx_word' id='word_1_195' title='bbox 1207 1518 1336 1556; x_wconf 89' lang='lat' dir='ltr'>aetatis</span> <span class='ocrx_word' id='word_1_196' title='bbox 1360 1513 1436 1549; x_wconf 89' lang='lat' dir='ltr'>ullo</span> <span class='ocrx_word' id='word_1_197' title='bbox 1462 1504 1670 1545; x_wconf 84' lang='lat' dir='ltr'>discrimine</span> 
     </span>
     <span class='ocr_line' id='line_1_27' title="bbox 943 1552 1671 1615; baseline -0.04 0"><span class='ocrx_word' id='word_1_198' title='bbox 943 1573 1180 1615; x_wconf 86' lang='lat' dir='ltr'>trucidabant</span> <span class='ocrx_word' id='word_1_199' title='bbox 1196 1571 1238 1604; x_wconf 87' lang='lat' dir='ltr'>ut</span> <span class='ocrx_word' id='word_1_200' title='bbox 1253 1563 1431 1613; x_wconf 84' lang='lat' dir='ltr'>pecudes;</span> <span class='ocrx_word' id='word_1_201' title='bbox 1458 1556 1564 1598; x_wconf 85' lang='lat' dir='ltr'><strong><em>XIX,</em></strong></span> <span class='ocrx_word' id='word_1_202' title='bbox 1584 1556 1618 1595; x_wconf 90' lang='lat'><strong><em>8,</em></strong></span> <span class='ocrx_word' id='word_1_203' title='bbox 1637 1552 1671 1587; x_wconf 89' lang='lat'><strong>4.</strong></span> 
     </span>
     <span class='ocr_line' id='line_1_28' title="bbox 945 1603 1673 1674; baseline -0.041 -10"><span class='ocrx_word' id='word_1_204' title='bbox 945 1633 1122 1674; x_wconf 87' lang='lat' dir='ltr'>pecorum</span> <span class='ocrx_word' id='word_1_205' title='bbox 1152 1618 1228 1654; x_wconf 84' lang='lat' dir='ltr'>ritu</span> <span class='ocrx_word' id='word_1_206' title='bbox 1262 1641 1270 1649; x_wconf 94' lang='lat'>.</span> <span class='ocrx_word' id='word_1_207' title='bbox 1307 1639 1316 1648; x_wconf 92' lang='lat'>.</span> <span class='ocrx_word' id='word_1_208' title='bbox 1352 1640 1360 1648; x_wconf 95' lang='lat'>.</span> <span class='ocrx_word' id='word_1_209' title='bbox 1395 1603 1673 1644; x_wconf 86' lang='lat' dir='ltr'>truncabantur.</span> 
     </span>
    </p>
   </div>
   <div class='ocr_carea' id='block_1_5' title="bbox 950 1669 1141 1718">
    <p class='ocr_par' dir='ltr' id='par_1_7' title="bbox 950 1669 1141 1718">
     <span class='ocr_line' id='line_1_29' title="bbox 950 1669 1141 1718; baseline -0.037 -7"><span class='ocrx_word' id='word_1_210' title='bbox 950 1675 1009 1718; x_wconf 78' lang='lat' dir='ltr'><strong>Cf.</strong></span> <span class='ocrx_word' id='word_1_211' title='bbox 1034 1669 1141 1707; x_wconf 89' lang='lat' dir='ltr'>mori.</span> 
     </span>
    </p>
   </div>
   <div class='ocr_carea' id='block_1_6' title="bbox 898 1247 974 2957">
    <p class='ocr_par' dir='ltr' id='par_1_8' title="bbox 898 1247 974 2957">
     <span class='ocr_line' id='line_1_30' title="bbox 898 1247 913 1315; baseline 0 1869"><span class='ocrx_word' id='word_1_212' title='bbox 898 1247 913 1315; x_wconf 95' lang='lat' dir='ltr'> </span> 
     </span>
     <span class='ocr_line' id='line_1_31' title="bbox 898 1315 920 1456; baseline 0 0"><span class='ocrx_word' id='word_1_213' title='bbox 898 1315 920 1456; x_wconf 95' lang='lat' dir='ltr'>   </span> 
     </span>
     <span class='ocr_line' id='line_1_32' title="bbox 907 1491 930 1645; baseline 0 -136"><span class='ocrx_word' id='word_1_214' title='bbox 907 1491 930 1645; x_wconf 95' lang='lat' dir='ltr'>    </span> 
     </span>
     <span class='ocr_line' id='line_1_33' title="bbox 915 1645 942 1915; baseline 0 -173"><span class='ocrx_word' id='word_1_215' title='bbox 915 1645 942 1915; x_wconf 95' lang='lat' dir='ltr'>  </span> 
     </span>
     <span class='ocr_line' id='line_1_34' title="bbox 919 1915 948 2104; baseline 0 0"><span class='ocrx_word' id='word_1_216' title='bbox 919 1915 948 2104; x_wconf 95' lang='lat' dir='ltr'>   </span> 
     </span>
     <span class='ocr_line' id='line_1_35' title="bbox 932 2104 954 2272; baseline 0 -105"><span class='ocrx_word' id='word_1_217' title='bbox 932 2104 954 2272; x_wconf 95' lang='lat' dir='ltr'>   </span> 
     </span>
     <span class='ocr_line' id='line_1_36' title="bbox 939 2272 957 2374; baseline 0 0"><span class='ocrx_word' id='word_1_218' title='bbox 939 2272 957 2374; x_wconf 95' lang='lat' dir='ltr'>  </span> 
     </span>
     <span class='ocr_line' id='line_1_37' title="bbox 943 2374 974 2839; baseline 0 0"><span class='ocrx_word' id='word_1_219' title='bbox 943 2374 974 2839; x_wconf 95' lang='lat' dir='ltr'>  </span> 
     </span>
     <span class='ocr_line' id='line_1_38' title="bbox 950 2839 974 2957; baseline 0 227"><span class='ocrx_word' id='word_1_220' title='bbox 950 2839 974 2957; x_wconf 95' lang='lat' dir='ltr'> </span> 
     </span>
    </p>
   </div>
   <div class='ocr_carea' id='block_1_7' title="bbox 157 1349 898 1760">
    <p class='ocr_par' dir='ltr' id='par_1_9' title="bbox 157 1349 887 1504">
     <span class='ocr_line' id='line_1_39' title="bbox 157 1349 884 1409; baseline -0.041 0"><span class='ocrx_word' id='word_1_221' title='bbox 157 1367 359 1409; x_wconf 87' lang='lat' dir='ltr'>consultius</span> <span class='ocrx_word' id='word_1_222' title='bbox 383 1361 453 1398; x_wconf 88' lang='lat' dir='ltr'>sibi</span> <span class='ocrx_word' id='word_1_223' title='bbox 471 1369 560 1403; x_wconf 86' lang='lat' dir='ltr'>esse,</span> <span class='ocrx_word' id='word_1_224' title='bbox 585 1357 627 1390; x_wconf 93' lang='lat' dir='ltr'>ut</span> <span class='ocrx_word' id='word_1_225' title='bbox 653 1381 661 1390; x_wconf 94' lang='lat'>.</span> <span class='ocrx_word' id='word_1_226' title='bbox 681 1380 690 1389; x_wconf 99' lang='lat'>.</span> <span class='ocrx_word' id='word_1_227' title='bbox 709 1379 717 1388; x_wconf 89' lang='lat'>.</span> <span class='ocrx_word' id='word_1_228' title='bbox 742 1349 782 1384; x_wconf 92' lang='lat' dir='ltr'>in</span> <span class='ocrx_word' id='word_1_229' title='bbox 799 1357 884 1382; x_wconf 90' lang='lat' dir='ltr'>con-</span> 
     </span>
     <span class='ocr_line' id='line_1_40' title="bbox 157 1402 887 1504; baseline -0.041 -47"><span class='ocrx_word' id='word_1_230' title='bbox 157 1416 342 1504; x_wconf 58' lang='lat' dir='ltr'>{melione</span> <span class='ocrx_word' id='word_1_231' title='bbox 353 1409 503 1459; x_wconf 79' lang='lat' dir='ltr'>publica</span> <span class='ocrx_word' id='word_1_232' title='bbox 517 1402 762 1442; x_wconf 86' lang='lat' dir='ltr'>morerentur,</span> <span class='ocrx_word' id='word_1_233' title='bbox 775 1404 887 1441; x_wconf 86' lang='lat' dir='ltr'>quam</span> 
     </span>
    </p>

    <p class='ocr_par' dir='ltr' id='par_1_10' title="bbox 160 1444 898 1760">
     <span class='ocr_line' id='line_1_41' title="bbox 186 1444 889 1504; baseline -0.043 0"><span class='ocrx_word' id='word_1_234' title='bbox 186 1464 277 1504; x_wconf 73' lang='lat' dir='ltr'>editi</span> <span class='ocrx_word' id='word_1_235' title='bbox 306 1461 383 1498; x_wconf 87' lang='lat' dir='ltr'>ritu</span> <span class='ocrx_word' id='word_1_236' title='bbox 414 1453 600 1504; x_wconf 81' lang='lat' dir='ltr'>pecudum</span> <span class='ocrx_word' id='word_1_237' title='bbox 632 1444 889 1494; x_wconf 80' lang='lat' dir='ltr'>iugularentur</span> 
     </span>
     <span class='ocr_line' id='line_1_42' title="bbox 160 1494 889 1559; baseline -0.043 -4"><span class='ocrx_word' id='word_1_238' title='bbox 160 1516 245 1559; x_wconf 86' lang='lat'><strong>223,</strong></span> <span class='ocrx_word' id='word_1_239' title='bbox 259 1522 304 1550; x_wconf 72' lang='lat'><strong>55.</strong></span> <span class='ocrx_word' id='word_1_240' title='bbox 331 1529 375 1536; x_wconf 91' lang='lat'><em>-</em></span> <span class='ocrx_word' id='word_1_241' title='bbox 400 1504 514 1542; x_wconf 86' lang='lat' dir='ltr'>satius</span> <span class='ocrx_word' id='word_1_242' title='bbox 539 1499 608 1536; x_wconf 91' lang='lat' dir='ltr'>sibi</span> <span class='ocrx_word' id='word_1_243' title='bbox 631 1497 723 1539; x_wconf 75' lang='lat' dir='ltr'>fore,</span> <span class='ocrx_word' id='word_1_244' title='bbox 747 1494 791 1527; x_wconf 88' lang='lat' dir='ltr'>ut</span> <span class='ocrx_word' id='word_1_245' title='bbox 816 1519 824 1528; x_wconf 95' lang='lat'>.</span> <span class='ocrx_word' id='word_1_246' title='bbox 851 1517 859 1526; x_wconf 93' lang='lat'>.</span> <span class='ocrx_word' id='word_1_247' title='bbox 881 1515 889 1524; x_wconf 90' lang='lat'>.</span> 
     </span>
     <span class='ocr_line' id='line_1_43' title="bbox 160 1539 893 1600; baseline -0.041 0"><span class='ocrx_word' id='word_1_248' title='bbox 160 1571 265 1600; x_wconf 85' lang='lat' dir='ltr'>moro</span> <span class='ocrx_word' id='word_1_249' title='bbox 298 1557 462 1594; x_wconf 85' lang='lat' dir='ltr'>virorum</span> <span class='ocrx_word' id='word_1_250' title='bbox 498 1547 650 1586; x_wconf 86' lang='lat' dir='ltr'>fortium</span> <span class='ocrx_word' id='word_1_251' title='bbox 685 1539 893 1578; x_wconf 87' lang='lat' dir='ltr'>moriantur</span> 
     </span>
     <span class='ocr_line' id='line_1_44' title="bbox 165 1590 894 1650; baseline -0.04 -3"><span class='ocrx_word' id='word_1_252' title='bbox 165 1611 205 1647; x_wconf 88' lang='lat' dir='ltr'>in</span> <span class='ocrx_word' id='word_1_253' title='bbox 218 1607 329 1650; x_wconf 89' lang='lat' dir='ltr'>bello,</span> <span class='ocrx_word' id='word_1_254' title='bbox 354 1612 466 1649; x_wconf 82' lang='lat' dir='ltr'>quam</span> <span class='ocrx_word' id='word_1_255' title='bbox 489 1600 532 1634; x_wconf 90' lang='lat' dir='ltr'>ut</span> <span class='ocrx_word' id='word_1_256' title='bbox 555 1596 594 1631; x_wconf 92' lang='lat' dir='ltr'>in</span> <span class='ocrx_word' id='word_1_257' title='bbox 619 1590 738 1629; x_wconf 83' lang='lat' dir='ltr'>exiliis</span> <span class='ocrx_word' id='word_1_258' title='bbox 763 1590 801 1623; x_wconf 89' lang='lat' dir='ltr'>et</span> <span class='ocrx_word' id='word_1_259' title='bbox 817 1595 894 1621; x_wconf 84' lang='lat' dir='ltr'>car-</span> 
     </span>
     <span class='ocr_line' id='line_1_45' title="bbox 168 1635 895 1696; baseline -0.037 -1"><span class='ocrx_word' id='word_1_260' title='bbox 168 1657 310 1695; x_wconf 83' lang='lat' dir='ltr'>ceribus</span> <span class='ocrx_word' id='word_1_261' title='bbox 322 1652 398 1688; x_wconf 89' lang='lat' dir='ltr'>ritu</span> <span class='ocrx_word' id='word_1_262' title='bbox 409 1645 593 1696; x_wconf 86' lang='lat' dir='ltr'>pecudum</span> <span class='ocrx_word' id='word_1_263' title='bbox 609 1636 766 1687; x_wconf 80' lang='lat' dir='ltr'>iugulati</span> <span class='ocrx_word' id='word_1_264' title='bbox 776 1635 895 1678; x_wconf 83' lang='lat'><strong>237,1.</strong></span> 
     </span>
     <span class='ocr_line' id='line_1_46' title="bbox 171 1681 898 1760; baseline -0.039 -18"><span class='ocrx_word' id='word_1_265' title='bbox 171 1726 219 1760; x_wconf 45' lang='lat'>-·</span> <span class='ocrx_word' id='word_1_266' title='bbox 248 1705 293 1738; x_wconf 90' lang='lat' dir='ltr'>ut</span> <span class='ocrx_word' id='word_1_267' title='bbox 322 1729 332 1756; x_wconf 71' lang='lat'>5</span> <span class='ocrx_word' id='word_1_268' title='bbox 359 1728 367 1736; x_wconf 95' lang='lat'>.</span> <span class='ocrx_word' id='word_1_269' title='bbox 395 1726 404 1735; x_wconf 88' lang='lat'>.</span> <span class='ocrx_word' id='word_1_270' title='bbox 437 1692 597 1742; x_wconf 83' lang='lat' dir='ltr'>pecudes</span> <span class='ocrx_word' id='word_1_271' title='bbox 621 1687 702 1732; x_wconf 88' lang='lat' dir='ltr'>sibi,</span> <span class='ocrx_word' id='word_1_272' title='bbox 732 1694 810 1720; x_wconf 94' lang='lat' dir='ltr'>non</span> <span class='ocrx_word' id='word_1_273' title='bbox 831 1681 898 1716; x_wconf 88' lang='lat' dir='ltr'>ho-</span> 
     </span>
    </p>
   </div>
   <div class='ocr_carea' id='block_1_8' title="bbox 176 1885 923 2410">
    <p class='ocr_par' dir='ltr' id='par_1_11' title="bbox 176 1885 690 1939">
     <span class='ocr_line' id='line_1_47' title="bbox 176 1885 690 1939; baseline -0.035 -6"><span class='ocrx_word' id='word_1_274' title='bbox 176 1898 246 1933; x_wconf 89' lang='lat' dir='ltr'>bus</span> <span class='ocrx_word' id='word_1_275' title='bbox 270 1887 524 1939; x_wconf 87' lang='lat' dir='ltr'>exposuissent</span> <span class='ocrx_word' id='word_1_276' title='bbox 545 1885 630 1926; x_wconf 88' lang='lat'>228,</span> <span class='ocrx_word' id='word_1_277' title='bbox 644 1891 690 1916; x_wconf 77' lang='lat' dir='ltr'>so.</span> 
     </span>
    </p>

    <p class='ocr_par' dir='ltr' id='par_1_12' title="bbox 179 1917 923 2410">
     <span class='ocr_line' id='line_1_48' title="bbox 223 1917 908 1979; baseline -0.041 1"><span class='ocrx_word' id='word_1_278' title='bbox 223 1941 343 1979; x_wconf 81' lang='lat' dir='ltr'>filium</span> <span class='ocrx_word' id='word_1_279' title='bbox 366 1938 406 1973; x_wconf 87' lang='lat' dir='ltr'>in</span> <span class='ocrx_word' id='word_1_280' title='bbox 429 1943 551 1971; x_wconf 86' lang='lat' dir='ltr'>mores</span> <span class='ocrx_word' id='word_1_281' title='bbox 573 1929 762 1970; x_wconf 81' lang='lat' dir='ltr'>vitamque</span> <span class='ocrx_word' id='word_1_282' title='bbox 793 1917 908 1967; x_wconf 86' lang='lat' dir='ltr'>patris</span> 
     </span>
     <span class='ocr_line' id='line_1_49' title="bbox 179 1975 910 2039; baseline -0.038 -11"><span class='ocrx_word' id='word_1_283' title='bbox 179 1989 409 2039; x_wconf 87' lang='lat' dir='ltr'>pedibus,</span> <span class='ocrx_word' id='word_1_284' title='bbox 442 1985 486 2018; x_wconf 89' lang='lat' dir='ltr'>ut</span> <span class='ocrx_word' id='word_1_285' title='bbox 516 1979 636 2020; x_wconf 87' lang='lat' dir='ltr'>aiunt,</span> <span class='ocrx_word' id='word_1_286' title='bbox 666 1975 806 2009; x_wconf 87' lang='lat' dir='ltr'>iturum</span> <span class='ocrx_word' id='word_1_287' title='bbox 832 1977 910 2003; x_wconf 88' lang='lat' dir='ltr'>esse</span> 
     </span>
     <span class='ocr_line' id='line_1_50' title="bbox 182 2016 911 2084; baseline -0.041 -6"><span class='ocrx_word' id='word_1_288' title='bbox 182 2042 278 2084; x_wconf 82' lang='lat'><strong>71,5.</strong></span> <span class='ocrx_word' id='word_1_289' title='bbox 305 2055 348 2062; x_wconf 86' lang='lat'>-</span> <span class='ocrx_word' id='word_1_290' title='bbox 375 2030 479 2078; x_wconf 89' lang='lat' dir='ltr'>quasi</span> <span class='ocrx_word' id='word_1_291' title='bbox 495 2027 590 2064; x_wconf 88' lang='lat' dir='ltr'>filios</span> <span class='ocrx_word' id='word_1_292' title='bbox 610 2024 718 2070; x_wconf 87' lang='lat' dir='ltr'>pater</span> <span class='ocrx_word' id='word_1_293' title='bbox 741 2019 781 2054; x_wconf 93' lang='lat' dir='ltr'>in</span> <span class='ocrx_word' id='word_1_294' title='bbox 797 2016 911 2052; x_wconf 86' lang='lat' dir='ltr'>vitam</span> 
     </span>
     <span class='ocr_line' id='line_1_51' title="bbox 181 2064 914 2128; baseline -0.04 -4"><span class='ocrx_word' id='word_1_295' title='bbox 181 2093 376 2128; x_wconf 87' lang='lat' dir='ltr'>moresque</span> <span class='ocrx_word' id='word_1_296' title='bbox 401 2089 484 2115; x_wconf 91' lang='lat' dir='ltr'>suos</span> <span class='ocrx_word' id='word_1_297' title='bbox 508 2073 676 2122; x_wconf 90' lang='lat' dir='ltr'>pedibus,</span> <span class='ocrx_word' id='word_1_298' title='bbox 701 2070 744 2103; x_wconf 88' lang='lat' dir='ltr'>ut</span> <span class='ocrx_word' id='word_1_299' title='bbox 768 2064 914 2106; x_wconf 88' lang='lat' dir='ltr'>dicitur,</span> 
     </span>
     <span class='ocr_line' id='line_1_52' title="bbox 185 2109 915 2171; baseline -0.04 0"><span class='ocrx_word' id='word_1_300' title='bbox 185 2136 240 2171; x_wconf 86' lang='lat' dir='ltr'>ire</span> <span class='ocrx_word' id='word_1_301' title='bbox 268 2129 445 2167; x_wconf 82' lang='lat' dir='ltr'>docuerat</span> <span class='ocrx_word' id='word_1_302' title='bbox 476 2126 597 2167; x_wconf 88' lang='lat'><strong>129,1.</strong></span> <span class='ocrx_word' id='word_1_303' title='bbox 623 2138 668 2145; x_wconf 91' lang='lat'><em>-</em></span> <span class='ocrx_word' id='word_1_304' title='bbox 695 2114 767 2160; x_wconf 77' lang='lat' dir='ltr'>Qui</span> <span class='ocrx_word' id='word_1_305' title='bbox 800 2109 915 2158; x_wconf 90' lang='lat' dir='ltr'>proti-</span> 
     </span>
     <span class='ocr_line' id='line_1_53' title="bbox 187 2157 919 2222; baseline -0.04 -3"><span class='ocrx_word' id='word_1_306' title='bbox 187 2193 258 2218; x_wconf 87' lang='lat' dir='ltr'>nus</span> <span class='ocrx_word' id='word_1_307' title='bbox 284 2208 291 2216; x_wconf 96' lang='lat'>.</span> <span class='ocrx_word' id='word_1_308' title='bbox 319 2207 327 2215; x_wconf 93' lang='lat'>.</span> <span class='ocrx_word' id='word_1_309' title='bbox 355 2205 363 2214; x_wconf 89' lang='lat'>.</span> <span class='ocrx_word' id='word_1_310' title='bbox 387 2173 555 2222; x_wconf 87' lang='lat' dir='ltr'>pedibus,</span> <span class='ocrx_word' id='word_1_311' title='bbox 585 2170 627 2203; x_wconf 91' lang='lat' dir='ltr'>ut</span> <span class='ocrx_word' id='word_1_312' title='bbox 651 2164 724 2200; x_wconf 89' lang='lat' dir='ltr'>dici</span> <span class='ocrx_word' id='word_1_313' title='bbox 749 2161 854 2202; x_wconf 83' lang='lat' dir='ltr'>solet,</span> <span class='ocrx_word' id='word_1_314' title='bbox 879 2157 919 2191; x_wconf 92' lang='lat' dir='ltr'>in</span> 
     </span>
     <span class='ocr_line' id='line_1_54' title="bbox 191 2204 920 2266; baseline -0.038 0"><span class='ocrx_word' id='word_1_315' title='bbox 191 2225 410 2266; x_wconf 84' lang='lat' dir='ltr'>sententiam</span> <span class='ocrx_word' id='word_1_316' title='bbox 434 2220 526 2256; x_wconf 88' lang='lat' dir='ltr'>abiit</span> <span class='ocrx_word' id='word_1_317' title='bbox 543 2218 624 2260; x_wconf 83' lang='lat'><strong><em>166,</em></strong></span> <span class='ocrx_word' id='word_1_318' title='bbox 635 2224 681 2251; x_wconf 72' lang='grc' dir='ltr'>ιδ.</span> <span class='ocrx_word' id='word_1_319' title='bbox 708 2230 751 2236; x_wconf 88' lang='lat'>-</span> <span class='ocrx_word' id='word_1_320' title='bbox 778 2204 920 2244; x_wconf 85' lang='lat' dir='ltr'>cunctis</span> 
     </span>
     <span class='ocr_line' id='line_1_55' title="bbox 190 2255 922 2325; baseline -0.038 -11"><span class='ocrx_word' id='word_1_321' title='bbox 190 2273 415 2325; x_wconf 84' lang='lat' dir='ltr'>principibus</span> <span class='ocrx_word' id='word_1_322' title='bbox 456 2269 496 2304; x_wconf 90' lang='lat' dir='ltr'>in</span> <span class='ocrx_word' id='word_1_323' title='bbox 532 2260 752 2301; x_wconf 83' lang='lat' dir='ltr'>sententiam</span> <span class='ocrx_word' id='word_1_324' title='bbox 789 2255 867 2291; x_wconf 88' lang='lat' dir='ltr'>eius</span> <span class='ocrx_word' id='word_1_325' title='bbox 901 2263 922 2286; x_wconf 88' lang='lat' dir='ltr'>e</span> 
     </span>
     <span class='ocr_line' id='line_1_56' title="bbox 192 2300 923 2368; baseline -0.038 -5"><span class='ocrx_word' id='word_1_326' title='bbox 192 2321 348 2368; x_wconf 79' lang='lat' dir='ltr'>vestigio</span> <span class='ocrx_word' id='word_1_327' title='bbox 373 2314 593 2355; x_wconf 75' lang='lat' dir='ltr'>abeuntibus</span> <span class='ocrx_word' id='word_1_328' title='bbox 622 2310 704 2351; x_wconf 88' lang='lat'><strong>332,</strong></span> <span class='ocrx_word' id='word_1_329' title='bbox 718 2317 764 2343; x_wconf 58' lang='grc' dir='ltr'><strong>πο.</strong></span> <span class='ocrx_word' id='word_1_330' title='bbox 790 2323 836 2330; x_wconf 89' lang='lat'>-</span> <span class='ocrx_word' id='word_1_331' title='bbox 863 2300 923 2343; x_wconf 78' lang='lat' dir='ltr'><strong>Cf.</strong></span> 
     </span>
     <span class='ocr_line' id='line_1_57' title="bbox 194 2381 327 2410; baseline -0.045 1"><span class='ocrx_word' id='word_1_332' title='bbox 194 2381 327 2410; x_wconf 88' lang='lat' dir='ltr'>mores.</span> 
     </span>
    </p>
   </div>
   <div class='ocr_carea' id='block_1_9' title="bbox 959 1890 1709 2522">
    <p class='ocr_par' dir='ltr' id='par_1_13' title="bbox 959 1890 1702 2425">
     <span class='ocr_line' id='line_1_58' title="bbox 1006 1890 1685 1947; baseline -0.047 1"><span class='ocrx_word' id='word_1_333' title='bbox 1006 1911 1094 1947; x_wconf 85' lang='lat' dir='ltr'><strong>Sall.</strong></span> <span class='ocrx_word' id='word_1_334' title='bbox 1123 1908 1202 1941; x_wconf 79' lang='lat' dir='ltr'>Cat.</span> <span class='ocrx_word' id='word_1_335' title='bbox 1229 1904 1287 1939; x_wconf 87' lang='lat'>50.</span> <span class='ocrx_word' id='word_1_336' title='bbox 1312 1894 1517 1944; x_wconf 90' lang='lat' dir='ltr'>pedibus</span> <span class='ocrx_word' id='word_1_337' title='bbox 1543 1890 1580 1923; x_wconf 91' lang='lat' dir='ltr'>in</span> <span class='ocrx_word' id='word_1_338' title='bbox 1606 1896 1685 1919; x_wconf 90' lang='lat' dir='ltr'>sen-</span> 
     </span>
     <span class='ocr_line' id='line_1_59' title="bbox 959 1931 1687 1996; baseline -0.045 1"><span class='ocrx_word' id='word_1_339' title='bbox 959 1959 1113 1996; x_wconf 83' lang='lat' dir='ltr'>tentiam</span> <span class='ocrx_word' id='word_1_340' title='bbox 1138 1953 1220 1989; x_wconf 83' lang='lat' dir='ltr'>Tib.</span> <span class='ocrx_word' id='word_1_341' title='bbox 1239 1944 1397 1984; x_wconf 86' lang='lat' dir='ltr'>Neronis</span> <span class='ocrx_word' id='word_1_342' title='bbox 1418 1942 1556 1976; x_wconf 87' lang='lat' dir='ltr'>iturum</span> <span class='ocrx_word' id='word_1_343' title='bbox 1579 1945 1616 1969; x_wconf 88' lang='lat' dir='ltr'>se</span> <span class='ocrx_word' id='word_1_344' title='bbox 1634 1931 1687 1966; x_wconf 92' lang='lat' dir='ltr'>di-</span> 
     </span>
     <span class='ocr_line' id='line_1_60' title="bbox 961 1991 1689 2045; baseline -0.048 1"><span class='ocrx_word' id='word_1_345' title='bbox 961 2008 1076 2045; x_wconf 83' lang='lat' dir='ltr'>xerat.</span> <span class='ocrx_word' id='word_1_346' title='bbox 1105 2023 1147 2030; x_wconf 77' lang='lat'><em>-</em></span> <span class='ocrx_word' id='word_1_347' title='bbox 1180 2000 1260 2034; x_wconf 80' lang='lat' dir='ltr'>Liv.</span> <span class='ocrx_word' id='word_1_348' title='bbox 1291 1992 1400 2033; x_wconf 90' lang='lat' dir='ltr'><strong><em>VIII,</em></strong></span> <span class='ocrx_word' id='word_1_349' title='bbox 1427 1992 1460 2026; x_wconf 87' lang='lat'><strong>9.</strong></span> <span class='ocrx_word' id='word_1_350' title='bbox 1495 1995 1578 2021; x_wconf 86' lang='lat' dir='ltr'>cum</span> <span class='ocrx_word' id='word_1_351' title='bbox 1613 1991 1689 2015; x_wconf 89' lang='lat' dir='ltr'>om-</span> 
     </span>
     <span class='ocr_line' id='line_1_61' title="bbox 963 2027 1691 2092; baseline -0.045 1"><span class='ocrx_word' id='word_1_352' title='bbox 963 2067 1028 2092; x_wconf 87' lang='lat' dir='ltr'>nes</span> <span class='ocrx_word' id='word_1_353' title='bbox 1064 2082 1071 2089; x_wconf 96' lang='lat'>.</span> <span class='ocrx_word' id='word_1_354' title='bbox 1100 2080 1107 2088; x_wconf 92' lang='lat'>.</span> <span class='ocrx_word' id='word_1_355' title='bbox 1136 2079 1143 2086; x_wconf 97' lang='lat'>.</span> <span class='ocrx_word' id='word_1_356' title='bbox 1179 2048 1218 2082; x_wconf 92' lang='lat' dir='ltr'>in</span> <span class='ocrx_word' id='word_1_357' title='bbox 1246 2039 1463 2079; x_wconf 85' lang='lat' dir='ltr'>sententiam</span> <span class='ocrx_word' id='word_1_358' title='bbox 1489 2033 1565 2069; x_wconf 87' lang='lat' dir='ltr'>eius</span> <span class='ocrx_word' id='word_1_359' title='bbox 1590 2027 1691 2075; x_wconf 89' lang='lat' dir='ltr'>pedi·</span> 
     </span>
     <span class='ocr_line' id='line_1_62' title="bbox 964 2086 1693 2140; baseline -0.047 0"><span class='ocrx_word' id='word_1_360' title='bbox 964 2106 1033 2140; x_wconf 88' lang='lat' dir='ltr'>bus</span> <span class='ocrx_word' id='word_1_361' title='bbox 1057 2099 1175 2140; x_wconf 75' lang='lat' dir='ltr'>irent3</span> <span class='ocrx_word' id='word_1_362' title='bbox 1211 2095 1252 2136; x_wconf 89' lang='lat' dir='ltr'>V,</span> <span class='ocrx_word' id='word_1_363' title='bbox 1278 2093 1312 2132; x_wconf 90' lang='lat'><strong><em>9,</em></strong></span> <span class='ocrx_word' id='word_1_364' title='bbox 1336 2091 1370 2125; x_wconf 88' lang='lat'>2.</span> <span class='ocrx_word' id='word_1_365' title='bbox 1405 2086 1444 2120; x_wconf 90' lang='lat' dir='ltr'>in</span> <span class='ocrx_word' id='word_1_366' title='bbox 1469 2091 1579 2127; x_wconf 83' lang='lat' dir='ltr'>quam</span> <span class='ocrx_word' id='word_1_367' title='bbox 1614 2086 1693 2110; x_wconf 86' lang='lat' dir='ltr'>sen-</span> 
     </span>
     <span class='ocr_line' id='line_1_63' title="bbox 967 2123 1695 2188; baseline -0.045 0"><span class='ocrx_word' id='word_1_368' title='bbox 967 2149 1122 2188; x_wconf 86' lang='lat' dir='ltr'>tentiam</span> <span class='ocrx_word' id='word_1_369' title='bbox 1140 2154 1224 2179; x_wconf 90' lang='lat' dir='ltr'>cum</span> <span class='ocrx_word' id='word_1_370' title='bbox 1240 2137 1395 2185; x_wconf 88' lang='lat' dir='ltr'>pedibus</span> <span class='ocrx_word' id='word_1_371' title='bbox 1411 2133 1544 2172; x_wconf 78' lang='lat' dir='ltr'>iretur3</span> <span class='ocrx_word' id='word_1_372' title='bbox 1568 2123 1695 2163; x_wconf 88' lang='lat' dir='ltr'><strong><em>XXII,</em></strong></span> 
     </span>
     <span class='ocr_line' id='line_1_64' title="bbox 970 2170 1695 2238; baseline -0.048 -1"><span class='ocrx_word' id='word_1_373' title='bbox 970 2202 1028 2238; x_wconf 85' lang='lat'>56.</span> <span class='ocrx_word' id='word_1_374' title='bbox 1055 2195 1149 2231; x_wconf 87' lang='lat' dir='ltr'>Cum</span> <span class='ocrx_word' id='word_1_375' title='bbox 1174 2192 1212 2226; x_wconf 89' lang='lat' dir='ltr'>in</span> <span class='ocrx_word' id='word_1_376' title='bbox 1236 2189 1332 2223; x_wconf 89' lang='lat' dir='ltr'>hanc</span> <span class='ocrx_word' id='word_1_377' title='bbox 1357 2177 1576 2217; x_wconf 88' lang='lat' dir='ltr'>sententiam</span> <span class='ocrx_word' id='word_1_378' title='bbox 1596 2170 1695 2217; x_wconf 84' lang='lat' dir='ltr'>pedi-</span> 
     </span>
     <span class='ocr_line' id='line_1_65' title="bbox 971 2219 1700 2284; baseline -0.047 0"><span class='ocrx_word' id='word_1_379' title='bbox 971 2249 1040 2284; x_wconf 81' lang='lat' dir='ltr'>bus</span> <span class='ocrx_word' id='word_1_380' title='bbox 1065 2251 1191 2278; x_wconf 90' lang='lat' dir='ltr'>omnes</span> <span class='ocrx_word' id='word_1_381' title='bbox 1216 2235 1349 2274; x_wconf 80' lang='lat' dir='ltr'>issent3</span> <span class='ocrx_word' id='word_1_382' title='bbox 1383 2226 1526 2267; x_wconf 91' lang='lat' dir='ltr'><strong><em>XXVI,</em></strong></span> <span class='ocrx_word' id='word_1_383' title='bbox 1554 2223 1611 2257; x_wconf 75' lang='lat'>34.</span> <span class='ocrx_word' id='word_1_384' title='bbox 1638 2219 1700 2252; x_wconf 81' lang='lat' dir='ltr'>aut</span> 
     </span>
     <span class='ocr_line' id='line_1_66' title="bbox 973 2267 1701 2341; baseline -0.044 -10"><span class='ocrx_word' id='word_1_385' title='bbox 973 2292 1128 2341; x_wconf 88' lang='lat' dir='ltr'>pedibus</span> <span class='ocrx_word' id='word_1_386' title='bbox 1152 2288 1191 2322; x_wconf 91' lang='lat' dir='ltr'>in</span> <span class='ocrx_word' id='word_1_387' title='bbox 1216 2278 1435 2319; x_wconf 87' lang='lat' dir='ltr'>sententiam</span> <span class='ocrx_word' id='word_1_388' title='bbox 1460 2273 1554 2307; x_wconf 81' lang='lat' dir='ltr'>ibat:</span> <span class='ocrx_word' id='word_1_389' title='bbox 1588 2268 1619 2310; x_wconf 91' lang='lat' dir='ltr'><strong><em>I,</em></strong></span> <span class='ocrx_word' id='word_1_390' title='bbox 1644 2267 1701 2305; x_wconf 82' lang='lat'>32,</span> 
     </span>
     <span class='ocr_line' id='line_1_67' title="bbox 978 2313 1702 2384; baseline -0.05 -4"><span class='ocrx_word' id='word_1_391' title='bbox 978 2345 1036 2380; x_wconf 91' lang='lat'>12.</span> <span class='ocrx_word' id='word_1_392' title='bbox 1070 2348 1155 2384; x_wconf 82' lang='lat' dir='ltr'>pars</span> <span class='ocrx_word' id='word_1_393' title='bbox 1190 2330 1307 2367; x_wconf 84' lang='lat' dir='ltr'>maior</span> <span class='ocrx_word' id='word_1_394' title='bbox 1343 2354 1350 2362; x_wconf 94' lang='lat'>.</span> <span class='ocrx_word' id='word_1_395' title='bbox 1387 2350 1396 2358; x_wconf 92' lang='lat'>.</span> <span class='ocrx_word' id='word_1_396' title='bbox 1434 2351 1440 2358; x_wconf 96' lang='lat'>.</span> <span class='ocrx_word' id='word_1_397' title='bbox 1475 2321 1514 2354; x_wconf 91' lang='lat' dir='ltr'>in</span> <span class='ocrx_word' id='word_1_398' title='bbox 1549 2313 1702 2351; x_wconf 87' lang='lat' dir='ltr'>eandem</span> 
     </span>
     <span class='ocr_line' id='line_1_68' title="bbox 978 2377 1395 2425; baseline -0.046 1"><span class='ocrx_word' id='word_1_399' title='bbox 978 2384 1197 2425; x_wconf 87' lang='lat' dir='ltr'>sententiam</span> <span class='ocrx_word' id='word_1_400' title='bbox 1223 2378 1310 2419; x_wconf 85' lang='lat' dir='ltr'>ibat,</span> <span class='ocrx_word' id='word_1_401' title='bbox 1337 2377 1395 2407; x_wconf 76' lang='lat' dir='ltr'>etc.</span> 
     </span>
    </p>

    <p class='ocr_par' dir='ltr' id='par_1_14' title="bbox 982 2409 1709 2522">
     <span class='ocr_line' id='line_1_69' title="bbox 1028 2409 1707 2470; baseline -0.049 1"><span class='ocrx_word' id='word_1_402' title='bbox 1028 2436 1106 2470; x_wconf 72' lang='lat' dir='ltr'><strong>Liv.</strong></span> <span class='ocrx_word' id='word_1_403' title='bbox 1134 2429 1212 2470; x_wconf 89' lang='lat' dir='ltr'><strong><em>III,</em></strong></span> <span class='ocrx_word' id='word_1_404' title='bbox 1240 2427 1303 2465; x_wconf 82' lang='lat'>70,</span> <span class='ocrx_word' id='word_1_405' title='bbox 1334 2423 1365 2456; x_wconf 90' lang='lat'>1.</span> <span class='ocrx_word' id='word_1_406' title='bbox 1402 2418 1441 2451; x_wconf 92' lang='lat' dir='ltr'>in</span> <span class='ocrx_word' id='word_1_407' title='bbox 1479 2409 1707 2448; x_wconf 80' lang='lat' dir='ltr'>administra-</span> 
     </span>
     <span class='ocr_line' id='line_1_70' title="bbox 982 2463 1709 2522; baseline -0.047 -2"><span class='ocrx_word' id='word_1_408' title='bbox 982 2485 1082 2520; x_wconf 90' lang='lat' dir='ltr'>tione</span> <span class='ocrx_word' id='word_1_409' title='bbox 1098 2481 1316 2522; x_wconf 84' lang='lat' dir='ltr'>magnarum</span> <span class='ocrx_word' id='word_1_410' title='bbox 1333 2476 1456 2502; x_wconf 87' lang='lat' dir='ltr'>rerum</span> <span class='ocrx_word' id='word_1_411' title='bbox 1479 2490 1486 2497; x_wconf 96' lang='lat'>.</span> <span class='ocrx_word' id='word_1_412' title='bbox 1507 2489 1514 2495; x_wconf 94' lang='lat'>.</span> <span class='ocrx_word' id='word_1_413' title='bbox 1536 2487 1543 2495; x_wconf 91' lang='lat'>.</span> <span class='ocrx_word' id='word_1_414' title='bbox 1567 2463 1709 2490; x_wconf 83' lang='lat' dir='ltr'>summa</span> 
     </span>
    </p>
   </div>
   <div class='ocr_carea' id='block_1_10' title="bbox 204 2444 931 2552">
    <p class='ocr_par' dir='ltr' id='par_1_15' title="bbox 204 2444 931 2552">
     <span class='ocr_line' id='line_1_71' title="bbox 247 2444 930 2503; baseline -0.041 1"><span class='ocrx_word' id='word_1_415' title='bbox 247 2466 401 2503; x_wconf 72' lang='lat' dir='ltr'>Summa</span> <span class='ocrx_word' id='word_1_416' title='bbox 415 2462 541 2496; x_wconf 88' lang='lat' dir='ltr'>tamen</span> <span class='ocrx_word' id='word_1_417' title='bbox 557 2463 682 2490; x_wconf 86' lang='lat' dir='ltr'>rerum</span> <span class='ocrx_word' id='word_1_418' title='bbox 705 2451 742 2485; x_wconf 86' lang='lat' dir='ltr'>et</span> <span class='ocrx_word' id='word_1_419' title='bbox 765 2444 930 2482; x_wconf 90' lang='lat' dir='ltr'>omnium</span> 
     </span>
     <span class='ocr_line' id='line_1_72' title="bbox 204 2495 931 2552; baseline -0.041 1"><span class='ocrx_word' id='word_1_420' title='bbox 204 2508 469 2552; x_wconf 75' lang='lat' dir='ltr'>administratio</span> <span class='ocrx_word' id='word_1_421' title='bbox 495 2531 504 2541; x_wconf 87' lang='lat'>.</span> <span class='ocrx_word' id='word_1_422' title='bbox 532 2533 540 2541; x_wconf 94' lang='lat'>.</span> <span class='ocrx_word' id='word_1_423' title='bbox 568 2531 576 2540; x_wconf 91' lang='lat'>.</span> <span class='ocrx_word' id='word_1_424' title='bbox 601 2507 750 2547; x_wconf 88' lang='lat' dir='ltr'>penes</span> <span class='ocrx_word' id='word_1_425' title='bbox 774 2495 931 2538; x_wconf 85' lang='lat' dir='ltr'>impera-</span> 
     </span>
    </p>
   </div>
   <div class='ocr_carea' id='block_1_11' title="bbox 204 2505 1721 2836">
    <p class='ocr_par' dir='ltr' id='par_1_16' title="bbox 204 2505 1721 2836">
     <span class='ocr_line' id='line_1_73' title="bbox 204 2505 1710 2599; baseline -0.046 2"><span class='ocrx_word' id='word_1_426' title='bbox 204 2563 335 2599; x_wconf 83' lang='lat' dir='ltr'>tricem</span> <span class='ocrx_word' id='word_1_427' title='bbox 350 2553 526 2594; x_wconf 85' lang='lat' dir='ltr'>remansit</span> <span class='ocrx_word' id='word_1_428' title='bbox 542 2553 600 2594; x_wconf 86' lang='grc'>69,</span> <span class='ocrx_word' id='word_1_429' title='bbox 609 2559 655 2586; x_wconf 74' lang='lat'>25.</span> <span class='ocrx_word' id='word_1_430' title='bbox 683 2565 725 2572; x_wconf 88' lang='lat'>-</span> <span class='ocrx_word' id='word_1_431' title='bbox 751 2537 933 2578; x_wconf 86' lang='lat' dir='ltr'>ordinatio</span> <span class='ocrx_word' id='word_1_432' title='bbox 983 2526 1128 2574; x_wconf 87' lang='lat' dir='ltr'>imperii</span> <span class='ocrx_word' id='word_1_433' title='bbox 1179 2551 1186 2558; x_wconf 91' lang='lat'>.</span> <span class='ocrx_word' id='word_1_434' title='bbox 1231 2549 1238 2556; x_wconf 92' lang='lat'>.</span> <span class='ocrx_word' id='word_1_435' title='bbox 1283 2546 1290 2554; x_wconf 93' lang='lat'>.</span> <span class='ocrx_word' id='word_1_436' title='bbox 1341 2521 1488 2559; x_wconf 89' lang='lat' dir='ltr'>penes</span> <span class='ocrx_word' id='word_1_437' title='bbox 1533 2505 1710 2548; x_wconf 83' lang='lat' dir='ltr'>collegam</span> 
     </span>
     <span class='ocr_line' id='line_1_74' title="bbox 206 2558 1713 2647; baseline -0.046 1"><span class='ocrx_word' id='word_1_438' title='bbox 206 2609 371 2647; x_wconf 91' lang='lat' dir='ltr'>omnium</span> <span class='ocrx_word' id='word_1_439' title='bbox 403 2613 527 2639; x_wconf 88' lang='lat' dir='ltr'>rerum</span> <span class='ocrx_word' id='word_1_440' title='bbox 560 2595 792 2644; x_wconf 87' lang='lat' dir='ltr'>publicarum</span> <span class='ocrx_word' id='word_1_441' title='bbox 823 2595 936 2633; x_wconf 90' lang='lat' dir='ltr'>penes</span> <span class='ocrx_word' id='word_1_442' title='bbox 986 2579 1082 2620; x_wconf 79' lang='lat' dir='ltr'>erat3</span> <span class='ocrx_word' id='word_1_443' title='bbox 1108 2569 1235 2610; x_wconf 87' lang='lat' dir='ltr'><strong><em>XXII,</em></strong></span> <span class='ocrx_word' id='word_1_444' title='bbox 1252 2567 1310 2603; x_wconf 83' lang='lat'>25.</span> <span class='ocrx_word' id='word_1_445' title='bbox 1336 2562 1366 2596; x_wconf 88' lang='lat' dir='ltr'>si</span> <span class='ocrx_word' id='word_1_446' title='bbox 1383 2567 1495 2605; x_wconf 88' lang='lat' dir='ltr'>penes</span> <span class='ocrx_word' id='word_1_447' title='bbox 1517 2565 1554 2588; x_wconf 88' lang='lat' dir='ltr'>se</span> <span class='ocrx_word' id='word_1_448' title='bbox 1571 2558 1713 2585; x_wconf 85' lang='lat' dir='ltr'>summa</span> 
     </span>
     <span class='ocr_line' id='line_1_75' title="bbox 209 2599 1714 2704; baseline -0.045 -9"><span class='ocrx_word' id='word_1_449' title='bbox 209 2657 397 2704; x_wconf 88' lang='lat' dir='ltr'>episcopos</span> <span class='ocrx_word' id='word_1_450' title='bbox 431 2651 510 2686; x_wconf 83' lang='lat' dir='ltr'>erat</span> <span class='ocrx_word' id='word_1_451' title='bbox 543 2648 602 2688; x_wconf 89' lang='lat'><strong><em>88,</em></strong></span> <span class='ocrx_word' id='word_1_452' title='bbox 622 2655 667 2680; x_wconf 75' lang='grc' dir='ltr'>ιο.</span> <span class='ocrx_word' id='word_1_453' title='bbox 705 2659 747 2666; x_wconf 79' lang='grc'>-</span> <span class='ocrx_word' id='word_1_454' title='bbox 784 2631 936 2671; x_wconf 88' lang='lat' dir='ltr'>admini-</span> <span class='ocrx_word' id='word_1_455' title='bbox 987 2620 1131 2670; x_wconf 85' lang='lat' dir='ltr'>imperii</span> <span class='ocrx_word' id='word_1_456' title='bbox 1165 2612 1378 2655; x_wconf 86' lang='lat' dir='ltr'>consiliique</span> <span class='ocrx_word' id='word_1_457' title='bbox 1412 2606 1469 2640; x_wconf 84' lang='lat' dir='ltr'>sit.</span> <span class='ocrx_word' id='word_1_458' title='bbox 1507 2622 1546 2627; x_wconf 80' lang='lat'>—-</span> <span class='ocrx_word' id='word_1_459' title='bbox 1579 2599 1714 2633; x_wconf 77' lang='lat' dir='ltr'>Lucan.</span> 
     </span>
     <span class='ocr_line' id='line_1_76' title="bbox 211 2654 1716 2742; baseline -0.047 1"><span class='ocrx_word' id='word_1_460' title='bbox 211 2703 338 2742; x_wconf 78' lang='lat' dir='ltr'>stratio</span> <span class='ocrx_word' id='word_1_461' title='bbox 363 2699 476 2736; x_wconf 88' lang='lat' dir='ltr'>totius</span> <span class='ocrx_word' id='word_1_462' title='bbox 499 2693 605 2741; x_wconf 82' lang='lat' dir='ltr'>regni</span> <span class='ocrx_word' id='word_1_463' title='bbox 630 2693 668 2726; x_wconf 88' lang='lat' dir='ltr'>et</span> <span class='ocrx_word' id='word_1_464' title='bbox 693 2684 857 2723; x_wconf 89' lang='lat' dir='ltr'>omnium</span> <span class='ocrx_word' id='word_1_465' title='bbox 882 2689 938 2714; x_wconf 88' lang='lat' dir='ltr'>re·</span> <span class='ocrx_word' id='word_1_466' title='bbox 997 2674 1038 2714; x_wconf 92' lang='lat' dir='ltr'><strong><em>V,</em></strong></span> <span class='ocrx_word' id='word_1_467' title='bbox 1064 2671 1122 2706; x_wconf 88' lang='grc'>26.</span> <span class='ocrx_word' id='word_1_468' title='bbox 1147 2667 1206 2702; x_wconf 88' lang='grc'><strong>27.</strong></span> <span class='ocrx_word' id='word_1_469' title='bbox 1242 2668 1366 2695; x_wconf 82' lang='lat' dir='ltr'>rerum</span> <span class='ocrx_word' id='word_1_470' title='bbox 1397 2663 1462 2688; x_wconf 90' lang='lat' dir='ltr'>nos</span> <span class='ocrx_word' id='word_1_471' title='bbox 1494 2656 1638 2683; x_wconf 84' lang='lat' dir='ltr'>summa</span> <span class='ocrx_word' id='word_1_472' title='bbox 1662 2654 1716 2676; x_wconf 87' lang='lat' dir='ltr'>se-</span> 
     </span>
     <span class='ocr_line' id='line_1_77' title="bbox 210 2691 1717 2790; baseline -0.046 2"><span class='ocrx_word' id='word_1_473' title='bbox 210 2763 294 2790; x_wconf 84' lang='lat' dir='ltr'>rum</span> <span class='ocrx_word' id='word_1_474' title='bbox 329 2778 337 2787; x_wconf 90' lang='lat'>.</span> <span class='ocrx_word' id='word_1_475' title='bbox 371 2777 379 2785; x_wconf 95' lang='lat'>.</span> <span class='ocrx_word' id='word_1_476' title='bbox 410 2773 419 2782; x_wconf 90' lang='lat'>.</span> <span class='ocrx_word' id='word_1_477' title='bbox 453 2740 641 2789; x_wconf 79' lang='lat' dir='ltr'>dispositio</span> <span class='ocrx_word' id='word_1_478' title='bbox 678 2744 790 2781; x_wconf 87' lang='lat' dir='ltr'>penes</span> <span class='ocrx_word' id='word_1_479' title='bbox 827 2727 940 2763; x_wconf 84' lang='lat' dir='ltr'>maio·</span> <span class='ocrx_word' id='word_1_480' title='bbox 991 2721 1125 2765; x_wconf 89' lang='lat' dir='ltr'>quetur</span> <span class='ocrx_word' id='word_1_481' title='bbox 1149 2708 1429 2755; x_wconf 88' lang='lat' dir='ltr'>imperiumque.</span> <span class='ocrx_word' id='word_1_482' title='bbox 1458 2717 1499 2724; x_wconf 93' lang='lat'>-</span> <span class='ocrx_word' id='word_1_483' title='bbox 1528 2694 1616 2729; x_wconf 84' lang='lat' dir='ltr'><strong>Sall.</strong></span> <span class='ocrx_word' id='word_1_484' title='bbox 1640 2691 1717 2732; x_wconf 76' lang='lat' dir='ltr'><strong>luy.</strong></span> 
     </span>
     <span class='ocr_line' id='line_1_78' title="bbox 214 2743 1721 2836; baseline -0.046 2"><span class='ocrx_word' id='word_1_485' title='bbox 214 2811 293 2836; x_wconf 89' lang='lat' dir='ltr'>rem</span> <span class='ocrx_word' id='word_1_486' title='bbox 318 2797 448 2832; x_wconf 91' lang='lat' dir='ltr'>domus</span> <span class='ocrx_word' id='word_1_487' title='bbox 473 2794 553 2828; x_wconf 84' lang='lat' dir='ltr'>erat</span> <span class='ocrx_word' id='word_1_488' title='bbox 583 2788 665 2830; x_wconf 87' lang='lat'><strong>312,</strong></span> <span class='ocrx_word' id='word_1_489' title='bbox 683 2794 730 2820; x_wconf 76' lang='lat' dir='ltr'>so.</span> <span class='ocrx_word' id='word_1_490' title='bbox 758 2799 799 2805; x_wconf 81' lang='lat'>—-</span> <span class='ocrx_word' id='word_1_491' title='bbox 831 2784 943 2821; x_wconf 87' lang='lat' dir='ltr'>penes</span> <span class='ocrx_word' id='word_1_492' title='bbox 994 2769 1050 2804; x_wconf 85' lang='lat'>14.</span> <span class='ocrx_word' id='word_1_493' title='bbox 1089 2763 1144 2797; x_wconf 89' lang='lat' dir='ltr'>ius</span> <span class='ocrx_word' id='word_1_494' title='bbox 1182 2761 1218 2793; x_wconf 81' lang='lat' dir='ltr'>et</span> <span class='ocrx_word' id='word_1_495' title='bbox 1259 2750 1452 2797; x_wconf 87' lang='lat' dir='ltr'>imperium</span> <span class='ocrx_word' id='word_1_496' title='bbox 1492 2743 1568 2779; x_wconf 89' lang='lat' dir='ltr'>eius</span> <span class='ocrx_word' id='word_1_497' title='bbox 1609 2747 1721 2784; x_wconf 85' lang='lat' dir='ltr'>penes</span> 
     </span>
    </p>
   </div>
   <div class='ocr_carea' id='block_1_12' title="bbox 216 2819 1172 2893">
    <p class='ocr_par' dir='ltr' id='par_1_17' title="bbox 216 2819 1172 2893">
     <span class='ocr_line' id='line_1_79' title="bbox 216 2819 1172 2893; baseline -0.046 -8"><span class='ocrx_word' id='word_1_498' title='bbox 216 2857 326 2893; x_wconf 88' lang='lat' dir='ltr'>quem</span> <span class='ocrx_word' id='word_1_499' title='bbox 351 2854 394 2878; x_wconf 88' lang='lat' dir='ltr'>eo</span> <span class='ocrx_word' id='word_1_500' title='bbox 423 2844 590 2885; x_wconf 87' lang='lat' dir='ltr'>tempore</span> <span class='ocrx_word' id='word_1_501' title='bbox 614 2835 670 2869; x_wconf 90' lang='lat' dir='ltr'>ius</span> <span class='ocrx_word' id='word_1_502' title='bbox 697 2828 841 2873; x_wconf 81' lang='lat' dir='ltr'>regium</span> <span class='ocrx_word' id='word_1_503' title='bbox 867 2822 946 2856; x_wconf 86' lang='lat' dir='ltr'>erat</span> <span class='ocrx_word' id='word_1_504' title='bbox 994 2824 1059 2849; x_wconf 91' lang='lat' dir='ltr'>vos</span> <span class='ocrx_word' id='word_1_505' title='bbox 1084 2819 1172 2845; x_wconf 91' lang='lat' dir='ltr'>esse.</span> 
     </span>
    </p>
   </div>
   <div class='ocr_carea' id='block_1_13' title="bbox 217 2897 358 2936">
    <p class='ocr_par' dir='ltr' id='par_1_18' title="bbox 217 2897 358 2936">
     <span class='ocr_line' id='line_1_80' title="bbox 217 2897 358 2936; baseline -0.05 -2"><span class='ocrx_word' id='word_1_506' title='bbox 217 2897 300 2936; x_wconf 82' lang='lat'><strong>331,</strong></span> <span class='ocrx_word' id='word_1_507' title='bbox 313 2904 358 2929; x_wconf 84' lang='lat'><strong>10.</strong></span> 
     </span>
    </p>
   </div>
   <div class='ocr_carea' id='block_1_14' title="bbox 265 2881 1726 2983">
    <p class='ocr_par' dir='ltr' id='par_1_19' title="bbox 265 2881 1726 2983">
     <span class='ocr_line' id='line_1_81' title="bbox 265 2881 1726 2983; baseline -0.046 -5"><span class='ocrx_word' id='word_1_508' title='bbox 265 2939 357 2976; x_wconf 87' lang='lat' dir='ltr'>nihil</span> <span class='ocrx_word' id='word_1_509' title='bbox 391 2933 532 2983; x_wconf 89' lang='lat' dir='ltr'>pensi</span> <span class='ocrx_word' id='word_1_510' title='bbox 564 2930 703 2966; x_wconf 85' lang='lat' dir='ltr'>habens</span> <span class='ocrx_word' id='word_1_511' title='bbox 735 2924 816 2965; x_wconf 86' lang='lat'><strong><em>118,</em></strong></span> <span class='ocrx_word' id='word_1_512' title='bbox 829 2929 875 2955; x_wconf 77' lang='lat'><strong>25.</strong></span> <span class='ocrx_word' id='word_1_513' title='bbox 904 2935 945 2941; x_wconf 83' lang='lat'>—</span> <span class='ocrx_word' id='word_1_514' title='bbox 1046 2905 1134 2942; x_wconf 85' lang='lat' dir='ltr'><strong>Sall.</strong></span> <span class='ocrx_word' id='word_1_515' title='bbox 1162 2901 1241 2935; x_wconf 79' lang='lat' dir='ltr'>Cat.</span> <span class='ocrx_word' id='word_1_516' title='bbox 1275 2898 1330 2932; x_wconf 88' lang='lat'>12.</span> <span class='ocrx_word' id='word_1_517' title='bbox 1364 2889 1456 2926; x_wconf 86' lang='lat' dir='ltr'>nihil</span> <span class='ocrx_word' id='word_1_518' title='bbox 1489 2881 1628 2931; x_wconf 87' lang='lat' dir='ltr'>pensi</span> <span class='ocrx_word' id='word_1_519' title='bbox 1665 2890 1726 2914; x_wconf 85' lang='lat' dir='ltr'>ne-</span> 
     </span>
    </p>
   </div>
  </div>
 </body>
</html>
