2046 3190
549 247 819 294 LAMPERTI
843 247 1100 285 ANNALES.
1150 247 1197 284 A.
1226 250 1330 286 1075.
1631 252 1701 287 221

190 374 370 430 puerat,
403 374 458 414 ut
479 372 635 414 hauda
660 371 801 414 facile
833 371 979 414 socios
1012 371 1069 413 ab
1102 372 1315 414 hostibus
1337 373 1439 414 visu
1471 373 1702 428 caligante
1719 375 1823 410 1075.

191 445 428 477 secernere
469 434 657 488 possent
671 431 698 482 1,
741 445 879 486 quam
921 431 1145 486 plurimos
1187 445 1242 474 ex
1273 432 1408 474 sociis
1440 434 1546 481 suis,
1592 435 1702 476 dum
1716 422 1819 449 ΜΗ·

55 508 176 541 mm.
191 493 349 535 hostes
389 492 691 542 arbitrantur,
732 491 1037 533 interficiunt.
1101 488 1358 547 *Principes
1391 492 1617 536 Saxoniae
1656 496 1703 536 et

190 551 389 602 nobiles,
438 554 595 607 preter
636 552 751 593 duos
792 550 1014 593 mediocri
1054 550 1156 592 loco
1196 553 1332 594 natos
1347 553 1373 600 ²,
1417 566 1575 595 omnes
1612 554 1704 595 vivi

160 611 454 666 tintegrique
495 611 711 661 evadunt,
754 612 856 652 tum
898 611 1068 666 peritia
1108 610 1327 662 locorum,
1371 613 1471 653 tum
1520 613 1704 655 obtene-

192 671 316 714 brati
359 671 478 714 aeris
519 671 764 721 densitate,
810 672 913 712 tum
956 684 1177 725 equorum
1218 671 1468 714 velocitate
1511 686 1704 715 commo-

192 731 378 774 dissime
410 731 496 773 usi.
559 731 702 773 Porro
733 731 783 772 in
814 729 982 785 vulgus
1019 730 1246 786 pedestre,
1290 732 1415 786 quod
1449 733 1705 787 congressis

192 790 428 846 equitibus
469 791 622 832 adhuc
663 791 714 831 in
755 790 917 832 castris
958 790 1207 841 resederat,
1250 791 1318 832 ita
1358 791 1484 833 ultra
1516 793 1705 834 modum

193 864 376 893 omnem
408 850 774 905 modestiamque
807 850 1068 892 debachata
1109 853 1179 892 est
1217 851 1401 893 hostilis
1432 851 1608 899 feritas,
1651 854 1706 893 ut

146 926 180 951 ιο
194 910 475 952 christianae
503 909 810 952 verecundiae
838 909 975 951 obliti
1007 910 1207 965 pecudes
1240 910 1340 961 sibi,
1374 925 1470 952 non
1495 912 1705 954 homines

191 969 406 1025 iugulare
457 970 740 1012 viderentur.
814 969 1070 1011 Plurimam
1123 970 1263 1012 etiam
1310 973 1491 1025 partem
1538 972 1706 1014 fluvius

194 1029 412 1081 Unstrut,
467 1030 579 1071 dum
630 1031 761 1071 metu
811 1029 958 1084 gladii
1007 1029 1293 1072 imminentis
1350 1031 1706 1086 precipitantius

193 1090 392 1140 irruunt,
416 1084 704 1131 obsorbuitb.
753 1088 868 1131 Oedi
898 1103 990 1130 nox
1012 1089 1151 1131 finem
1174 1089 1302 1131 fecit.
1351 1090 1412 1131 Et
1435 1091 1559 1145 quod
1581 1091 1708 1132 ultra

193 1148 386 1192 fluvium
428 1149 668 1204 persequi0
705 1148 942 1203 fugientes
984 1148 1138 1190 hauda
1185 1149 1297 1191 satis
1330 1151 1485 1191 tutum
1527 1152 1707 1206 putare-

148 1211 273 1251 1515111·
286 1208 314 1258 3,
363 1208 574 1251 conversi
612 1207 785 1250 milites
830 1208 890 1250 ad
931 1208 1080 1264 spolia
1121 1209 1382 1264 diripienda
1427 1211 1610 1251 tantam
1658 1210 1707 1251 in

194 1267 358 1311 castris
389 1268 595 1310 hostium
625 1268 905 1310 invenerunt
938 1268 1145 1310 ciborum
1177 1269 1482 1319 affluentiam,
1525 1271 1707 1311 tantam

194 1327 297 1370 auri
337 1329 385 1370 et
425 1327 610 1382 argenti
648 1327 940 1382 vestiumque
985 1328 1297 1382 preciosarum
1339 1329 1704 1380 multitudinem,

192 1390 248 1430 ut
287 1401 383 1430 non
421 1387 480 1429 ad
521 1387 696 1430 bellum
737 1387 1046 1438 inferendum,
1089 1388 1171 1430 sed
1203 1389 1262 1430 ad
1295 1389 1484 1444 epulum
1517 1389 1707 1444 preben-

195 1447 306 1498 dum
327 1447 450 1502 regis
472 1447 697 1490 exercitui
719 1449 766 1490 et
788 1447 1115 1489 ostentandam
1133 1444 1301 1503 opum‘1
1324 1462 1511 1490 suarum
1533 1449 1706 1504 magni-

147 1524 182 1550 20
194 1507 431 1550 ficentiam
462 1507 715 1549 occurrisse
745 1507 1030 1549 viderentur.

339 1566 438 1609 Rex
484 1566 624 1622 paulo
672 1569 777 1622 post
824 1580 1038 1608 occasum
1086 1567 1195 1608 solis
1239 1567 1363 1610 inter
1403 1568 1603 1619 faustas,
1653 1571 1708 1609 ut

196 1626 400 1669 solemne
433 1629 516 1677 est,
550 1626 754 1668 militum
786 1626 1144 1669 acclamationes
1176 1627 1226 1668 in
1259 1629 1410 1669 castra
1441 1629 1704 1678 revertitur,

195 1686 347 1728 laetus
389 1688 436 1728 et
468 1689 686 1728 aestuans
718 1686 902 1740 gaudio,
941 1686 1065 1740 quod
1097 1686 1253 1728 hostes
1286 1687 1610 1729 infestissimos
1642 1688 1707 1728 in-

197 1745 317 1800 signi
339 1745 534 1787 victoria
555 1745 825 1800 subegisset,
859 1745 1056 1787 maxime
1088 1746 1373 1788 iactantibus
1400 1747 1569 1801 passim
1592 1747 1706 1788 mili-

148 1817 183 1842 25
196 1805 335 1853 tibus,
370 1804 494 1860 quod
525 1804 630 1846 illos
663 1806 711 1846 et
741 1804 847 1846 illos
880 1805 936 1847 de
969 1805 1128 1860 primis
1160 1805 1447 1860 principibus
1480 1806 1706 1848 Saxoniae

197 1878 338 1906 manu
369 1864 582 1920 propria‘3
611 1864 926 1919 peremissent.
981 1863 1189 1919 Cumque
1222 1865 1281 1906 ad
1313 1865 1467 1907 locum
1500 1879 1707 1920 congres-

197 1924 338 1966 sionis
369 1923 553 1974 reversi‚
588 1923 706 1965 alius
739 1924 978 1966 dominum
1010 1938 1156 1974 suum,
1200 1925 1319 1966 alius
1351 1926 1544 1980 patrem,
1588 1925 1706 1967 alius

195 1984 390 2026 fratrem
403 1983 432 2034 4,
456 1983 575 2025 alius
593 1985 842 2038 cognatum
866 1985 948 2025 aut
970 1983 1062 2025 alia
1078 1984 1238 2038 quavis
1255 1985 1596 2027 necessitudine
1619 1985 1707 2027 sibi

198 2043 465 2086 devinctum
505 2043 554 2084 in
595 2043 693 2086 acie
735 2043 959 2086 corruisse
999 2044 1291 2099 reperissent,
1335 2044 1521 2086 laeticia
1558 2045 1706 2087 omnis

150 2115 185 2140 ³0
196 2103 246 2144 in
292 2116 536 2153 merorem,
596 2104 759 2145 cantus
805 2117 963 2146 versus
1016 2105 1086 2146 est
1137 2104 1186 2145 in
1238 2118 1397 2146 vocem
1449 2104 1662 2146 flentium
1677 2104 1774 2147 snm
1785 2122 1887 2154 30‚31.

197 2162 398 2205 Planctu
430 2164 478 2204 et
509 2158 724 2204 ululatus
761 2164 913 2205 castra
944 2163 1158 2205 universa
1199 2164 1567 2220 perstrepebant.
1632 2165 1706 2207 Se-

197 2224 415 2278 quentem
457 2222 579 2264 diem
619 2222 670 2264 in
711 2223 883 2265 eisdem
925 2223 1088 2265 castris
1129 2226 1319 2278 agentes
1361 2224 1534 2266 occisos
1580 2227 1706 2266 terra
1719 2238 1785 2265 ιω..
1797 2238 1839 2265 10.

196 2325 226 2359 a)
245 2326 318 2352 haut
337 2327 415 2354 Blt.
489 2326 519 2358 b)
538 2326 689 2352 absorbuit
709 2327 786 2354 1310.
808 2327 841 2355 P.
915 2327 942 2359 c)
962 2328 1102 2359 prosequi
1122 2328 1182 2355 32,
1256 2327 1286 2360 d)
1306 2308 1379 2360 opus
1400 2328 1477 2355 131⁸.
1552 2336 1579 2361 e)
1600 2329 1706 2360 propin

196 2362 222 2387 B
234 2363 274 2390 1¹.
347 2363 371 2394 f)
390 2362 518 2388 ullulatu
537 2363 562 2387 A
575 2364 600 2390 1.
619 2363 682 2391 ΒΞ.

149 2447 233 2489 351)
259 2445 355 2479 Idem
381 2446 468 2480 dicit
492 2447 619 2480 Bruno
643 2457 670 2482 c.
688 2447 746 2482 46.
868 2448 905 2491 2)
932 2447 1163 2481 Folcmarum
1189 2450 1219 2481 et
1245 2447 1462 2490 Sm'dyernm
1494 2458 1538 2480 ex
1564 2446 1704 2490 mediis,

199 2498 237 2527 nt
262 2493 388 2528 Bruno
412 2505 440 2529 c,
457 2495 516 2530 46.
541 2494 677 2530 scribit.
727 2494 796 2528 Sed
830 2496 936 2528 eiiam
963 2499 1171 2536 maynatum
1196 2506 1415 2529 summm-mn
1456 2506 1548 2527 maus
1574 2496 1707 2528 occisus

196 2545 246 2574 est
265 2541 496 2576 Gebeharclus
516 2552 627 2576 comes
642 2543 685 2575 de
701 2542 1020 2586 Supplinqenbury
1045 2542 1190 2584 (Bromo
1215 2553 1242 2577 c.
1261 2544 1331 2581 46,·
1358 2543 1453 2577 Arm.
1473 2543 1508 2576 S.
1529 2542 1704 2583 Distbmli,

204 2588 239 2621 Υ
238 2588 340 2631 bury.
367 2589 389 2624 l.
408 2589 455 2629 l.,·
491 2590 569 2624 Otto
593 2590 707 2631 Fm‘s„
743 2590 874 2625 Chron.
911 2590 972 2630 VJ,
999 2591 1068 2629 34,·
1104 2590 1206 2625 Aeaee.
1234 2591 1369 2631 Garsi„
1396 2592 1493 2625 Arm.
1520 2590 1705 2631 Admtmt„

199 2635 235 2670 S.
262 2635 438 2670 Radberti
461 2637 548 2680 Sal.y
576 2637 640 2672 SS.
658 2638 729 2679 IX,
750 2649 790 2681 p.
809 2639 890 2674 568.
909 2639 990 2673 576.
1011 2639 1108 2678 773),
1144 2638 1238 2680 quod
1262 2638 1495 2682 Lampertum
1523 2639 1706 2679 [quot-asse

151 2692 186 2717 -ιο
198 2682 298 2716 haud
314 2683 422 2724 facile
438 2685 650 2718 medendum
667 2689 728 2720 est.
766 2685 821 2727 Cf.
848 2697 962 2730 supra
984 2698 1021 2729 p.
1039 2687 1118 2727 150,
1146 2695 1180 2719 n.
1196 2688 1228 2720 6.
1320 2688 1356 2729 3)
1380 2687 1449 2719 Sed
1468 2685 1705 2726 Godefrstlum

199 2731 319 2763 ducem
355 2731 455 2764 ultra
479 2732 628 2774 fluvium
653 2733 830 2775 fugientes
850 2738 1074 2776 persecutum
1108 2743 1180 2766 esse
1205 2733 1319 2766 tradit
1346 2734 1497 2767 Carmen
1532 2733 1608 2777 III,
1636 2735 1704 2769 197

203 2779 330 2813 -202,
382 2778 438 2820 Cf.
468 2779 513 2814 A.
538 2780 688 2822 lVenwl,
722 2780 928 2814 ‘Heinrichs
952 2781 1022 2815 11⁷.
1058 2779 1327 2823 Sachsenkriey’
1364 2781 1511 2823 (Proqr.
1538 2782 1706 2826 Langen-

198 2825 301 2859 salza
323 2826 434 2868 1875)
452 2836 492 2870 p.
510 2827 567 2862 43.
611 2827 664 2860 De
680 2828 902 2870 sumentibus
927 2839 949 2861 a
975 2829 1150 2869 Tarm-qis
1178 2830 1312 2862 invasis
1340 2829 1414 2862 vide
1441 2830 1544 2871 infra
1565 2841 1604 2873 p.
1622 2832 1703 2865 228.

199 2874 236 2910 4)
253 2872 308 2914 Cf·
326 2873 455 2907 Bruno
470 2884 498 2910 c.
516 2876 574 2909 37.
592 2876 650 2910 46.
748 2876 784 2919 ὃ)
800 2876 970 2910 Sallustii
986 2876 1062 2910 Cat.
1081 2886 1108 2909 c.
1127 2876 1183 2911 61.
1218 2875 1344 2919 Lamp.
1363 2876 1538 2911 adductus
1554 2878 1704 2919 ridetur,

151 2930 187 2955 45
202 2923 239 2953 ut
265 2921 383 2955 eadem
407 2921 485 2963 fere
508 2932 598 2964 quae
622 2922 682 2956 ille
705 2922 767 2956 hoc
793 2924 863 2957 Ioco
889 2925 1035 2966 referat.
