1968 3164
344 266 411 300 132
712 259 980 296 LAMPERTI
1005 258 1257 294 ANNALES.
1307 258 1353 293 A.
1382 260 1485 294 1071.

224 384 642 427 11=71.infestissima
683 382 932 424 dissensioa
979 383 1091 423 erat.
1160 381 1355 434 Propter
1396 379 1518 434 quod
1559 392 1635 420 eos
1674 391 1755 420 rex
1794 378 1844 420 in

225 457 329 488 (Sept.)
343 445 578 487 civitatem
610 437 814 484 Miseneb
853 440 1113 482 autumnali
1152 442 1359 494 tempore
1375 438 1390 463 ¹
1431 440 1642 480 evocatos
1684 437 1844 479 durius

162 1942 230 1967 Luc.
242 1940 285 1971 16,
299 1940 330 1964 m

180 2000 232 2025 101>
243 1999 286 2031 12,
299 1999 329 2023 21

298 2156 330 2260 Ἢ

343 503 565 558 corripuit
598 504 656 551 et,
691 503 745 541 ut
777 501 937 542 deince
973 514 992 540 s
1027 500 1145 540 suis⁰
1185 498 1357 552 singuli
1392 498 1603 539 terminis
1636 496 1845 538 contenti

343 565 495 606 essent
535 575 620 603 nec
653 574 699 602 se
731 560 947 602 vicissim¹
994 558 1250 600 temerariis
1286 557 1626 598 incursionibus
1658 556 1844 598 lacesse-

342 624 458 669 rent,
494 621 577 662 sub
601 620 797 661 obtentu
828 619 981 673 regiae
1013 617 1267 659 maiestatis
1300 616 1526 671 precepit;
1561 615 1766 669 alioquin
1797 627 1876 656 set

344 683 522 722 hostem
566 682 612 721 et
652 678 881 720 vindicem
924 678 1194 732 experturus
1235 676 1379 725 foret,
1422 675 1501 729 qui
1545 675 1668 730 prior
1709 673 1847 715 alteri

344 755 471 782 arma
501 738 748 780 intulisset.

488 799 649 839 Anno⁶
681 795 966 838 Coloniensis
999 794 1383 849 archiepiscopUS‚
1419 793 1619 848 expulsis
1646 794 1702 836 de
1725 793 1845 836 Sale-

346 853 462 900 feltf
501 857 744 901 canonicis,
787 855 926 896 vitam
971 854 1067 895 illic
1105 853 1310 894 instituit
1342 852 1655 902 monasticam,
1699 852 1847 894 missis

346 932 398 959 eo
441 917 496 958 de
540 916 761 969 Sigeberg
806 916 852 955 et
897 914 953 955 de
996 913 1166 954 Sancto
1207 911 1522 954 Pantaleoneg
1566 911 1803 953 monachis
1817 911 1896 951 ².1o

347 976 447 1028 Quo
490 977 539 1016 in
569 978 777 1028 tempore
819 975 866 1015 et
907 986 992 1026 ego
1033 972 1145 1013 illuc
1177 971 1282 1013 veni
1315 971 1524 1012 conferre
1557 985 1661 1012 cum
1693 971 1758 1013 eis
1791 970 1847 1012 de

347 1036 507 1077 ordine
534 1029 607 1076 eth
637 1033 882 1087 disciplina
904 1030 1240 1073 monasterialis
1262 1030 1397 1079 vitae,
1432 1044 1485 1072 eo
1519 1026 1659 1084 *quod
1681 1043 1850 1084 magna
1862 1043 1968 1077 *2188

346 1095 571 1149 quaedam
604 1095 650 1134 et
683 1092 890 1147 preclara
923 1092 978 1132 de
1011 1091 1104 1131 illis
1135 1090 1264 1144 vulgi
1296 1089 1511 1143 opinione
1547 1089 1847 1131 iactarentur.

346 1154 578 1207 Denique,
628 1152 747 1194 sicut
793 1151 932 1205 vulgo
986 1149 1256 1191 assiduitate
1302 1149 1531 1190 vilescunt
1577 1148 1752 1198 omnia,
1802 1149 1849 1190 et

347 1212 640 1268 popularium
683 1211 824 1252 animi
865 1223 1087 1251 novarum
1128 1222 1282 1250 rerum
1323 1208 1447 1249 avidi
1487 1208 1633 1262 magis
1671 1221 1850 1262 semper
1864 1223 1898 1248 15

349 1273 538 1326 stupent
586 1271 644 1312 ad
685 1269 941 1323 incognita,
985 1282 1086 1318 nos,
1136 1281 1248 1322 quos
1290 1281 1376 1308 usu
1422 1269 1664 1317 noverant,
1712 1266 1851 1308 nihili

349 1331 639 1377 estimabant,
683 1331 729 1370 et
771 1329 865 1377 hos,
909 1328 1017 1382 quia
1058 1341 1227 1368 novum
1267 1326 1630 1380 inusitatumque
1675 1325 1851 1379 aliquid

349 1390 553 1444 preferre
585 1389 876 1437 videbantur,
910 1401 1003 1427 non
1036 1386 1256 1435 homines⁷
1292 1385 1371 1426 sed
1404 1385 1604 1438 angelos,
1637 1398 1731 1426 non
1758 1397 1850 1426 car-

348 1463 466 1495 nem,
501 1448 580 1489 sed
613 1447 826 1502 spiritum
858 1446 1218 1487 arbitrabantur.
1271 1444 1332 1485 Et
1363 1444 1477 1485 haec
1510 1439 1687 1498 opinioi
1730 1443 1850 1498 prin-

350 1508 502 1563 cipum
550 1521 686 1560 quam
734 1506 1015 1560 privatorum
1062 1499 1325 1546 mentibusk
1375 1503 1515 1544 altius
1561 1503 1851 1557 pressiusque
1865 1519 1899 1544 20

349 1567 595 1608 insederat.
658 1566 700 1606 A
732 1565 897 1618 quibus
939 1564 998 1605 ad
1039 1563 1263 1618 populum
1295 1562 1529 1604 derivatus
1565 1576 1722 1603 rumor
1751 1563 1851 1603 tan-

349 1629 450 1667 tum
481 1625 670 1667 terroris
692 1624 922 1678 plerisque
954 1623 1003 1663 in
1035 1623 1121 1663 hac
1149 1622 1335 1676 regione
1358 1621 1646 1663 monasteriis
1676 1620 1849 1671 iniecit,

350 1687 404 1726 ut
446 1686 502 1725 ad
540 1684 795 1738 ingressum
827 1682 1013 1723 illorum
1045 1681 1159 1723 alias
1191 1681 1340 1730 XXX,
1384 1680 1498 1722 alias
1529 1680 1626 1730 XL,
1669 1679 1782 1721 alias
1813 1678 1852 1720 L

352 1743 567 1785 monachi
599 1742 863 1784 austerioris
895 1742 1018 1783 vitae
1051 1742 1179 1782 metu
1211 1739 1509 1781 scandalizati
1541 1739 1597 1781 de
1629 1739 1852 1780 monaste-

351 1804 431 1844 riis
465 1803 764 1844 abscederent
797 1801 1034 1854 saciusque
1068 1800 1291 1841 ducerent
1324 1799 1380 1840 de
1412 1798 1561 1840 salute
1593 1798 1772 1840 animae
1804 1797 1853 1838 in
1867 1814 1902 1840 25

354 1862 507 1904 seculo
540 1860 794 1916 periclitari
816 1874 952 1914 quam
985 1855 1145 1914 supra¹
1177 1858 1344 1900 virium
1376 1871 1562 1899 suarum
1593 1870 1855 1899 mensuram

336 1922 445 1965 ,vim
491 1921 644 1962 facere
691 1933 832 1973 regno
881 1919 1125 1961 caelorum.
1189 1918 1250 1958 Et
1295 1931 1454 1959 revera
1499 1931 1593 1958 non
1639 1915 1854 1958 inmerito

336 1980 581 2025 ‚Dominus
615 1992 752 2033 super
782 1980 1013 2020 nostrates
1039 1977 1287 2018 monachos
1320 1973 1680 2031 *despectionem
1712 1975 1968 2026 estun-*pass

338 2040 463 2090 ,dere
494 2038 740 2080 videbatur
751 2041 795 2077 ¹¹¹.
835 2021 979 2097 [Nam
1020 2036 1308 2090 quorundam
1349 2034 1857 2090 pseudomonachorum

356 2098 535 2153 privata
574 2096 828 2150 ignominia
867 2110 1035 2136 nomen
1076 2095 1406 2136 monachorum
1450 2094 1748 2136 vehementer
1793 2092 1906 2137 in-sso

355 2157 623 2205 famaverat,
667 2155 746 2209 qui
787 2154 979 2195 01111380ῃ
1022 2154 1176 2196 studio
1218 2153 1478 2195 divinarum
1494 2153 1859 2201 „remungsptam

358 2229 543 2270 operam
575 2213 782 2268 pecuniis
810 2214 856 2254 et
883 2213 1121 2266 questibus
1152 2211 1526 2266 insumebangss.
1573 2211 1639 2252 Hi
1669 2224 1752 2266 pro
1785 2210 1859 2252 ab·

358 2274 496 2316 batiis
537 2274 584 2315 et
625 2271 964 2326 episcopatibus
1006 2284 1138 2312 aures
1179 2270 1439 2324 principum
1479 2270 1743 2324 importune
1784 2268 1858 2310 ob-

357 2332 620 2374 tundebant
652 2333 699 2372 et
731 2331 789 2371 ad
821 2331 1017 2371 honores
1046 2329 1377 2370 ecclesiasticos
1407 2342 1501 2369 non
1521 2328 1597 2369 via
1616 2328 1856 2377 virtutum,
1916 2366 1921 2371 ,

359 2394 413 2432 ut
445 2391 637 2432 maiores
669 2389 815 2431 nostri
848 2389 1192 2438 consueverant,
1235 2387 1314 2428 sed
1351 2400 1432 2441 per
1463 2386 1731 2428 ambicionis
1762 2399 1907 2440 pre-35

361 2517 390 2551 a)
410 2518 548 2543 dissentio
568 2517 593 2541 Α
606 2517 630 2544 1.
713 2514 744 2548 b)
763 2516 888 2540 Missene
907 2515 969 2541 ΒΞ.
1050 2513 1078 2547 (ε)
1097 2513 1142 2538 sui
1161 2514 1222 2540 Bl.
1295 2511 1326 2546 d)
1345 2513 1473 2538 incissim
1492 2513 1569 2540 B10.
1655 2511 1682 2545 e)
1700 2513 1764 2538 Hoc
1783 2518 1860 2537 anno

361 2555 428 2586 2113
460 2554 544 2578 Anno
563 2553 665 2577 eodem
689 2550 768 2578 Blb.
859 2550 882 2583 f)
909 2548 1054 2575 Salereldt
1077 2550 1149 2581 1323
1178 2547 1316 2574 Saleveld
1342 2549 1386 2580 S.;
1416 2547 1531 2573 Salvelt
1555 2548 1638 2581 Var.;
1669 2545 1801 2573 Salefeld
1823 2547 1861 2574 H.

361 2589 393 2623 g)
418 2589 622 2614 Panthaleone
640 2588 701 2614 131.
713 2588 737 2614 2.
758 2587 794 2613 N.
813 2586 880 2613 γαν.
971 2585 1002 2618 h)
1022 2585 1058 2610 de
1078 2585 1144 2612 add.
1164 2584 1226 2610 132.
1316 2583 1337 2616 i)
1357 2586 1418 2609 tam
1437 2584 1505 2610 add.
1523 2583 1584 2610 B2.
1674 2582 1707 2616 k)
1725 2591 1781 2611 om.
1799 2583 1862 2610 ΒΞ.

362 2624 383 2658 1)
411 2632 500 2656 super
518 2624 544 2649 B
555 2623 598 2651 lb.
618 2623 685 2650 Var.
758 2622 798 2656 m)
818 2622 970 2647 nitebatur
987 2619 1067 2648 Blb.
1140 2619 1172 2653 n)
1192 2619 1318 2644 obmisso
1337 2619 1398 2646 ΒΞ.
1472 2620 1500 2650 ο)
1519 2618 1706 2644 insfimebant
1724 2619 1788 2644 ΒΞ.

365 2721 399 2762 1)
425 2719 478 2752 De
502 2722 655 2761 tempore
679 2717 755 2750 vide
771 2717 913 2758 Kildara,
938 2714 1122 2748 ‘itinerar'
1134 2724 1174 2756 p.
1193 2714 1248 2749 55.
1287 2713 1407 2746 Mense
1423 2713 1619 2756 Septembri
1641 2712 1704 2746 hoc
1724 2712 1910 2754 fadumm

364 2776 434 2798 esse
458 2777 502 2798 ex
527 2775 563 2798 eo
595 2765 700 2797 etiam
726 2767 888 2807 apparet,
918 2762 1012 2806 quod
1038 2762 1096 2794 hic
1124 2762 1218 2794 locus
1236 2764 1319 2803 post
1343 2771 1401 2793 res
1425 2771 1539 2794 mense
1561 2760 1724 2802 Auyusto
1745 2762 1862 2802 yos-tas

364 2813 559 2854 collocatus,
594 2812 701 2853 infra
735 2812 819 2852 festi
842 2810 878 2845 S.
902 2809 1087 2842 Michaelis
1121 2809 1249 2840 mentio
1274 2808 1373 2849 facta
1398 2809 1455 2842 sit.
1553 2808 1590 2850 2)
1616 2807 1672 2848 Cf.
1699 2806 1862 2839 chartam

365 2859 532 2892 Annonis
556 2859 678 2891 datam
708 2869 740 2892 a.
767 2859 869 2899 1071,
907 2857 944 2891 J.
970 2856 1038 2891 Ad.
1065 2866 1095 2891 v.
1121 2854 1288 2897 Somnos,
1321 2852 1860 2896 ‘Sachsen—Cobury-Saalfeld.

364 2905 630 2948 Laudesqesch!
657 2906 711 2948 II,
739 2905 859 2939 ‘Uo-lc)
878 2915 917 2947 p.
939 2906 970 2946 1,
995 2914 1053 2939 nr.
1074 2904 1105 2938 1.
1211 2902 1248 2946 3)
1273 2901 1329 2943 Cf.
1355 2912 1470 2946 supra
1491 2913 1529 2945 p.
1550 2903 1618 2937 128
1635 2911 1687 2944 sq.
