1924 3398
739 317 1044 355 PRAEFATIO
1071 318 1111 356 C.
1125 319 1173 356 V.
1618 319 1711 355 LIX

345 443 429 498 3a)
469 442 757 486 Gothanus
785 441 1054 485 bibliothecae
1076 440 1242 484 ducalis
1269 441 1370 484 Cod.
1394 442 1564 484 membr.
1582 442 1709 496 A92‚

199 502 289 558 fol„
327 516 436 546 saec.
463 501 583 545 XII.
615 501 758 556 medii,
798 500 1056 544 Ehhehardi
1097 500 1326 544 chronicon
1368 500 1599 554 continens,
1643 500 1712 544 cui

199 561 364 606 inserta
402 566 503 605 sunt
541 565 736 616 excerpta
775 560 1003 604 annalium
1034 559 1257 615 Lamperti
1297 561 1351 603 ab
1383 575 1423 603 a.
1451 563 1548 603 705.
1581 574 1712 615 usque

199 623 260 665 ad
288 636 330 664 a.
356 625 470 664 1056
486 621 515 664 ¹.

169 696 187 724 ε
344 682 425 738 δῦ)
479 679 1039 734 Pommersfelclensis
1093 679 1377 723 illustrissimi
1438 679 1601 723 comitis
1662 681 1713 723 de

202 740 796 786 Schoenborn-Wiesentheid
823 754 891 783 nr.
917 743 1046 794 2675,
1080 740 1250 782 membr.
1278 739 1368 793 fol„
1403 743 1459 781 88
1491 738 1709 794 foliorum,

199 800 274 856 qui
304 800 474 845 Paterii
505 804 794 855 excerptorum
825 813 876 843 ex
903 799 1105 854 Greqorii
1135 799 1298 854 Mayni
1330 799 1453 842 libris
1483 800 1712 842 secundam

190 864 362 916 partem
391 874 526 903 manu
556 874 664 903 saec.
690 859 804 902 XII
819 859 880 902 in.
915 859 1110 903 continet.
1187 859 1246 902 In
1277 858 1487 912 inferiore
1517 858 1713 913 marqine

199 921 234 974 f.
268 919 354 963 85¹.
393 924 432 963 et
470 920 520 963 in
558 920 594 973 f.
629 924 700 962 86.
734 924 804 962 87.
845 923 884 962 et
922 918 971 962 in
1010 919 1164 962 scheda
1202 919 1527 962 membranacea
1566 918 1714 962 insuta

154 997 188 1023 ιο
199 994 332 1023 manu
372 979 558 1023 eiusdem
597 979 797 1034 temporis
839 976 959 1031 (ante
998 978 1185 1022 medium
1221 993 1328 1021 saec.
1355 978 1484 1029 XII)
1518 982 1714 1032 excerpta

199 1039 443 1084 Annalium
490 1038 713 1094 Lamperti
759 1040 812 1082 ab
859 1054 900 1081 a.
938 1042 1246 1081 1038—1075.
1289 1037 1450 1092 scripta
1495 1042 1612 1091 sunt,
1662 1052 1714 1080 ea

191 1098 450 1154 praesertim
482 1113 590 1154 quae
621 1100 681 1142 acl
709 1112 778 1142 res
808 1098 858 1141 in
894 1097 1143 1153 Thurinyia
1180 1102 1219 1141 et
1249 1097 1298 1140 in
1330 1097 1496 1141 civitate
1529 1098 1712 1151 Erphes-

200 1158 387 1212 furtensi
405 1163 546 1214 qestas
567 1158 800 1213 pertinent.
849 1159 905 1201 F.
920 1156 1005 1201 87‘.
1029 1162 1067 1201 et
1088 1157 1137 1200 in
1157 1172 1356 1212 suprema
1369 1161 1496 1212 parte
1517 1156 1617 1209 folii
1640 1161 1711 1199 88.

200 1223 435 1274 sequuntur
465 1219 664 1262 Annales
697 1218 742 1261 S.
766 1217 887 1261 Petri
919 1217 1302 1273 Erphesfurtenses
1333 1232 1374 1259 a.
1402 1220 1710 1259 1076—1163.

155 1297 188 1323 ιο
200 1278 345 1323 multis
383 1278 583 1322 manibus
624 1277 788 1322 coaevis
827 1277 976 1332 scripti
988 1279 1016 1319 2.
1092 1276 1240 1320 Huius
1282 1276 1437 1320 codicis
1476 1276 1713 1331 scripturae

200 1338 409 1393 specimen
440 1338 587 1382 tabula
618 1337 716 1381 huic
747 1337 911 1381 tomello
943 1336 1148 1380 adiuncta
1180 1336 1377 1380 continet.

346 1398 525 1442 Nullius
547 1397 682 1452 pretii
713 1401 774 1440 est
803 1397 1093 1452 fraqmentum
1124 1411 1164 1439 a.
1193 1400 1319 1450 1075,
1351 1396 1566 1449 famosam
1591 1395 1714 1438 illam

192 1457 458 1514 particulam
498 1459 548 1501 cle
587 1457 677 1500 vita
715 1461 753 1500 et
789 1457 903 1500 obitu
933 1456 1140 1500 Annonis
1171 1455 1391 1500 continens
1405 1457 1431 1510 3,
1465 1469 1600 1498 manu
1630 1455 1711 1498 Fr.

202 1517 329 1562 Iunii
378 1517 583 1573 scriptum
633 1517 682 1561 in
734 1517 871 1560 codice
924 1516 1100 1560 Ooeoni
1110 1515 1230 1559 ensi
1282 1515 1550 1559 bibliothecae
1600 1515 1713 1558 Bod-

154 1592 190 1618 20
203 1577 371 1621 leianae
391 1591 460 1621 nr.
479 1581 608 1631 5128,
639 1576 760 1620 cuius
785 1576 956 1619 variam
977 1576 1192 1620 lectionem
1213 1576 1270 1618 A.
1291 1575 1435 1619 Nicoll
1456 1574 1504 1618 in
1523 1573 1712 1618 ‘Archiv'

213 1638 262 1692 V,
286 1653 335 1692 p.
361 1641 444 1680 727
467 1651 528 1692 sq.
561 1636 758 1691 enotavit,
799 1650 927 1691 quam
958 1650 1011 1679 ne
1042 1636 1254 1690 inteqram
1283 1635 1464 1690 quidem,
1497 1634 1714 1689 siqnatam

202 1699 276 1752 fr„
317 1696 478 1752 repetii,
521 1711 615 1741 cum
655 1711 707 1740 ex
746 1696 928 1739 editione
969 1697 1156 1751 quadam
1196 1695 1273 1739 hoc
1312 1695 1602 1750 fraqmentum
1648 1708 1713 1737 eoe-

202 1757 405 1812 scriptum
435 1771 523 1800 esse
552 1756 660 1799 mihi
682 1771 940 1811 persuasum
971 1756 1149 1799 habeam
1159 1756 1189 1797 4.

347 1817 626 1871 Reliquorum
667 1820 807 1859 autem
848 1816 1072 1869 librorum,
1115 1829 1219 1869 quos
1260 1829 1402 1857 omnes
1447 1814 1602 1856 iterum
1649 1827 1713 1856 ex-

156 1892 191 1918 25
203 1876 369 1931 scripsi,
393 1891 556 1920 omnem
576 1876 747 1919 variam
769 1875 996 1929 lectionem,
1028 1874 1156 1918 etiam
1178 1874 1288 1917 levia
1308 1875 1464 1916 menda
1484 1872 1715 1915 adnotavi⁵

196 1941 371 1991 praeter
414 1935 754 1991 orthoqraphica,
804 1949 982 1989 quorum
1019 1948 1166 1988 pauca
1207 1934 1458 1976 adnotanda
1499 1932 1615 1986 duxi,
1664 1945 1716 1974 ea

196 1995 454 2052 praesertim
470 2020 528 2025 —
545 2010 676 2049 neque
698 1999 839 2038 tamen
861 1994 1006 2037 omnia
1027 1994 1130 2037 haec
1145 2018 1205 2022 —
1222 2007 1328 2047 quae
1350 1992 1477 2035 etiam
1499 2005 1607 2034 saec.
1623 1991 1714 2034 XI.

204 2055 334 2099 scribi
364 2055 622 2110 potuissent,
665 2054 833 2097 omissis
871 2055 963 2107 fere
1004 2053 1197 2096 omnibus
1236 2052 1311 2106 iis,
1363 2066 1471 2106 quae
1512 2065 1562 2094 ex
1602 2065 1716 2093 more

204 2130 312 2159 saec.
340 2115 469 2158 XVI
485 2115 547 2158 in.
586 2114 747 2169 scripta
777 2118 890 2158 sunt.
935 2114 996 2156 Et
1020 2114 1148 2156 verba
1173 2112 1341 2167 quidem
1367 2113 1597 2155 secundum
1622 2125 1717 2153 eum

158 2193 194 2219 30
205 2176 375 2218 modum
415 2174 581 2229 scripsi,
625 2188 746 2229 quem
778 2175 1035 2227 Lampertus
1066 2173 1155 2227 ipse
1195 2172 1244 2215 in
1276 2171 1414 2215 codice
1451 2171 1715 2225 autoyrapho

216 2235 339 2278 Vitae
356 2234 487 2289 Lulli,
518 2236 568 2277 de
589 2247 670 2288 quo
691 2248 824 2289 supra
841 2248 889 2287 p.
907 2237 997 2275 XX.
1027 2233 1184 2276 (lictum
1205 2236 1277 2286 est,
1306 2236 1471 2275 secutus
1498 2235 1569 2284 est,
1590 2244 1716 2284 prae-

206 2294 351 2338 sertim
392 2308 485 2338 cum
523 2293 709 2337 viderem
740 2294 947 2348 pleraque
987 2307 1061 2336 seu
1092 2306 1234 2346 paene
1271 2291 1416 2334 omnia
1447 2290 1496 2334 in
1527 2289 1718 2344 antiquis

208 2354 419 2398 codicibus
451 2359 527 2397 3a.
546 2355 582 2407 b,
622 2354 833 2397 nonnulla
871 2352 999 2396 etiam
1031 2352 1079 2395 in
1110 2350 1414 2395 recentioribus
1446 2350 1569 2393 libris
1600 2353 1639 2391 et
1669 2349 1718 2391 in

208 2413 390 2458 editione
427 2413 628 2468 principe
674 2415 814 2456 eodem
860 2414 982 2455 modo
1028 2412 1188 2466 scripta
1234 2425 1334 2454 esse.
1424 2409 1719 2453 Paucissimas

161 2492 196 2519 3⁶
209 2478 349 2517 tamen
390 2473 555 2526 formas
595 2472 744 2527 recepi,
789 2486 896 2526 quae
938 2472 1055 2515 nullo
1097 2471 1302 2514 librorum
1343 2474 1586 2513 nostrorum
1627 2483 1717 2511 con-

209 2535 509 2586 firmabantffur
543 2534 655 2587 quocl
683 2532 930 2586 ubicumque
961 2531 1056 2585 feci,
1090 2531 1139 2574 in
1170 2530 1282 2574 notis
1310 2529 1514 2573 indicavi.
1573 2528 1718 2571 Or-tho

207 2592 417 2659 yraphica
447 2607 557 2658 vero,
591 2605 697 2646 quae
728 2591 912 2646 sinyulis
943 2590 1046 2634 locis
1077 2605 1163 2633 non
1185 2589 1402 2643 adnotavi,
1436 2603 1484 2631 777
1506 2592 1607 2631 nota
1628 2588 1718 2630 sub-

209 2653 356 2696 iuncta
386 2651 435 2695 in
465 2651 711 2695 universum
742 2650 975 2694 indicavi.
946 2651 962 2675 ⁶

214 2758 248 2802 1)
272 2757 331 2800 Cf.
358 2757 422 2793 SS.
449 2757 510 2799 VI,
535 2769 572 2801 p.
593 2758 649 2793 14.
668 2757 759 2797 536,·
793 2755 952 2790 ‘Archiv’
977 2755 1059 2798 VII,
1082 2766 1120 2799 p.
1140 2757 1210 2791 505
1228 2766 1278 2799 sq.
1414 2755 1450 2797 2)
1476 2753 1532 2795 Cf.
1561 2751 1718 2786 ‘Archiv’

163 2783 935 2849 401X,p.531;.'S*S.XVLp1.5;‘.N
954 2803 1102 2838 Archiv’
1128 2803 1238 2845 XIX,
1262 2814 1300 2846 p.
1322 2804 1403 2838 159.
1548 2800 1585 2843 3)
1609 2800 1721 2842 Infra

208 2864 248 2897 Ρ.
264 2854 347 2895 242,
373 2853 396 2888 l.
415 2854 592 2894 13—-250,
618 2852 640 2888 l.
658 2816 743 2888 33.p
838 2851 876 2895 4)
908 2851 1003 2884 Nam
1028 2861 1147 2884 novem
1173 2829 1278 2884 vet-'ba
1303 2851 1342 2883 in
1367 2849 1530 2883 omnibus
1555 2848 1721 2881 edit-aoni-

214 2901 278 2934 bus
310 2903 392 2934 ante
426 2910 501 2934 eam
527 2900 671 2934 Strum'i
702 2900 834 2933 omissa
868 2899 991 2942 (infra
1020 2909 1061 2942 Ρ.
1078 2899 1161 2941 247,
1189 2909 1224 2934 77.
1242 2897 1272 2938 i)
1305 2899 1343 2931 in
1379 2897 1440 2931 hoc
1473 2897 1580 2929 etiam
1614 2895 1722 2938 fraq-

214 2951 329 2982 mento
360 2947 472 2982 deesse
506 2958 550 2981 eae
584 2947 767 2981 collatione
797 2946 946 2981 Nicollii
973 2946 1219 2989 17777775)
1252 2945 1423 2989 E'oeceptis
1459 2945 1504 2977 iis
1538 2953 1627 2987 quae
1661 2953 1722 2975 ea·-

214 2999 389 3039 cerptores
412 2995 567 3029 codicum
593 2997 656 3031 3a.
672 2995 692 3028 b
716 2998 956 3030 mutaverunt.
1102 2994 1138 3036 6)
1164 2993 1291 3027 Omnes
1316 2996 1465 3026 recentes
1490 2991 1620 3024 codices
1647 2989 1722 3022 ubi-
