2014 3184
347 180 478 218 VITA
503 181 928 231 LULLLAROHIEP.
953 181 1103 219 AUOT.
1131 181 1428 221 LAMPERTO.
1573 185 1646 220 339

277 307 348 347 26.
394 304 617 348 Refertur
639 307 686 348 et
708 304 836 347 aliud
859 305 916 348 de
939 318 992 348 eo
1014 305 1302 357 miraculum,
1336 306 1460 360 quod
1483 308 1644 348 contra

133 378 211 409 eos
228 364 520 422 potissimum
540 364 699 415 faciat,
726 364 806 419 qm’
826 365 952 406 tanti
972 365 1061 406 viri
1082 364 1336 407 virtutibus
1358 365 1497 408 fidem
1520 366 1643 408 dero-

131 426 248 481 gant
279 426 326 468 et
350 424 401 466 in
426 437 480 467 eo
507 423 852 467 incredulitatis
879 423 1010 466 febre
1037 424 1241 466 confecti
1267 424 1528 475 tabescunt,
1563 439 1644 480 per

132 497 269 540 quem
300 483 578 540 paralyticos
611 484 671 526 ad
703 483 974 538 sospitatem
1007 496 1273 539 corpoream
1293 484 1519 539 respirare
1543 497 1643 526 con-

100 544 346 600 uspitiunt.
408 543 679 586 Hartwinus
720 543 910 598 quidam
950 542 1194 598 religiosus
1235 543 1284 584 in
1322 543 1423 585 vico
1456 544 1642 599 Aspach

131 603 402 647 aecclesiam
434 605 701 659 susceperat
733 603 1106 645 construendam.
1171 601 1384 654 Quodam
1417 602 1491 644 die
1523 617 1644 645 unus

130 663 330 707 fratrum
353 663 652 706 Fuldensium
678 662 786 704 Biso
818 662 1005 704 nomine
1030 662 1181 704 viama
1205 662 1389 713 fatiens,
1420 662 1518 704 viso
1546 662 1643 704 illic

131 723 333 774 homine,
375 736 512 778 quem
551 722 912 764 familiarissime
953 724 1117 764 notum
1156 722 1374 771 habebat,
1418 721 1642 771 substitit,

131 782 385 838 habitoque
419 796 524 824 cum
554 795 610 824 eo
643 781 886 836 colloquio,
930 794 1036 824 cum
1068 795 1150 837 per
1183 781 1365 824 diversa
1394 783 1493 823 tam
1525 782 1644 824 seria

84 858 120 885 ιο
132 855 271 897 quam
302 842 495 892 ludicra,
529 844 583 883 ut
615 841 669 883 fit
700 842 824 884 inter
856 841 1040 891 amicos,
1084 854 1232 883 sermo
1265 840 1481 883 licentior
1512 855 1643 896 vaga-

0 919 42 952 Ὗ.
53 918 117 946 7512.
131 904 274 953 retur,
305 897 495 944 *incidit
532 901 708 944 mentio
746 901 874 943 beati
906 900 1046 942 Lulli.
1109 900 1228 942 Tum
1268 899 1362 951 ille,
1404 902 1644 956 tamquam

131 962 333 1005 invisum
363 962 457 1004 suis
489 974 659 1003 nomen
690 974 784 1002 non
814 960 983 1011 ferens,
1027 960 1185 1002 mirari
1223 960 1360 1015 cepit,
1400 960 1525 1002 unde
1557 961 1642 1016 pri-

131 1035 258 1063 mum
289 1021 328 1063 is
354 1021 502 1064 honor
527 1020 717 1062 habitus
749 1020 810 1062 sit
831 1020 943 1069 viro,
977 1020 1058 1075 qui
1084 1021 1219 1062 tanto
1241 1019 1398 1062 furore
1421 1019 1644 1062 debacha-

130 1083 208 1124 tus
254 1081 316 1124 sit
363 1083 526 1123 contra
571 1080 740 1122 fratres
786 1079 1041 1122 Fuldenses
1089 1081 1136 1122 et
1183 1079 1243 1120 ad
1290 1079 1644 1135 opprimendum

83 1157 119 1183 15
131 1153 300 1184 nomen
347 1139 580 1182 Fuldense
630 1141 789 1182 tantos
837 1141 1030 1181 conatus
1077 1138 1291 1193 neglecto
1338 1139 1506 1180 timore
1554 1138 1644 1182 Dei

131 1195 399 1243 effuderitb.
470 1199 626 1241 Multa
671 1201 828 1254 preter
874 1199 989 1241 haec
1035 1198 1085 1239 in
1131 1198 1347 1240 iniuriam
1391 1198 1517 1240 beati
1556 1198 1643 1240 viri

130 1259 410 1302 mordaciter
430 1259 604 1314 magis⁰
633 1272 773 1313 quam
797 1258 952 1300 facete
983 1258 1175 1307 iocatus,
1208 1258 1400 1300 tandem
1433 1257 1644 1300 discessit

122 1319 220 1362 *iter
265 1319 390 1374 quod
436 1319 706 1361 instituerat
752 1320 1038 1374 peracturus.
1116 1317 1184 1359 Eo
1233 1319 1444 1372 tempore
1491 1316 1643 1358 Fulda

129 1378 298 1421 fluvius
339 1378 523 1421 alveum
562 1392 698 1420 suum
739 1378 962 1433 evagatus
1002 1378 1149 1419 totam
1195 1376 1450 1419 adiacentis
1492 1377 1643 1431 campi

81 1438 379 1497 soplaniciem
414 1439 734 1494 occupaverat,
767 1437 844 1479 vix
875 1436 1062 1492 angusti
1102 1437 1289 1478 tantum
1320 1436 1522 1478 tramitis
1556 1435 1642 1478 cal-

130 1497 223 1540 lem
243 1497 573 1540 itinerantibus
594 1497 825 1551 reliquum
841 1496 1018 1539 fecerat
1040 1509 1264 1551 aquarum
1281 1495 1458 1538 effusio.
1494 1494 1641 1547 Quem

130 1557 242 1600 dum
274 1558 424 1613 carpit
452 1589 462 1598 .
487 1588 497 1598 .
522 1553 562 1597 .‘¹
599 1559 647 1599 et
677 1556 885 1599 tumidus
917 1555 998 1598 ille
1030 1555 1120 1598 Dei
1151 1558 1510 1610 sanctorumque
1543 1555 1640 1597 eius

130 1617 420 1666 convitiator,
454 1629 612 1671 equus,
647 1629 737 1670 quo
758 1615 1029 1666 vehebatur,
1063 1615 1233 1665 furore,
1263 1617 1317 1656 ut
1339 1614 1515 1669 opinor,
1551 1615 1640 1669 agi-

127 1678 258 1718 tatus
303 1677 354 1718 in
400 1674 808 1732 profundissimam
857 1688 1024 1729 aquam
1072 1677 1146 1716 see
1196 1687 1301 1716 cum
1342 1687 1515 1715 sessore
1557 1687 1640 1715 suo

81 1753 117 1780 2⁶
129 1736 402 1791 precipitem
444 1735 592 1786 dedit,
634 1734 733 1776 Deo
774 1734 847 1775 illi
889 1734 1078 1789 dignam
1118 1733 1485 1775 vicissitudinem
1526 1732 1640 1775 refe-

128 1790 291 1838 rentes
336 1809 419 1851 pro
466 1794 801 1836 incontinentis
849 1793 1038 1848 linguae
1079 1792 1357 1848 petulantia.
1432 1791 1639 1846 Cumque

128 1856 282 1897 totum
324 1868 428 1896 cum
470 1867 644 1896 sessore
685 1867 768 1895 suo
810 1867 978 1908 equum
1021 1866 1142 1907 aqua
1182 1851 1457 1907 profundior
1489 1851 1639 1893 obsor-

128 1913 318 1959 buisset.
337 1927 612 1968 omnemque
634 1913 795 1955 mortis
818 1913 1083 1955 evadendae
1106 1925 1234 1967 spem
1250 1911 1445 1967 periculi
1466 1911 1639 1966 magni-

127 1974 244 2016 tudo
284 1973 630 2029 absumpsisset,
671 1972 812 2015 rediit
843 1973 1009 2014 misero
1050 1972 1098 2013 in
1131 1973 1347 2021 mentem,
1391 1971 1514 2025 quod
1557 1985 1639 2012 sua

81 2045 116 2071 ³0
130 2033 178 2074 in
223 2033 375 2074 virum
422 2033 511 2075 Dei
563 2033 825 2074 invectione
875 2032 997 2074 hanc
1044 2031 1132 2073 sibi
1180 2030 1495 2073 calamitatem
1542 2031 1639 2085 ipse

128 2093 402 2148 peperisset,
451 2092 700 2147 statimque
749 2105 804 2134 ex
850 2091 1015 2133 intimo
1063 2091 1201 2133 corde
1247 2090 1364 2132 facti
1411 2090 1636 2145 penitens,

128 2151 347 2207 quoniam
387 2152 549 2207 lingua
587 2165 682 2194 non
722 2153 907 2208 poterat
947 2164 1171 2206 aquarum
1203 2149 1428 2192 violentia
1459 2163 1638 2205 oppres-

128 2224 218 2263 sus,
252 2212 406 2254 animo
437 2212 529 2253 iam
562 2224 642 2267 per
663 2212 987 2254 necessitatem
1018 2224 1172 2252 rerum
1195 2211 1431 2252 correctog
1456 2209 1638 2250 veniam

128 2271 418 2326 precabatur.
480 2270 579 2313 Nec
620 2284 748 2313 mora
788 2271 937 2327 pietas
970 2270 1159 2311 Domini
1200 2282 1282 2324 per
1321 2269 1636 2310 interventum

80 2343 116 2370 35
129 2330 254 2372 beati
276 2330 402 2372 Lulli
435 2333 589 2386 presto
622 2330 760 2372 affuit
791 2329 1091 2386 periclitanti.
1139 2329 1262 2370 Nam
1291 2342 1473 2382 equum,
1508 2327 1637 2368 cuius

129 2389 263 2432 dorso
297 2403 513 2432 excussus
545 2390 637 2432 iam
670 2389 830 2432 subter
862 2403 1028 2443 aquam
1062 2388 1364 2430 moribundus
1405 2386 1635 2434 fluitabat,

129 2462 210 2503 per
251 2449 446 2491 caudam
487 2449 695 2505 arripuit,
739 2450 871 2503 eique
913 2448 1119 2490 tenatius
1160 2447 1389 2496 inherens,
1432 2446 1528 2486 vita
1569 2459 1637 2487 co-

130 2508 254 2558 mite,
297 2509 606 2550 membrorum
638 2508 856 2550 incolomi
889 2510 1017 2549 statu
1057 2507 1106 2548 in
1138 2507 1310 2548 siccum
1344 2505 1489 2547 evasit
1506 2505 1531 2553 ¹,
1574 2505 1637 2545 in-

129 2612 158 2641 a)
177 2611 341 2642 mendara·
369 2611 428 2636 iam
448 2611 490 2639 2⁸.
589 2611 620 2643 b)
640 2610 748 2638 effudit
766 2612 809 2640 2⁸,
909 2613 937 2642 e)
957 2610 1050 2642 magis
1069 2610 1199 2641 supplet-»⁸
1217 2616 1253 2634 ex
1272 2610 1331 2634 Ioco
1357 2608 1519 2639 (annalium,
1545 2615 1636 2639 supra

80 2652 156 2678 401³.
176 2646 221 2678 92,
248 2646 266 2673 l.
285 2646 330 2678 20,
356 2646 432 2671 deest
451 2648 493 2674 2¹.
601 2645 633 2678 d)
657 2648 827 2672 adice-tivum
847 2647 991 2679 quoddam
1011 2646 1201 2677 supplendum
1221 2647 1269 2672 est.
1380 2646 1407 2675 e)
1430 2644 1527 2668 eadem
1549 2650 1636 2668 mmm

129 2688 271 2713 super-scr.
291 2682 334 2709 2⁴⁸.
407 2682 431 2712 s)
450 2681 608 2708 referentis
627 2683 669 2711 2⁸,
741 2683 771 2715 g)
791 2682 936 2708 correctio
956 2683 998 2708 2⁸.

132 2753 167 2797 1)
195 2753 290 2786 Nota
317 2754 355 2786 in
380 2752 511 2788 Mau-ac.
538 2753 574 2787 S.
596 2753 767 2797 Wiqbem
789 2765 816 2789 c.
837 2755 869 2795 1,
896 2752 960 2787 SS.
988 2752 1011 2784 I
1021 2752 1057 2793 1⁷,
1096 2763 1118 2786 ›.
1136 2752 1219 2792 ⁶224,
1245 2749 1460 2783 miraculum
1487 2749 1528 2783 de
1547 2750 1636 2783 Ger-

130 2800 243 2833 helmo
266 2800 436 2833 monacho
454 2799 701 2843 Hersfeldensi
724 2811 768 2834 ραν
785 2802 892 2844 aquis
908 2800 1048 2833 Famae
1072 2799 1178 2841 flur-ie·
1200 2802 1316 2841 erepto
1340 2801 1537 2831 narratum
1553 2807 1636 2838 esse,

129 2849 231 2881 ouius
255 2857 381 2882 nomen
406 2847 534 2891 Lamp.
559 2858 674 2891 supra
699 2859 726 2884 c.
743 2850 802 2883 22.
831 2848 1030 2890 usto-parit.

1276 2915 1345 2951 2⁴2*
