2014 3184
511 203 782 243 LAMPERTI
806 203 1060 240 ANNALES.
1110 203 1158 238 A.
1187 205 1291 240 1077.
1592 204 1663 239 291

154 330 334 373 statuto
366 328 441 371 die
473 328 523 370 in
545 328 820 382 Augustam,
855 341 946 382 quo
969 326 1141 370 caeteri
1162 325 1395 381 principes
1418 325 1662 367 convenire
1680 324 1783 358 1077-

154 388 440 439 statuissent,
465 387 746 429 fiducialiter
768 388 1054 437 occurreret;
1088 399 1135 428 se
1157 385 1268 436 illic,
1304 385 1520 427 discussis
1542 370 1773 425 utra—(Ian.)

154 461 347 504 rumque
379 447 583 503 partium
615 446 988 502 allegationibus,
1031 459 1117 487 nec
1150 444 1256 486 odio
1288 457 1373 486 nec
1415 444 1568 499 gratia
1605 443 1662 484 ab

154 508 254 551 iure
294 507 354 550 ad
394 507 612 549 iniuriam
645 505 995 556 devolvendum,
1039 505 1147 546 seda
1185 504 1317 545 iuxta
1357 503 1483 558 leges
1525 502 1663 544 eccle-

122 567 364 610 ssiasticas
389 580 528 622 quam
560 565 865 608 rectissimam
898 564 1044 619 possit
1077 564 1133 606 de
1166 563 1361 618 singulis
1384 562 1663 605 sententiam

154 627 360 670 laturum
401 640 512 669 esse.
575 625 651 667 Ad
689 625 804 666 haec
849 624 920 666 illi
959 623 1300 678 responderunt
1340 635 1497 676 regem
1538 621 1664 662 illius

155 699 380 741 nusquam
422 687 653 728 terrarum
701 684 1026 738 subterfugere
1073 682 1317 733 iudicium,
1367 695 1503 736 quem
1549 681 1665 722 sciat

157 745 377 801 equitatis
419 747 466 788 et
512 744 807 786 innocentiae
854 742 1305 797 incorruptissimum
1346 741 1576 782 vindicem
1619 742 1665 782 et

157 805 434 848 advocatum
465 804 585 854 fore,
626 804 707 846 sed
739 817 764 845 e
796 803 948 845 vicino
980 802 1073 843 iam
1105 815 1270 856 urgere
1303 801 1426 842 diem
1459 799 1665 841 anniver—

110 880 144 906 ιο
157 865 342 915 sarium,
385 878 475 919 quo
508 862 932 906 excommunicatus
964 862 1150 908 fuisset,
1191 863 1238 903 et
1270 860 1502 915 principes
1535 859 1666 913 regni

157 925 245 966 hac
277 923 600 979 expectatione
633 935 876 977 suspensos
908 922 1205 975 attentosque
1238 914 1398 975 anxieb
1436 918 1504 960 rei
1537 932 1666 960 even-

157 986 259 1026 tum
300 982 564 1039 prestolari,
607 983 679 1032 ut,
724 982 762 1023 si
803 983 912 1023 ante
954 981 1101 1022 hancc
1142 980 1264 1021 diem
1306 977 1667 1021 excommunica-

157 1043 286 1085 tione
317 1057 412 1085 non
443 1041 724 1091 absolvatur,
769 1041 986 1095 deinceps
1017 1039 1149 1080 iuxta
1181 1038 1412 1093 palatinas
1445 1037 1571 1090 leges
1603 1037 1667 1077 in-

159 1103 328 1157 dignus
368 1102 495 1157 regio
528 1102 702 1143 honore
744 1100 974 1142 habeatur
1013 1113 1098 1141 nec
1140 1098 1266 1139 ultra
1307 1112 1389 1152 pro
1422 1095 1669 1138 asserenda

111 1171 146 1198 15
158 1161 426 1204 innocentia
457 1175 541 1202 sua
572 1160 860 1202 audientiam
901 1158 1184 1207 mereatur1;
1229 1157 1422 1212 proinde
1455 1155 1668 1197 obnixius

158 1223 316 1278 petere
364 1222 412 1263 et
458 1221 547 1262 hoc
595 1219 740 1270 omni,
791 1233 881 1273 quo
930 1232 1050 1273 papa
1100 1217 1279 1267 iubeat,
1335 1214 1668 1257 satisfactionis

159 1294 328 1337 genere
371 1281 587 1335 paratum
629 1279 840 1329 emereri,
890 1280 943 1319 ut
991 1276 1089 1318 solo
1135 1276 1324 1318 interim
1371 1275 1670 1316 anathemate

159 1339 428 1382 absolvatur
469 1341 516 1382 et
557 1337 893 1380 communionis
936 1336 1275 1379 ecclesiasticae
1321 1334 1520 1390 gratiam
1561 1333 1670 1375 reci-

159 1399 259 1455 piat
273 1400 301 1450 ²,
334 1412 637 1454 responsurus
670 1412 725 1440 ex
756 1397 953 1451 integro,
988 1391 1306 1450 quacumqued
1334 1394 1421 1443 die,
1457 1407 1670 1447 quocum-

110 1473 248 1514 2oque
279 1459 382 1501 loco
414 1472 536 1514 papa
567 1457 807 1512 precipiat,
842 1458 1079 1510 tamquam
1111 1454 1231 1496 nihil
1254 1454 1341 1495 hac
1365 1452 1670 1495 conventione

161 1521 317 1561 actum
358 1518 437 1569 sit,
481 1517 713 1566 omnibus,
757 1530 874 1570 quae
916 1516 1207 1557 accusatores
1240 1514 1338 1556 eius
1378 1512 1668 1561 obiecissent,

163 1578 432 1620 criminibus
465 1579 512 1619 et
552 1577 684 1617 iuxta
724 1575 1005 1618 sententiam
1037 1574 1135 1615 eius
1176 1587 1371 1628 regnum
1408 1571 1482 1613 vel
1523 1573 1670 1612 reten-

162 1640 314 1687 turus,
358 1637 396 1678 si
437 1636 620 1678 obiecta
661 1636 922 1690 purgasset,
965 1633 1039 1675 vel
1078 1647 1194 1687 equo
1236 1632 1408 1681 animo,
1453 1631 1492 1671 si
1533 1643 1672 1671 causa

164 1696 418 1746 cecidisset,
453 1695 703 1736 amissurus
718 1694 744 1734 3.
795 1693 890 1734 Diu
912 1706 1032 1747 papa
1063 1692 1252 1737 restitit,
1285 1691 1460 1732 veritus
1492 1690 1541 1730 in
1563 1702 1670 1743 rege

112 1773 150 1799 25
162 1755 379 1798 iuvenilis
426 1754 569 1796 animi
615 1753 978 1795 inconstantiam
1020 1753 1066 1793 et
1108 1750 1331 1805 proclive,
1381 1761 1670 1803 quocumque

164 1816 473 1857 assentatores
504 1812 813 1868 impulissent,
856 1811 1109 1866 ingenium.
1174 1810 1264 1852 Sed
1297 1810 1541 1863 superatus
1573 1810 1670 1848 tan-

163 1875 268 1916 dem
308 1873 665 1928 importunitate
697 1870 1048 1926 perurgentium
1081 1872 1128 1911 et
1160 1869 1390 1923 gravitate
1423 1866 1671 1909 sententia-

162 1933 316 1975 rum4:
352 1932 415 1974 ‘Si
446 1931 700 1981 veraciter',
734 1930 899 1984 inquit,
936 1929 1053 1971 ‘eum
1077 1929 1194 1970 facti
1227 1928 1419 1983 penitet,
1455 1940 1671 1968 coronam

164 1995 210 2035 et
252 1994 434 2034 caetera
480 1991 612 2045 regni
652 1989 854 2044 insignia
894 1989 943 2030 in
984 1990 1310 2043 argumentum
1351 2000 1486 2028 verae
1528 1987 1575 2027 et
1617 1999 1671 2027 ex

114 2127 151 2152 30
163 2121 192 2151 a)
217 2126 249 2145 se
273 2119 300 2144 Β
313 2119 340 2146 2.
425 2119 456 2150 b)
479 2118 587 2143 anxiae
611 2117 679 2151 Δ1ς
706 2117 743 2148 cs.
762 2117 827 2142 Vita
847 2116 928 2142 Lulli
947 2123 970 2144 c.
983 2117 997 2142 7
1024 2115 1122 2146 (infra
1142 2122 1175 2146 p.
1194 2114 1257 2146 318,
1284 2114 1303 2142 l.
1322 2114 1381 2146 26).
1467 2114 1494 2143 c)
1519 2113 1575 2138 hae
1595 2112 1674 2139 ΒΗ.

164 2154 195 2186 d)
219 2161 407 2187 quocumque
426 2154 504 2182 ΒΡ.

166 2252 200 2294 1)
236 2250 295 2292 Cf.
319 2260 435 2293 supra
456 2261 493 2294 p.
518 2250 599 2285 281.
722 2248 759 2290 2)
791 2247 1008 2291 Lampmus
1043 2246 1126 2288 lenit
1159 2245 1342 2288 epistolam
1372 2244 1551 2286 Greyorii,
1587 2242 1671 2284 Req.

163 2297 231 2340 IV,
251 2299 308 2340 12,
334 2297 420 2330 ubi:
447 2307 515 2341 per
540 2295 662 2330 omnia
687 2306 725 2329 se
751 2294 1022 2328 satisfacturum
1048 2293 1125 2327 Deo
1152 2295 1189 2326 et
1215 2294 1339 2325 sancto
1365 2290 1476 2324 Petro
1503 2300 1544 2323 ac
1570 2289 1673 2323 nobis

164 2344 298 2379 obtulit.
311 2369 320 2379 .
335 2370 344 2378 .
359 2370 368 2379 .
383 2372 391 2380 .
404 2369 413 2387 ‚
439 2342 639 2378 dummodo
663 2342 761 2387 apud
778 2353 844 2376 nos
862 2340 1101 2375 absolutionis
1119 2343 1156 2374 et
1173 2338 1392 2383 apostolicae
1410 2336 1672 2371 benedictionis

114 2391 319 2437 &gratiam
352 2391 550 2436 impetrare
584 2393 797 2424 mereretur.
847 2388 955 2434 Quod
990 2399 1073 2422 cum
1108 2387 1171 2421 diu
1196 2386 1321 2420 multis
1346 2383 1673 2419 consultationibus

164 2438 384 2483 differentes,
419 2438 552 2473 acriter
586 2449 670 2472 eum
706 2436 751 2471 de
786 2436 859 2470 suis
884 2435 1090 2470 excessibus
1115 2445 1181 2478 per
1206 2444 1332 2467 omnes
1368 2432 1430 2476 qui
1456 2432 1672 2465 intercurre-

163 2486 253 2520 bant
277 2486 418 2520 nunciis
443 2485 755 2530 redargueremus,
805 2485 864 2518 Ea
899 2487 1040 2516 tantum
1072 2483 1182 2515 huius
1217 2482 1342 2523 lonyae
1375 2479 1603 2512 narrationis
1632 2479 1674 2512 de

165 2534 377 2568 tractatibus
401 2533 536 2567 habitis
558 2542 643 2566 vera
667 2536 763 2574 sunt,
800 2541 889 2575 quae
922 2541 1000 2564 cum
1034 2530 1093 2563 his
1117 2530 1232 2562 verbis
1259 2528 1430 2570 Greyorii
1453 2527 1672 2566 omimium,

164 2581 306 2625 reliqua
330 2591 394 2615 suo
417 2591 513 2614 more
536 2583 748 2614 commentus
772 2583 820 2612 est
846 2578 975 2621 Lamp.
1048 2577 1086 2619 3)
1111 2576 1206 2610 Haec
1231 2577 1484 2618 (responsurus
1504 2593 1545 2597 —
1566 2572 1673 2605 amis-

115 2629 284 2673 4osurus)
317 2639 434 2671 reyem
466 2627 631 2661 obtulisse
662 2637 706 2660 ex
739 2626 852 2660 verbis
888 2625 1058 2668 Gregorii
1090 2624 1176 2665 Καρ.
1204 2623 1227 2655 I
1232 2623 1270 2664 V,
1298 2623 1352 2657 12.
1387 2621 1493 2661 infra
1524 2631 1563 2663 p.
1590 2621 1672 2659 293,

165 2686 202 2711 n.
219 2678 254 2711 3.
280 2675 440 2709 laudatis
463 2679 495 2709 et
519 2678 618 2708 textu
643 2674 874 2708 securitatum
900 2683 923 2705 a
949 2682 1029 2714 reye
1053 2671 1225 2704 datarum
1250 2669 1354 2711 (Ray.
1381 2668 1447 2708 IV,
1468 2669 1558 2705 1211)
1582 2677 1674 2700 com-

166 2727 305 2756 mentus
327 2726 387 2758 est.
473 2722 511 2766 4)
536 2722 734 2764 Greyorius
758 2721 855 2754 dixit
879 2721 918 2752 in
945 2719 1092 2763 epistola
1118 2718 1268 2750 laudata
1293 2718 1396 2749 tanta
1422 2714 1585 2748 omnium
1611 2713 1672 2757 qui

166 2769 217 2803 ibi
241 2769 394 2804 aderant
417 2768 682 2813 supplicatione
708 2766 892 2801 devictum
926 2777 972 2807 se,
1007 2770 1046 2798 ut
1080 2775 1195 2806 reyem
1229 2763 1588 2797 excommunicatione
1612 2761 1674 2794 ab·

166 2817 321 2859 solveret,
347 2826 418 2850 non
443 2820 482 2848 ut
506 2826 622 2858 reyem
648 2815 814 2848 advenire
833 2814 1064 2857 permitteret.
1109 2812 1205 2853 Quae
1230 2810 1334 2844 verba
1352 2810 1480 2852 Lamp.
1506 2820 1550 2842 ex
1574 2808 1674 2841 arhi-

116 2865 239 2899 atrio
263 2864 500 2906 transposuit,
531 2867 572 2895 ut
595 2863 775 2905 sequentia
799 2864 992 2894 commenta
1016 2861 1241 2902 componeret.

1318 2926 1384 2963 19*
