1968 3164
524 220 793 257 LAMPERTI
817 221 1072 259 ANNALES.
1123 223 1169 259 A.
1198 227 1302 260 1073.
1607 228 1671 261 171

165 344 378 395 venisset,
412 344 599 399 quidam
633 359 687 386 ex
719 345 911 387 castello
939 345 1198 388 Goslariam
1230 347 1436 402 privatae
1469 348 1562 389 reia
1595 348 1672 389 ali·
1691 356 1792 389 1073.

166 404 279 459 quid
318 403 385 446 ibi
425 404 575 446 acturi
617 407 857 447 venerunt.
931 405 1024 447 Ubi
1065 406 1168 448 cibo
1210 409 1415 461 potuque
1464 407 1668 455 distenti,

167 463 278 505 dum
318 463 462 505 nimia
508 464 696 518 potione
738 465 1058 516 incaluissent,
1110 466 1230 507 sicut
1278 467 1477 508 ebrietas
1525 470 1673 509 mater

166 517 291 566 esseb
328 523 446 566 solet
477 523 745 578 iurgiorum,
781 527 1004 579 ceperunt
1036 526 1279 567 adversum
1312 540 1401 575 eos,
1442 540 1546 568 cum
1580 527 1672 580 qui-

133 581 252 624 obus
283 582 633 631 accumbebant,
675 583 858 638 ineptos
896 584 1249 639 inconditosque
1283 599 1514 628 sermones
1546 586 1672 628 iacti-

164 642 265 684 tare
297 643 345 684 et
376 641 634 684 Saxonibus
666 643 899 698 ignaviam
926 645 1246 699 exprobraress,
1282 646 1405 699 quod
1437 660 1530 687 non
1558 646 1672 686 mili-

163 701 269 752 tari,
303 701 383 744 sed
406 701 542 743 ovina
574 705 729 744 mente
762 703 980 745 adversus
1012 718 1167 759 regem
1195 719 1322 746 arma
1355 706 1671 760 sumpsissent.

166 759 409 816 Indignati
450 762 529 815 qui
570 762 764 804 aderant
806 762 1008 805 Saxones
1050 764 1282 806 sedicione
1324 765 1558 806 concitata
1596 779 1672 807 eos

165 820 517 862 trucidaverunt
549 821 764 876 forasque
797 823 1091 877 proiecerunt
1107 823 1134 863 ¹.
1199 823 1334 875 Quod
1375 825 1456 866 ubi
1489 825 1560 865 his
1594 825 1672 879 qui

119 879 215 921 min
246 878 540 935 Hartesburg
582 878 741 922 erantd
780 884 1068 936 compertum
1111 886 1198 933 est,
1244 884 1403 925 dedita
1444 898 1583 938 opera
1625 899 1671 926 se

165 939 215 981 in
235 939 461 982 ultionem
485 940 712 982 sociorum
741 955 928 983 suorum
961 943 1278 993 accinxerunt;
1314 945 1361 985 et
1383 944 1491 997 quia
1513 944 1671 985 villam

165 998 275 1040 viris
313 998 528 1050 fortibus,
571 1000 706 1042 vallis
748 1003 794 1043 et
837 1001 948 1043 seris
989 1002 1219 1056 undique⁰
1260 1003 1487 1044 munitam
1525 1004 1672 1045 incur-

166 1071 266 1101 sare
297 1054 442 1101 hautf
469 1059 581 1101 satis
612 1062 767 1101 tutum
801 1061 1067 1115 putabatur,
1103 1061 1208 1103 dolo
1232 1076 1308 1104 eos
1342 1063 1671 1105 circumvenire

166 1119 407 1174 parabant.
441 1119 554 1161 Erat
576 1119 764 1174 quidam
782 1119 1020 1163 Goslariae
1044 1122 1278 1176 prefectus
1298 1122 1426 1164 Bodo
1444 1123 1629 1164 nomine
1642 1124 1669 1173 ‘-’,

118 1193 152 1219 ιο
164 1178 264 1234 regi
294 1180 502 1234 tempore
547 1179 673 1234 pacis
705 1180 1064 1235 acceptissimus,
1108 1195 1230 1223 nunc
1263 1196 1443 1236 quoque
1483 1182 1671 1223 turbata

164 1251 214 1280 re
254 1237 443 1293 publica
483 1239 621 1281 fidem
662 1239 934 1282 inviolatam
976 1241 1018 1283 ei
1059 1255 1256 1292 servans,
1301 1241 1481 1283 occulte
1514 1244 1671 1284 tamen

164 1298 294 1339 metu
333 1297 584 1349 Saxonum,
629 1313 686 1341 ne
729 1299 1042 1354 deprehensus
1089 1301 1294 1343 factione
1341 1301 1470 1355 vulgi
1518 1302 1671 1342 omnia

163 1369 248 1398 sua
279 1357 530 1400 amitteret.
584 1357 662 1399 Isg
688 1359 879 1401 edoctus
913 1360 969 1402 ab
1003 1360 1075 1401 his
1108 1361 1186 1414 qui
1219 1361 1266 1401 in
1300 1361 1491 1402 castello
1525 1363 1669 1411 erant,

164 1417 390 1471 pastores,
440 1417 519 1472 qui
567 1416 930 1460 Goslariensium
984 1434 1150 1474 pecora
1198 1421 1461 1470 servabant,
1517 1421 1671 1475 precio

115 1475 389 1531 2ocorrupit,
438 1478 492 1518 ut
539 1491 727 1532 gregem
768 1478 908 1532 paulo
950 1479 1134 1534 longius
1177 1494 1203 1521 a
1243 1480 1356 1521 villa
1395 1480 1445 1520 in
1487 1482 1670 1534 pastum

164 1534 379 1578 eicerent.
443 1535 574 1578 Missi
616 1537 672 1579 de
715 1538 906 1580 castello
949 1539 1127 1593 equites
1170 1553 1223 1581 ea
1262 1540 1473 1594 protinus
1511 1540 1670 1594 abege-

162 1596 287 1636 runt.
335 1594 520 1638 Caeteri
549 1596 599 1637 in
621 1597 856 1638 montibus
889 1600 936 1640 et
959 1598 1084 1639 silvis
1107 1599 1274 1640 armati
1307 1613 1353 1640 se
1376 1599 1670 1641 abdiderunt.

162 1653 350 1696 Perlato
393 1653 652 1696 Goslariam
693 1670 875 1699 rumore
920 1657 1190 1699 abactorum
1232 1672 1468 1713 pecorum,
1513 1659 1670 1700 unani-

163 1713 301 1755 miter
341 1713 400 1755 ad
441 1728 569 1756 arma
610 1715 920 1767 conclamant,
965 1717 1154 1758 summis
1202 1732 1359 1759 omnes
1400 1718 1574 1759 viribus
1622 1719 1670 1758 in

54 1809 56 1811 .
115 1786 151 1812 25
164 1773 398 1815 certamen
429 1776 585 1824 ruunt,
619 1788 703 1816 nec
737 1775 978 1830 quisquam
1011 1776 1209 1818 alterum
1242 1777 1548 1831 operiebatur,
1590 1778 1669 1819 sed

164 1831 308 1874 citato
349 1832 541 1886 quisque
583 1836 807 1887 quantum
847 1837 1030 1889 poterat
1072 1850 1188 1890 equo
1231 1837 1355 1890 prior
1392 1837 1572 1878 hostem
1606 1838 1668 1878 in-

164 1891 293 1945 sequi
333 1892 615 1947 predamque
656 1895 871 1936 excutere
913 1895 1238 1937 contendebat.
1305 1895 1383 1937 Illi
1426 1896 1667 1951 paululum

162 1949 278 2005 fuga
318 1950 537 1993 simulata
577 1953 804 1995 cedebant
845 1953 1208 2008 insequentibus,
1253 1956 1398 1997 donec
1437 1970 1512 1997 eos
1546 1956 1670 1997 ultra

163 2008 318 2051 locum
358 2010 631 2052 insidiarum
671 2011 884 2054 incautos
921 2015 1259 2068 protraherent.
1323 2015 1451 2057 Tunc
1485 2016 1669 2057 sublato

115 2084 151 2110 ao
163 2068 368 2124 undique
409 2069 627 2122 clamore,
670 2073 766 2112 tam
808 2072 859 2114 hi
899 2073 979 2127 qui
1024 2074 1074 2114 in
1115 2074 1307 2116 castello
1354 2078 1669 2116 remanserant

165 2141 303 2182 quam
334 2128 385 2170 hi
416 2129 495 2184 qui
526 2130 576 2171 in
607 2130 770 2173 vicinis
802 2133 1038 2174 montibus
1071 2147 1118 2175 se
1151 2134 1499 2176 occultaverant
1532 2135 1669 2189 impe-

164 2188 267 2229 tum
306 2187 356 2229 in
396 2202 474 2230 eos
514 2189 726 2232 fecerunt
769 2194 815 2233 et
855 2192 1036 2234 tamdiu
1084 2193 1296 2248 palantes
1343 2194 1669 2248 fugientesque

164 2247 532 2301 prosternebant,
567 2249 712 2292 donec
735 2264 829 2292 non
850 2252 982 2303 ratio,
1018 2253 1098 2294 sed
1130 2253 1224 2294 fusi
1247 2253 1485 2307 sanguinis
1508 2254 1671 2295 horror

165 2319 219 2348 ac
269 2307 464 2350 sacietas
514 2305 776 2351 occidionih
823 2311 962 2353 finem
1011 2312 1234 2354 facerent.
1308 2313 1504 2367 Propter
1555 2314 1668 2355 haec

116 2367 213 2408 abet
246 2365 346 2408 ¹alia
386 2367 652 2410 huiusmodi
684 2369 862 2424 placuit
895 2370 1153 2413 Saxonibus
1185 2372 1444 2426 proximum
1478 2372 1669 2414 castello

167 2423 332 2467 collem
363 2439 589 2482 occupare
621 2427 884 2484 militesque
916 2430 1165 2485 imponere,
1210 2431 1288 2485 qui
1322 2434 1483 2472 contra
1516 2445 1669 2473 excur-

165 2483 315 2526 siones
346 2485 550 2527 hostium
583 2487 680 2530 sine
712 2488 1052 2531 intermissione
1084 2490 1255 2532 intenti
1288 2490 1566 2545 sollicitique
1600 2506 1669 2533 ex-

167 2542 390 2586 cubarent
403 2544 432 2584 ²³.
494 2545 592 2588 Nec
634 2547 699 2588 sic
736 2549 894 2590 tamen
926 2549 1147 2591 audaciae
1180 2563 1337 2591 eorum
1372 2551 1557 2591 modum
1591 2551 1669 2591 im-

165 2643 196 2677 a.)
214 2644 256 2671 ibi
274 2646 321 2672 rei
339 2646 377 2674 al.
396 2647 456 2675 ΒΞ.
529 2647 561 2681 b)
579 2649 655 2676 solet
675 2657 739 2676 esse
760 2651 786 2675 Β
798 2652 837 2678 1⁸³.
905 2651 932 2683 e)
952 2653 1118 2684 exprobare
1139 2653 1164 2677 B
1176 2652 1216 2679 lb.
1285 2653 1314 2682 ι1)
1335 2661 1388 2679 um.
1411 2653 1469 2680 1³2.
1543 2661 1571 2685 el·
1592 2661 1670 2682 mun.

117 2680 236 2710 mund.
253 2680 333 2709 BD.
406 2682 429 2715 f)
447 2682 528 2709 haud
547 2685 572 2710 A
585 2686 610 2713 1.
628 2686 690 2713 132.
763 2687 795 2719 g)
815 2687 870 2712 Hic
890 2688 952 2715 152.
1026 2688 1057 2720 h)
1076 2688 1216 2713 occisioni
1238 2689 1263 2713 Β
1276 2690 1297 2715 l.
1309 2690 1333 2715 2.

168 2762 203 2806 1)
235 2763 336 2798 Duos
368 2765 498 2800 milites
526 2768 691 2810 patibulo
725 2770 859 2812 affioeos
892 2781 962 2804 esse
994 2782 1017 2803 a
1054 2771 1343 2804 Goslariensibus
1378 2773 1491 2804 tradit
1518 2774 1667 2806 Carmen

167 2810 198 2853 I,
220 2811 418 2848 183—185.
504 2815 542 2857 2)
567 2814 694 2849 Dictus
718 2816 806 2850 Boto
830 2818 1019 2851 advocatus
1037 2819 1279 2852 Goslaroensis
1303 2820 1342 2851 in
1368 2820 1466 2861 epist.
1487 2819 1671 2854 Hecelom's

166 2858 320 2903 episcopi
351 2859 678 2905 Hildesheimensis,
715 2863 935 2906 Scedendorf,
973 2866 1057 2908 Rey.
1095 2865 1124 2907 I,
1156 2878 1194 2909 p.
1225 2867 1279 2907 11,
1316 2878 1373 2901 ur.
1403 2869 1434 2901 Τ.
1549 2871 1585 2910 3]
1611 2868 1670 2909 Cf.

168 2904 319 2940 Carmen
344 2906 396 2949 II,
414 2907 605 2948 88—114,·
629 2910 757 2945 Bruno
781 2922 808 2947 c.
831 2914 888 2948 ⁸29.
