<?xml version="1.0" encoding="UTF-8"?>
<!DOCTYPE html PUBLIC "-//W3C//DTD XHTML 1.0 Transitional//EN"
    "http://www.w3.org/TR/xhtml1/DTD/xhtml1-transitional.dtd">
<html xmlns="http://www.w3.org/1999/xhtml" xml:lang="en" lang="en">
 <head>
  <title>
</title>
<meta http-equiv="Content-Type" content="text/html;charset=utf-8" />
  <meta name='ocr-system' content='tesseract 3.04.00' />
  <meta name='ocr-capabilities' content='ocr_page ocr_carea ocr_par ocr_line ocrx_word'/>
</head>
<body>
  <div class='ocr_page' id='page_1' title='image "./lampertimonachih00lambuoft/lampertimonachih00lambuoft_0275.png"; bbox 0 0 1968 3164; ppageno 0'>
   <div class='ocr_carea' id='block_1_1' title="bbox 527 245 1682 287">
    <p class='ocr_par' dir='ltr' id='par_1_1' title="bbox 527 245 1682 287">
     <span class='ocr_line' id='line_1_1' title="bbox 527 245 1682 287; baseline 0.005 -6"><span class='ocrx_word' id='word_1_1' title='bbox 527 245 799 282; x_wconf 78' lang='lat' dir='ltr'><strong>LAMPERTI</strong></span> <span class='ocrx_word' id='word_1_2' title='bbox 825 246 1082 283; x_wconf 80' lang='lat' dir='ltr'>ANNALES.</span> <span class='ocrx_word' id='word_1_3' title='bbox 1131 247 1179 283; x_wconf 88' lang='lat' dir='ltr'><strong>A.</strong></span> <span class='ocrx_word' id='word_1_4' title='bbox 1208 250 1312 285; x_wconf 79' lang='lat'>1074.</span> <span class='ocrx_word' id='word_1_5' title='bbox 1613 251 1682 287; x_wconf 89' lang='lat'><strong>199</strong></span> 
     </span>
    </p>
   </div>
   <div class='ocr_carea' id='block_1_2' title="bbox 39 368 1869 2278">
    <p class='ocr_par' dir='ltr' id='par_1_2' title="bbox 39 368 1801 903">
     <span class='ocr_line' id='line_1_2' title="bbox 170 368 1801 427; baseline 0.002 -17"><span class='ocrx_word' id='word_1_6' title='bbox 170 381 264 411; x_wconf 91' lang='lat' dir='ltr'><strong>non</strong></span> <span class='ocrx_word' id='word_1_7' title='bbox 295 368 512 420; x_wconf 84' lang='lat' dir='ltr'><strong>habeant,</strong></span> <span class='ocrx_word' id='word_1_8' title='bbox 556 369 783 412; x_wconf 91' lang='lat' dir='ltr'><strong>habentes</strong></span> <span class='ocrx_word' id='word_1_9' title='bbox 825 371 935 411; x_wconf 76' lang='lat' dir='ltr'><strong>auta</strong></span> <span class='ocrx_word' id='word_1_10' title='bbox 973 370 1216 412; x_wconf 87' lang='lat' dir='ltr'><strong>dimittant</strong></span> <span class='ocrx_word' id='word_1_11' title='bbox 1258 373 1340 412; x_wconf 90' lang='lat' dir='ltr'><strong>aut</strong></span> <span class='ocrx_word' id='word_1_12' title='bbox 1373 372 1679 427; x_wconf 83' lang='lat' dir='ltr'><strong>deponantur,</strong></span> <span class='ocrx_word' id='word_1_13' title='bbox 1697 379 1801 414; x_wconf 84' lang='lat'>1074.</span> 
     </span>
     <span class='ocr_line' id='line_1_3' title="bbox 170 427 1682 487; baseline 0.003 -18"><span class='ocrx_word' id='word_1_14' title='bbox 170 441 256 471; x_wconf 90' lang='lat' dir='ltr'><strong>nec</strong></span> <span class='ocrx_word' id='word_1_15' title='bbox 296 427 538 483; x_wconf 84' lang='lat' dir='ltr'><strong>quisquam</strong></span> <span class='ocrx_word' id='word_1_16' title='bbox 579 429 767 471; x_wconf 91' lang='lat' dir='ltr'><strong>omnino</strong></span> <span class='ocrx_word' id='word_1_17' title='bbox 809 430 868 471; x_wconf 88' lang='lat' dir='ltr'><strong>ad</strong></span> <span class='ocrx_word' id='word_1_18' title='bbox 910 431 1225 472; x_wconf 80' lang='lat' dir='ltr'>sacerdocium</span> <span class='ocrx_word' id='word_1_19' title='bbox 1268 431 1558 483; x_wconf 69' lang='lat' dir='ltr'><strong>admittatur,</strong></span> <span class='ocrx_word' id='word_1_20' title='bbox 1603 433 1682 487; x_wconf 89' lang='lat' dir='ltr'><strong>qui</strong></span> 
     </span>
     <span class='ocr_line' id='line_1_4' title="bbox 39 483 1682 547; baseline 0.002 -17"><span class='ocrx_word' id='word_1_21' title='bbox 39 502 156 535; x_wconf 55' lang='lat' dir='ltr'><strong>mm.</strong></span> <span class='ocrx_word' id='word_1_22' title='bbox 169 501 264 530; x_wconf 90' lang='lat' dir='ltr'><strong>non</strong></span> <span class='ocrx_word' id='word_1_23' title='bbox 294 487 344 529; x_wconf 91' lang='lat' dir='ltr'><strong>in</strong></span> <span class='ocrx_word' id='word_1_24' title='bbox 376 483 670 544; x_wconf 81' lang='lat' dir='ltr'><strong>*perpetuum</strong></span> <span class='ocrx_word' id='word_1_25' title='bbox 704 490 1040 532; x_wconf 80' lang='lat' dir='ltr'><strong>continentiam</strong></span> <span class='ocrx_word' id='word_1_26' title='bbox 1072 490 1308 545; x_wconf 87' lang='lat' dir='ltr'><strong>vitamque</strong></span> <span class='ocrx_word' id='word_1_27' title='bbox 1351 491 1546 533; x_wconf 80' lang='lat' dir='ltr'><strong>celibem</strong></span> <span class='ocrx_word' id='word_1_28' title='bbox 1584 506 1682 547; x_wconf 88' lang='lat' dir='ltr'><strong>pro-</strong></span> 
     </span>
     <span class='ocr_line' id='line_1_5' title="bbox 169 547 1679 606; baseline 0.003 -17"><span class='ocrx_word' id='word_1_29' title='bbox 169 547 372 590; x_wconf 86' lang='lat' dir='ltr'><strong>fiteatur.</strong></span> <span class='ocrx_word' id='word_1_30' title='bbox 441 548 545 590; x_wconf 91' lang='lat' dir='ltr'><strong>Hoc</strong></span> <span class='ocrx_word' id='word_1_31' title='bbox 590 549 777 591; x_wconf 87' lang='lat' dir='ltr'><strong>decreto</strong></span> <span class='ocrx_word' id='word_1_32' title='bbox 818 563 901 604; x_wconf 89' lang='lat' dir='ltr'><strong>per</strong></span> <span class='ocrx_word' id='word_1_33' title='bbox 941 551 1091 592; x_wconf 90' lang='lat' dir='ltr'><strong>totam</strong></span> <span class='ocrx_word' id='word_1_34' title='bbox 1133 550 1322 592; x_wconf 87' lang='lat' dir='ltr'><strong>Italiam</strong></span> <span class='ocrx_word' id='word_1_35' title='bbox 1370 551 1679 606; x_wconf 88' lang='lat' dir='ltr'><strong>promulgato,</strong></span> 
     </span>
     <span class='ocr_line' id='line_1_6' title="bbox 138 607 1679 664; baseline 0.005 -18"><span class='ocrx_word' id='word_1_36' title='bbox 138 607 353 650; x_wconf 68' lang='lat' dir='ltr'><strong>screbras</strong></span> <span class='ocrx_word' id='word_1_37' title='bbox 393 607 575 651; x_wconf 80' lang='lat' dir='ltr'><strong>litteras</strong></span> <span class='ocrx_word' id='word_1_38' title='bbox 622 609 682 650; x_wconf 90' lang='lat' dir='ltr'><strong>ad</strong></span> <span class='ocrx_word' id='word_1_39' title='bbox 730 609 969 664; x_wconf 88' lang='lat' dir='ltr'><strong>episcopos</strong></span> <span class='ocrx_word' id='word_1_40' title='bbox 1011 608 1271 651; x_wconf 81' lang='lat' dir='ltr'><strong>Galliarum</strong></span> <span class='ocrx_word' id='word_1_41' title='bbox 1316 611 1679 662; x_wconf 79' lang='lat' dir='ltr'><strong>transmittebat,</strong></span> 
     </span>
     <span class='ocr_line' id='line_1_7' title="bbox 169 664 1683 724; baseline 0.003 -16"><span class='ocrx_word' id='word_1_42' title='bbox 169 667 439 723; x_wconf 79' lang='lat' dir='ltr'><strong>precipiens,</strong></span> <span class='ocrx_word' id='word_1_43' title='bbox 482 670 537 709; x_wconf 91' lang='lat' dir='ltr'><strong>ut</strong></span> <span class='ocrx_word' id='word_1_44' title='bbox 576 664 694 723; x_wconf 85' lang='lat' dir='ltr'><strong>ipsib</strong></span> <span class='ocrx_word' id='word_1_45' title='bbox 741 683 923 724; x_wconf 88' lang='lat' dir='ltr'><strong>quoque</strong></span> <span class='ocrx_word' id='word_1_46' title='bbox 963 669 1014 710; x_wconf 92' lang='lat' dir='ltr'><strong>in</strong></span> <span class='ocrx_word' id='word_1_47' title='bbox 1055 670 1149 711; x_wconf 91' lang='lat' dir='ltr'><strong>suis</strong></span> <span class='ocrx_word' id='word_1_48' title='bbox 1191 670 1426 712; x_wconf 81' lang='lat' dir='ltr'><strong>aecclesiis</strong></span> <span class='ocrx_word' id='word_1_49' title='bbox 1468 671 1683 713; x_wconf 89' lang='lat' dir='ltr'><strong>similiter</strong></span> 
     </span>
     <span class='ocr_line' id='line_1_8' title="bbox 168 726 1680 782; baseline 0.003 -14"><span class='ocrx_word' id='word_1_50' title='bbox 168 726 379 770; x_wconf 82' lang='lat' dir='ltr'><strong>facerent</strong></span> <span class='ocrx_word' id='word_1_51' title='bbox 410 729 550 782; x_wconf 90' lang='lat' dir='ltr'><strong>atque</strong></span> <span class='ocrx_word' id='word_1_52' title='bbox 583 743 610 770; x_wconf 89' lang='lat' dir='ltr'><strong>a</strong></span> <span class='ocrx_word' id='word_1_53' title='bbox 636 729 942 771; x_wconf 87' lang='lat' dir='ltr'><strong>contubernio</strong></span> <span class='ocrx_word' id='word_1_54' title='bbox 975 730 1269 772; x_wconf 83' lang='lat' dir='ltr'><strong>sacerdotum</strong></span> <span class='ocrx_word' id='word_1_55' title='bbox 1301 744 1460 772; x_wconf 90' lang='lat' dir='ltr'><strong>omnes</strong></span> <span class='ocrx_word' id='word_1_56' title='bbox 1493 731 1680 773; x_wconf 90' lang='lat' dir='ltr'><strong>omnino</strong></span> 
     </span>
     <span class='ocr_line' id='line_1_9' title="bbox 168 786 1681 843; baseline 0.004 -16"><span class='ocrx_word' id='word_1_57' title='bbox 168 786 366 828; x_wconf 87' lang='lat' dir='ltr'><strong>feminas</strong></span> <span class='ocrx_word' id='word_1_58' title='bbox 397 789 622 843; x_wconf 89' lang='lat' dir='ltr'><strong>perpetuo</strong></span> <span class='ocrx_word' id='word_1_59' title='bbox 649 789 948 831; x_wconf 89' lang='lat' dir='ltr'><strong>anathemate</strong></span> <span class='ocrx_word' id='word_1_60' title='bbox 973 792 1235 831; x_wconf 87' lang='lat' dir='ltr'><strong>resecarent</strong></span> <span class='ocrx_word' id='word_1_61' title='bbox 1250 790 1277 830; x_wconf 76' lang='lat'><strong>¹.</strong></span> <span class='ocrx_word' id='word_1_62' title='bbox 1332 791 1566 832; x_wconf 85' lang='lat' dir='ltr'><strong>Adversus</strong></span> <span class='ocrx_word' id='word_1_63' title='bbox 1593 791 1681 833; x_wconf 89' lang='lat' dir='ltr'><strong>hoc</strong></span> 
     </span>
     <span class='ocr_line' id='line_1_10' title="bbox 169 846 1680 903; baseline 0.003 -15"><span class='ocrx_word' id='word_1_64' title='bbox 169 846 407 889; x_wconf 86' lang='lat' dir='ltr'><strong>decretum</strong></span> <span class='ocrx_word' id='word_1_65' title='bbox 457 847 670 903; x_wconf 85' lang='lat' dir='ltr'><strong>protinus</strong></span> <span class='ocrx_word' id='word_1_66' title='bbox 716 849 1017 891; x_wconf 88' lang='lat' dir='ltr'><strong>vehementer</strong></span> <span class='ocrx_word' id='word_1_67' title='bbox 1061 849 1306 891; x_wconf 79' lang='lat' dir='ltr'><strong>infremuit</strong></span> <span class='ocrx_word' id='word_1_68' title='bbox 1353 852 1480 892; x_wconf 75' lang='lat' dir='ltr'><strong>totae</strong></span> <span class='ocrx_word' id='word_1_69' title='bbox 1535 851 1680 892; x_wconf 84' lang='lat' dir='ltr'><strong>factio</strong></span> 
     </span>
    </p>

    <p class='ocr_par' dir='ltr' id='par_1_3' title="bbox 122 905 1869 1204">
     <span class='ocr_line' id='line_1_11' title="bbox 122 905 1680 964; baseline 0.004 -18"><span class='ocrx_word' id='word_1_70' title='bbox 122 919 156 945; x_wconf 85' lang='lat'><strong>10</strong></span> <span class='ocrx_word' id='word_1_71' title='bbox 170 905 455 958; x_wconf 79' lang='lat' dir='ltr'><strong>clericorum,</strong></span> <span class='ocrx_word' id='word_1_72' title='bbox 489 907 725 950; x_wconf 90' lang='lat' dir='ltr'><strong>hominem</strong></span> <span class='ocrx_word' id='word_1_73' title='bbox 747 908 885 963; x_wconf 89' lang='lat' dir='ltr'><strong>plane</strong></span> <span class='ocrx_word' id='word_1_74' title='bbox 907 908 1166 951; x_wconf 88' lang='lat' dir='ltr'><strong>hereticum</strong></span> <span class='ocrx_word' id='word_1_75' title='bbox 1195 911 1242 951; x_wconf 91' lang='lat' dir='ltr'><strong>et</strong></span> <span class='ocrx_word' id='word_1_76' title='bbox 1263 910 1422 951; x_wconf 85' lang='lat' dir='ltr'><strong>vesani</strong></span> <span class='ocrx_word' id='word_1_77' title='bbox 1449 910 1680 964; x_wconf 85' lang='lat' dir='ltr'><strong>dogmatis</strong></span> 
     </span>
     <span class='ocr_line' id='line_1_12' title="bbox 169 966 1678 1024; baseline 0.003 -17"><span class='ocrx_word' id='word_1_78' title='bbox 169 979 267 1008; x_wconf 88' lang='lat' dir='ltr'><strong>esse</strong></span> <span class='ocrx_word' id='word_1_79' title='bbox 299 966 556 1018; x_wconf 88' lang='lat' dir='ltr'><strong>clamitans,</strong></span> <span class='ocrx_word' id='word_1_80' title='bbox 600 968 680 1022; x_wconf 85' lang='lat' dir='ltr'><strong>qui</strong></span> <span class='ocrx_word' id='word_1_81' title='bbox 720 968 894 1010; x_wconf 87' lang='lat' dir='ltr'><strong>oblitus</strong></span> <span class='ocrx_word' id='word_1_82' title='bbox 936 969 1158 1011; x_wconf 90' lang='lat' dir='ltr'><strong>sermonis</strong></span> <span class='ocrx_word' id='word_1_83' title='bbox 1191 969 1394 1020; x_wconf 86' lang='lat' dir='ltr'><strong>Domini,</strong></span> <span class='ocrx_word' id='word_1_84' title='bbox 1433 966 1552 1024; x_wconf 83' lang='lat' dir='ltr'><strong>quod</strong></span> <span class='ocrx_word' id='word_1_85' title='bbox 1590 970 1678 1012; x_wconf 89' lang='lat' dir='ltr'><strong>ait:</strong></span> 
     </span>
     <span class='ocr_line' id='line_1_13' title="bbox 170 1025 1839 1091; baseline 0.002 -24"><span class='ocrx_word' id='word_1_86' title='bbox 170 1025 274 1067; x_wconf 87' lang='lat' dir='ltr'><strong>Non</strong></span> <span class='ocrx_word' id='word_1_87' title='bbox 314 1039 458 1068; x_wconf 78' lang='lat' dir='ltr'><strong>omnes</strong></span> <span class='ocrx_word' id='word_1_88' title='bbox 496 1025 671 1081; x_wconf 71' lang='lat' dir='ltr'><strong>eaffl&#39;nnt</strong></span> <span class='ocrx_word' id='word_1_89' title='bbox 710 1027 786 1069; x_wconf 76' lang='lat' dir='ltr'><strong>hoc</strong></span> <span class='ocrx_word' id='word_1_90' title='bbox 817 1028 1015 1080; x_wconf 77' lang='lat' dir='ltr'><strong>verbnm;</strong></span> <span class='ocrx_word' id='word_1_91' title='bbox 1055 1027 1129 1081; x_wconf 78' lang='lat' dir='ltr'><strong>qni</strong></span> <span class='ocrx_word' id='word_1_92' title='bbox 1151 1032 1291 1081; x_wconf 74' lang='lat' dir='ltr'><strong>potest</strong></span> <span class='ocrx_word' id='word_1_93' title='bbox 1321 1042 1480 1082; x_wconf 76' lang='lat' dir='ltr'><strong>capere,</strong></span> <span class='ocrx_word' id='word_1_94' title='bbox 1524 1028 1679 1083; x_wconf 72' lang='lat' dir='ltr'><strong>capiat,</strong></span> <span class='ocrx_word' id='word_1_95' title='bbox 1695 1029 1839 1091; x_wconf 47' lang='lat' dir='ltr'><strong>lgsffhff</strong></span> 
     </span>
     <span class='ocr_line' id='line_1_14' title="bbox 168 1085 1869 1142; baseline 0.004 -15"><span class='ocrx_word' id='word_1_96' title='bbox 168 1086 217 1127; x_wconf 88' lang='lat' dir='ltr'><strong>et</strong></span> <span class='ocrx_word' id='word_1_97' title='bbox 248 1085 506 1142; x_wconf 85' lang='lat' dir='ltr'><strong>apostolus:</strong></span> <span class='ocrx_word' id='word_1_98' title='bbox 556 1086 640 1140; x_wconf 75' lang='lat' dir='ltr'><strong>Qui</strong></span> <span class='ocrx_word' id='word_1_99' title='bbox 670 1100 714 1129; x_wconf 79' lang='lat' dir='ltr'><strong>se</strong></span> <span class='ocrx_word' id='word_1_100' title='bbox 745 1101 833 1130; x_wconf 83' lang='lat' dir='ltr'><strong>non</strong></span> <span class='ocrx_word' id='word_1_101' title='bbox 864 1086 1058 1141; x_wconf 77' lang='lat' dir='ltr'><strong>eontinet,</strong></span> <span class='ocrx_word' id='word_1_102' title='bbox 1097 1089 1255 1139; x_wconf 59' lang='lat' dir='ltr'><strong>nubent,-</strong></span> <span class='ocrx_word' id='word_1_103' title='bbox 1295 1087 1447 1131; x_wconf 74' lang='lat' dir='ltr'><strong>melius</strong></span> <span class='ocrx_word' id='word_1_104' title='bbox 1477 1092 1537 1130; x_wconf 77' lang='lat' dir='ltr'><strong>est</strong></span> <span class='ocrx_word' id='word_1_105' title='bbox 1567 1088 1681 1131; x_wconf 74' lang='lat' dir='ltr'><strong>enim</strong></span> <span class='ocrx_word' id='word_1_106' title='bbox 1695 1085 1869 1139; x_wconf 64' lang='lat' dir='ltr'><strong>1,’00r]⁷‚‘9.</strong></span> 
     </span>
     <span class='ocr_line' id='line_1_15' title="bbox 167 1144 1679 1204; baseline 0.003 -17"><span class='ocrx_word' id='word_1_107' title='bbox 167 1144 324 1188; x_wconf 79' lang='lat' dir='ltr'><strong>nubere</strong></span> <span class='ocrx_word' id='word_1_108' title='bbox 354 1158 482 1198; x_wconf 78' lang='lat' dir='ltr'><strong>qnam</strong></span> <span class='ocrx_word' id='word_1_109' title='bbox 512 1145 597 1199; x_wconf 75' lang='lat' dir='ltr'><strong>nri,</strong></span> <span class='ocrx_word' id='word_1_110' title='bbox 630 1147 838 1190; x_wconf 87' lang='lat' dir='ltr'><strong>violenta</strong></span> <span class='ocrx_word' id='word_1_111' title='bbox 859 1147 1100 1190; x_wconf 86' lang='lat' dir='ltr'><strong>exactione</strong></span> <span class='ocrx_word' id='word_1_112' title='bbox 1133 1148 1344 1190; x_wconf 88' lang='lat' dir='ltr'><strong>homines</strong></span> <span class='ocrx_word' id='word_1_113' title='bbox 1366 1148 1518 1191; x_wconf 84' lang='lat' dir='ltr'><strong>vivere</strong></span> <span class='ocrx_word' id='word_1_114' title='bbox 1552 1163 1679 1204; x_wconf 90' lang='lat' dir='ltr'><strong>coge-</strong></span> 
     </span>
    </p>

    <p class='ocr_par' dir='ltr' id='par_1_4' title="bbox 120 1205 1679 1502">
     <span class='ocr_line' id='line_1_16' title="bbox 120 1205 1679 1261; baseline 0.004 -16"><span class='ocrx_word' id='word_1_115' title='bbox 120 1218 154 1244; x_wconf 81' lang='lat'><strong>15</strong></span> <span class='ocrx_word' id='word_1_116' title='bbox 166 1206 239 1247; x_wconf 90' lang='lat' dir='ltr'><strong>ret</strong></span> <span class='ocrx_word' id='word_1_117' title='bbox 270 1205 366 1247; x_wconf 87' lang='lat' dir='ltr'><strong>ritu</strong></span> <span class='ocrx_word' id='word_1_118' title='bbox 397 1206 682 1261; x_wconf 86' lang='lat' dir='ltr'><strong>angelorum,</strong></span> <span class='ocrx_word' id='word_1_119' title='bbox 726 1210 774 1250; x_wconf 90' lang='lat' dir='ltr'><strong>et</strong></span> <span class='ocrx_word' id='word_1_120' title='bbox 806 1207 917 1248; x_wconf 89' lang='lat' dir='ltr'><strong>dum</strong></span> <span class='ocrx_word' id='word_1_121' title='bbox 951 1210 1224 1250; x_wconf 90' lang='lat' dir='ltr'><strong>consuetum</strong></span> <span class='ocrx_word' id='word_1_122' title='bbox 1267 1222 1451 1250; x_wconf 88' lang='lat' dir='ltr'><strong>cursum</strong></span> <span class='ocrx_word' id='word_1_123' title='bbox 1484 1211 1679 1252; x_wconf 89' lang='lat' dir='ltr'><strong>naturae</strong></span> 
     </span>
     <span class='ocr_line' id='line_1_17' title="bbox 166 1266 1676 1320; baseline 0.003 -14"><span class='ocrx_word' id='word_1_124' title='bbox 166 1267 378 1320; x_wconf 83' lang='lat' dir='ltr'><strong>negaret,</strong></span> <span class='ocrx_word' id='word_1_125' title='bbox 431 1266 732 1308; x_wconf 78' lang='lat' dir='ltr'><strong>fornicationi</strong></span> <span class='ocrx_word' id='word_1_126' title='bbox 780 1268 828 1309; x_wconf 88' lang='lat' dir='ltr'><strong>et</strong></span> <span class='ocrx_word' id='word_1_127' title='bbox 879 1267 1193 1309; x_wconf 87' lang='lat' dir='ltr'><strong>inmundiciae</strong></span> <span class='ocrx_word' id='word_1_128' title='bbox 1252 1268 1386 1310; x_wconf 79' lang='lat' dir='ltr'><strong>frena</strong></span> <span class='ocrx_word' id='word_1_129' title='bbox 1447 1268 1676 1320; x_wconf 41' lang='lat' dir='ltr'><strong>laxaret&amp;</strong></span> 
     </span>
     <span class='ocr_line' id='line_1_18' title="bbox 166 1325 1678 1381; baseline 0.003 -15"><span class='ocrx_word' id='word_1_130' title='bbox 166 1325 331 1378; x_wconf 89' lang='lat' dir='ltr'><strong>quodsi</strong></span> <span class='ocrx_word' id='word_1_131' title='bbox 371 1328 585 1381; x_wconf 82' lang='lat' dir='ltr'><strong>pergeret</strong></span> <span class='ocrx_word' id='word_1_132' title='bbox 623 1326 903 1369; x_wconf 89' lang='lat' dir='ltr'><strong>sententiam</strong></span> <span class='ocrx_word' id='word_1_133' title='bbox 937 1327 1221 1378; x_wconf 89' lang='lat' dir='ltr'><strong>confirmare,</strong></span> <span class='ocrx_word' id='word_1_134' title='bbox 1265 1327 1404 1369; x_wconf 89' lang='lat' dir='ltr'><strong>malle</strong></span> <span class='ocrx_word' id='word_1_135' title='bbox 1447 1342 1494 1370; x_wconf 91' lang='lat' dir='ltr'><strong>se</strong></span> <span class='ocrx_word' id='word_1_136' title='bbox 1536 1342 1678 1370; x_wconf 89' lang='lat' dir='ltr'><strong>sacer-</strong></span> 
     </span>
     <span class='ocr_line' id='line_1_19' title="bbox 166 1384 1676 1441; baseline 0.003 -15"><span class='ocrx_word' id='word_1_137' title='bbox 166 1384 350 1426; x_wconf 87' lang='lat' dir='ltr'><strong>docium</strong></span> <span class='ocrx_word' id='word_1_138' title='bbox 383 1399 522 1440; x_wconf 91' lang='lat' dir='ltr'><strong>quam</strong></span> <span class='ocrx_word' id='word_1_139' title='bbox 555 1386 822 1441; x_wconf 87' lang='lat' dir='ltr'><strong>coniugium</strong></span> <span class='ocrx_word' id='word_1_140' title='bbox 856 1387 1079 1438; x_wconf 86' lang='lat' dir='ltr'><strong>deserere,</strong></span> <span class='ocrx_word' id='word_1_141' title='bbox 1114 1389 1162 1429; x_wconf 89' lang='lat' dir='ltr'><strong>et</strong></span> <span class='ocrx_word' id='word_1_142' title='bbox 1193 1389 1306 1429; x_wconf 87' lang='lat' dir='ltr'><strong>tunc</strong></span> <span class='ocrx_word' id='word_1_143' title='bbox 1328 1387 1535 1429; x_wconf 86' lang='lat' dir='ltr'><strong>visurum</strong></span> <span class='ocrx_word' id='word_1_144' title='bbox 1558 1402 1676 1439; x_wconf 90' lang='lat' dir='ltr'><strong>eum,</strong></span> 
     </span>
     <span class='ocr_line' id='line_1_20' title="bbox 166 1444 1678 1502; baseline 0.003 -16"><span class='ocrx_word' id='word_1_145' title='bbox 166 1444 251 1496; x_wconf 67' lang='lat' dir='ltr'><strong>cui⁴</strong></span> <span class='ocrx_word' id='word_1_146' title='bbox 282 1445 492 1488; x_wconf 89' lang='lat' dir='ltr'><strong>homines</strong></span> <span class='ocrx_word' id='word_1_147' title='bbox 533 1446 774 1488; x_wconf 88' lang='lat' dir='ltr'><strong>sorderent</strong></span> <span class='ocrx_word' id='word_1_148' title='bbox 788 1446 816 1497; x_wconf 83' lang='lat'><strong>3,</strong></span> <span class='ocrx_word' id='word_1_149' title='bbox 865 1447 990 1489; x_wconf 90' lang='lat' dir='ltr'><strong>unde</strong></span> <span class='ocrx_word' id='word_1_150' title='bbox 1031 1447 1346 1502; x_wconf 88' lang='lat' dir='ltr'><strong>gubernandis</strong></span> <span class='ocrx_word' id='word_1_151' title='bbox 1387 1461 1470 1502; x_wconf 89' lang='lat' dir='ltr'><strong>per</strong></span> <span class='ocrx_word' id='word_1_152' title='bbox 1510 1447 1678 1490; x_wconf 90' lang='lat' dir='ltr'><strong>aeccle-</strong></span> 
     </span>
    </p>

    <p class='ocr_par' dir='ltr' id='par_1_5' title="bbox 117 1503 1679 1801">
     <span class='ocr_line' id='line_1_21' title="bbox 117 1503 1678 1561; baseline 0.003 -17"><span class='ocrx_word' id='word_1_153' title='bbox 117 1503 280 1546; x_wconf 64' lang='lat' dir='ltr'><strong>eosiam</strong></span> <span class='ocrx_word' id='word_1_154' title='bbox 312 1504 402 1548; x_wconf 89' lang='lat' dir='ltr'><strong>Dei</strong></span> <span class='ocrx_word' id='word_1_155' title='bbox 434 1505 648 1561; x_wconf 89' lang='lat' dir='ltr'><strong>plebibus</strong></span> <span class='ocrx_word' id='word_1_156' title='bbox 691 1506 880 1561; x_wconf 88' lang='lat' dir='ltr'><strong>angelos</strong></span> <span class='ocrx_word' id='word_1_157' title='bbox 919 1509 1270 1561; x_wconf 87' lang='lat' dir='ltr'><strong>comparaturus</strong></span> <span class='ocrx_word' id='word_1_158' title='bbox 1303 1509 1437 1549; x_wconf 85' lang='lat' dir='ltr'><strong>esset.</strong></span> <span class='ocrx_word' id='word_1_159' title='bbox 1501 1507 1678 1549; x_wconf 90' lang='lat' dir='ltr'><strong>Nihilo-</strong></span> 
     </span>
     <span class='ocr_line' id='line_1_22' title="bbox 165 1563 1679 1622; baseline 0.003 -17"><span class='ocrx_word' id='word_1_160' title='bbox 165 1563 318 1606; x_wconf 89' lang='lat' dir='ltr'><strong>minus</strong></span> <span class='ocrx_word' id='word_1_161' title='bbox 363 1565 444 1607; x_wconf 92' lang='lat' dir='ltr'><strong>ille</strong></span> <span class='ocrx_word' id='word_1_162' title='bbox 491 1566 700 1608; x_wconf 87' lang='lat' dir='ltr'><strong>instabat</strong></span> <span class='ocrx_word' id='word_1_163' title='bbox 747 1567 794 1608; x_wconf 87' lang='lat' dir='ltr'><strong>et</strong></span> <span class='ocrx_word' id='word_1_164' title='bbox 841 1566 1038 1608; x_wconf 84' lang='lat' dir='ltr'><strong>assiduis</strong></span> <span class='ocrx_word' id='word_1_165' title='bbox 1079 1566 1394 1622; x_wconf 83' lang='lat' dir='ltr'><strong>legationibus</strong></span> <span class='ocrx_word' id='word_1_166' title='bbox 1441 1567 1679 1622; x_wconf 88' lang='lat' dir='ltr'><strong>episcopos</strong></span> 
     </span>
     <span class='ocr_line' id='line_1_23' title="bbox 167 1625 1678 1681; baseline 0.003 -17"><span class='ocrx_word' id='word_1_167' title='bbox 167 1637 325 1666; x_wconf 88' lang='lat' dir='ltr'><strong>omnes</strong></span> <span class='ocrx_word' id='word_1_168' title='bbox 357 1625 594 1668; x_wconf 88' lang='lat' dir='ltr'><strong>socordiae</strong></span> <span class='ocrx_word' id='word_1_169' title='bbox 626 1639 679 1667; x_wconf 90' lang='lat' dir='ltr'><strong>ac</strong></span> <span class='ocrx_word' id='word_1_170' title='bbox 712 1626 916 1668; x_wconf 87' lang='lat' dir='ltr'><strong>desidiae</strong></span> <span class='ocrx_word' id='word_1_171' title='bbox 949 1626 1188 1681; x_wconf 88' lang='lat' dir='ltr'><strong>arguebat,</strong></span> <span class='ocrx_word' id='word_1_172' title='bbox 1232 1628 1279 1668; x_wconf 89' lang='lat' dir='ltr'><strong>et</strong></span> <span class='ocrx_word' id='word_1_173' title='bbox 1324 1626 1414 1668; x_wconf 91' lang='lat' dir='ltr'><strong>nisi</strong></span> <span class='ocrx_word' id='word_1_174' title='bbox 1454 1627 1582 1668; x_wconf 87' lang='lat' dir='ltr'><strong>ocius</strong></span> <span class='ocrx_word' id='word_1_175' title='bbox 1614 1627 1678 1668; x_wconf 91' lang='lat' dir='ltr'><strong>in-</strong></span> 
     </span>
     <span class='ocr_line' id='line_1_24' title="bbox 166 1682 1678 1740; baseline 0.003 -16"><span class='ocrx_word' id='word_1_176' title='bbox 166 1682 378 1725; x_wconf 88' lang='lat' dir='ltr'><strong>iunctum</strong></span> <span class='ocrx_word' id='word_1_177' title='bbox 411 1685 500 1727; x_wconf 87' lang='lat' dir='ltr'><strong>sibi</strong></span> <span class='ocrx_word' id='word_1_178' title='bbox 531 1685 775 1740; x_wconf 90' lang='lat' dir='ltr'><strong>negocium</strong></span> <span class='ocrx_word' id='word_1_179' title='bbox 799 1688 1181 1740; x_wconf 61' lang='lat' dir='ltr'><strong>exequerenture,</strong></span> <span class='ocrx_word' id='word_1_180' title='bbox 1216 1686 1472 1740; x_wconf 89' lang='lat' dir='ltr'><strong>apostolica</strong></span> <span class='ocrx_word' id='word_1_181' title='bbox 1505 1700 1551 1728; x_wconf 90' lang='lat' dir='ltr'><strong>se</strong></span> <span class='ocrx_word' id='word_1_182' title='bbox 1579 1700 1678 1728; x_wconf 90' lang='lat' dir='ltr'><strong>cen-</strong></span> 
     </span>
     <span class='ocr_line' id='line_1_25' title="bbox 169 1744 1678 1801; baseline 0.002 -17"><span class='ocrx_word' id='word_1_183' title='bbox 169 1756 276 1784; x_wconf 88' lang='lat' dir='ltr'><strong>sura</strong></span> <span class='ocrx_word' id='word_1_184' title='bbox 314 1744 365 1784; x_wconf 90' lang='lat' dir='ltr'><strong>in</strong></span> <span class='ocrx_word' id='word_1_185' title='bbox 406 1758 483 1786; x_wconf 92' lang='lat' dir='ltr'><strong>eos</strong></span> <span class='ocrx_word' id='word_1_186' title='bbox 524 1745 951 1787; x_wconf 84' lang='lat' dir='ltr'><strong>animadversurum</strong></span> <span class='ocrx_word' id='word_1_187' title='bbox 993 1745 1376 1787; x_wconf 88' lang='lat' dir='ltr'><strong>comminabatur.</strong></span> <span class='ocrx_word' id='word_1_188' title='bbox 1442 1746 1678 1801; x_wconf 89' lang='lat' dir='ltr'><strong>Archiepi-</strong></span> 
     </span>
    </p>

    <p class='ocr_par' dir='ltr' id='par_1_6' title="bbox 117 1803 1798 2098">
     <span class='ocr_line' id='line_1_26' title="bbox 117 1803 1678 1860; baseline 0.003 -18"><span class='ocrx_word' id='word_1_189' title='bbox 117 1816 153 1842; x_wconf 77' lang='lat'><strong>25</strong></span> <span class='ocrx_word' id='word_1_190' title='bbox 167 1815 333 1858; x_wconf 90' lang='lat' dir='ltr'><strong>scopus</strong></span> <span class='ocrx_word' id='word_1_191' title='bbox 373 1803 676 1859; x_wconf 88' lang='lat' dir='ltr'><strong>Mogontinus</strong></span> <span class='ocrx_word' id='word_1_192' title='bbox 718 1804 866 1846; x_wconf 90' lang='lat' dir='ltr'><strong>sciens</strong></span> <span class='ocrx_word' id='word_1_193' title='bbox 907 1819 1000 1847; x_wconf 92' lang='lat' dir='ltr'><strong>non</strong></span> <span class='ocrx_word' id='word_1_194' title='bbox 1048 1819 1189 1860; x_wconf 86' lang='lat' dir='ltr'><strong>parvo</strong></span> <span class='ocrx_word' id='word_1_195' title='bbox 1231 1807 1443 1847; x_wconf 88' lang='lat' dir='ltr'><strong>constare</strong></span> <span class='ocrx_word' id='word_1_196' title='bbox 1490 1819 1678 1860; x_wconf 91' lang='lat' dir='ltr'><strong>operam</strong></span> 
     </span>
     <span class='ocr_line' id='line_1_27' title="bbox 166 1862 1677 1919; baseline 0.003 -16"><span class='ocrx_word' id='word_1_197' title='bbox 166 1862 300 1913; x_wconf 89' lang='lat' dir='ltr'><strong>hanc,</strong></span> <span class='ocrx_word' id='word_1_198' title='bbox 334 1864 388 1904; x_wconf 90' lang='lat' dir='ltr'><strong>ut</strong></span> <span class='ocrx_word' id='word_1_199' title='bbox 420 1865 554 1906; x_wconf 89' lang='lat' dir='ltr'><strong>tanto</strong></span> <span class='ocrx_word' id='word_1_200' title='bbox 586 1866 795 1919; x_wconf 89' lang='lat' dir='ltr'><strong>tempore</strong></span> <span class='ocrx_word' id='word_1_201' title='bbox 826 1864 1041 1906; x_wconf 89' lang='lat' dir='ltr'><strong>inolitam</strong></span> <span class='ocrx_word' id='word_1_202' title='bbox 1075 1865 1460 1907; x_wconf 85' lang='lat' dir='ltr'><strong>consuetudinem</strong></span> <span class='ocrx_word' id='word_1_203' title='bbox 1492 1865 1677 1907; x_wconf 85' lang='lat' dir='ltr'><strong>revelle-</strong></span> 
     </span>
     <span class='ocr_line' id='line_1_28' title="bbox 166 1917 1678 1977; baseline 0.001 -13"><span class='ocrx_word' id='word_1_204' title='bbox 166 1917 267 1964; x_wconf 75' lang='lat' dir='ltr'><strong>retf</strong></span> <span class='ocrx_word' id='word_1_205' title='bbox 303 1925 442 1977; x_wconf 89' lang='lat' dir='ltr'><strong>atque</strong></span> <span class='ocrx_word' id='word_1_206' title='bbox 484 1924 543 1965; x_wconf 85' lang='lat' dir='ltr'><strong>ad</strong></span> <span class='ocrx_word' id='word_1_207' title='bbox 584 1924 850 1965; x_wconf 89' lang='lat' dir='ltr'><strong>rudimenta</strong></span> <span class='ocrx_word' id='word_1_208' title='bbox 890 1924 1123 1966; x_wconf 89' lang='lat' dir='ltr'><strong>nascentis</strong></span> <span class='ocrx_word' id='word_1_209' title='bbox 1161 1924 1411 1966; x_wconf 85' lang='lat' dir='ltr'><strong>aecclesiae</strong></span> <span class='ocrx_word' id='word_1_210' title='bbox 1445 1938 1678 1967; x_wconf 88' lang='lat' dir='ltr'><strong>senescen-</strong></span> 
     </span>
     <span class='ocr_line' id='line_1_29' title="bbox 166 1982 1677 2039; baseline 0.002 -16"><span class='ocrx_word' id='word_1_211' title='bbox 166 1983 262 2024; x_wconf 89' lang='lat' dir='ltr'><strong>tem</strong></span> <span class='ocrx_word' id='word_1_212' title='bbox 293 1982 417 2023; x_wconf 68' lang='lat' dir='ltr'><strong>iamg</strong></span> <span class='ocrx_word' id='word_1_213' title='bbox 452 1984 677 2025; x_wconf 90' lang='lat' dir='ltr'><strong>mundum</strong></span> <span class='ocrx_word' id='word_1_214' title='bbox 717 1983 1006 2035; x_wconf 79' lang='lat' dir='ltr'><strong>reformaret,</strong></span> <span class='ocrx_word' id='word_1_215' title='bbox 1049 1984 1333 2039; x_wconf 68' lang='lat' dir='ltr'><strong>moderatius</strong></span> <span class='ocrx_word' id='word_1_216' title='bbox 1371 1984 1540 2039; x_wconf 84' lang='lat' dir='ltr'><strong>agebat</strong></span> <span class='ocrx_word' id='word_1_217' title='bbox 1573 1998 1677 2026; x_wconf 92' lang='lat' dir='ltr'><strong>cum</strong></span> 
     </span>
     <span class='ocr_line' id='line_1_30' title="bbox 167 2041 1798 2098; baseline 0.004 -15"><span class='ocrx_word' id='word_1_218' title='bbox 167 2041 254 2092; x_wconf 86' lang='lat' dir='ltr'><strong>eis;</strong></span> <span class='ocrx_word' id='word_1_219' title='bbox 298 2044 345 2084; x_wconf 89' lang='lat' dir='ltr'><strong>et</strong></span> <span class='ocrx_word' id='word_1_220' title='bbox 386 2043 534 2098; x_wconf 90' lang='lat' dir='ltr'><strong>primo</strong></span> <span class='ocrx_word' id='word_1_221' title='bbox 575 2043 641 2086; x_wconf 88' lang='lat' dir='ltr'><strong>eis</strong></span> <span class='ocrx_word' id='word_1_222' title='bbox 680 2043 730 2084; x_wconf 91' lang='lat' dir='ltr'><strong>in</strong></span> <span class='ocrx_word' id='word_1_223' title='bbox 763 2043 1007 2085; x_wconf 90' lang='lat' dir='ltr'><strong>dimidium</strong></span> <span class='ocrx_word' id='word_1_224' title='bbox 1040 2058 1213 2085; x_wconf 87' lang='lat' dir='ltr'><strong>annum</strong></span> <span class='ocrx_word' id='word_1_225' title='bbox 1245 2042 1457 2086; x_wconf 89' lang='lat' dir='ltr'><strong>inducias</strong></span> <span class='ocrx_word' id='word_1_226' title='bbox 1489 2046 1536 2086; x_wconf 89' lang='lat' dir='ltr'><strong>et</strong></span> <span class='ocrx_word' id='word_1_227' title='bbox 1570 2044 1798 2089; x_wconf 53' lang='lat' dir='ltr'><strong>defi-(Apa)</strong></span> 
     </span>
    </p>

    <p class='ocr_par' dir='ltr' id='par_1_7' title="bbox 119 2101 1677 2278">
     <span class='ocr_line' id='line_1_31' title="bbox 119 2101 1677 2158; baseline 0.003 -16"><span class='ocrx_word' id='word_1_228' title='bbox 119 2101 360 2143; x_wconf 52' lang='lat' dir='ltr'><strong>amandi</strong></span> <span class='ocrx_word' id='word_1_229' title='bbox 402 2103 581 2158; x_wconf 87' lang='lat' dir='ltr'><strong>copiam</strong></span> <span class='ocrx_word' id='word_1_230' title='bbox 614 2103 757 2154; x_wconf 86' lang='lat' dir='ltr'><strong>dedit,</strong></span> <span class='ocrx_word' id='word_1_231' title='bbox 801 2104 994 2145; x_wconf 87' lang='lat' dir='ltr'><strong>hortans</strong></span> <span class='ocrx_word' id='word_1_232' title='bbox 1035 2117 1124 2155; x_wconf 91' lang='lat' dir='ltr'><strong>eos,</strong></span> <span class='ocrx_word' id='word_1_233' title='bbox 1168 2106 1222 2144; x_wconf 89' lang='lat' dir='ltr'><strong>ut</strong></span> <span class='ocrx_word' id='word_1_234' title='bbox 1263 2104 1386 2158; x_wconf 88' lang='lat' dir='ltr'><strong>quod</strong></span> <span class='ocrx_word' id='word_1_235' title='bbox 1419 2104 1677 2146; x_wconf 91' lang='lat' dir='ltr'><strong>necessario</strong></span> 
     </span>
     <span class='ocr_line' id='line_1_32' title="bbox 166 2161 1677 2218; baseline 0.001 -16"><span class='ocrx_word' id='word_1_236' title='bbox 166 2161 433 2204; x_wconf 85' lang='lat' dir='ltr'><strong>faciendum</strong></span> <span class='ocrx_word' id='word_1_237' title='bbox 467 2162 527 2204; x_wconf 86' lang='lat' dir='ltr'><strong>sit</strong></span> <span class='ocrx_word' id='word_1_238' title='bbox 559 2165 724 2218; x_wconf 90' lang='lat' dir='ltr'><strong>sponte</strong></span> <span class='ocrx_word' id='word_1_239' title='bbox 756 2163 936 2205; x_wconf 86' lang='lat' dir='ltr'><strong>faciant</strong></span> <span class='ocrx_word' id='word_1_240' title='bbox 968 2165 1015 2206; x_wconf 89' lang='lat' dir='ltr'><strong>et</strong></span> <span class='ocrx_word' id='word_1_241' title='bbox 1047 2166 1144 2205; x_wconf 88' lang='lat' dir='ltr'><strong>tam</strong></span> <span class='ocrx_word' id='word_1_242' title='bbox 1178 2164 1266 2205; x_wconf 91' lang='lat' dir='ltr'><strong>sibi</strong></span> <span class='ocrx_word' id='word_1_243' title='bbox 1298 2178 1436 2218; x_wconf 87' lang='lat' dir='ltr'><strong>quam</strong></span> <span class='ocrx_word' id='word_1_244' title='bbox 1467 2164 1677 2205; x_wconf 84' lang='lat' dir='ltr'><strong>Romano</strong></span> 
     </span>
     <span class='ocr_line' id='line_1_33' title="bbox 167 2221 1677 2278; baseline 0.001 -15"><span class='ocrx_word' id='word_1_245' title='bbox 167 2221 377 2276; x_wconf 87' lang='lat' dir='ltr'><strong>pontifici</strong></span> <span class='ocrx_word' id='word_1_246' title='bbox 402 2223 726 2265; x_wconf 88' lang='lat' dir='ltr'><strong>necessitatem</strong></span> <span class='ocrx_word' id='word_1_247' title='bbox 749 2223 959 2265; x_wconf 89' lang='lat' dir='ltr'><strong>adimant</strong></span> <span class='ocrx_word' id='word_1_248' title='bbox 986 2223 1163 2278; x_wconf 89' lang='lat' dir='ltr'><strong>aliquid</strong></span> <span class='ocrx_word' id='word_1_249' title='bbox 1194 2224 1244 2264; x_wconf 88' lang='lat' dir='ltr'><strong>in</strong></span> <span class='ocrx_word' id='word_1_250' title='bbox 1267 2237 1355 2270; x_wconf 77' lang='lat' dir='ltr'><strong>eos,</strong></span> <span class='ocrx_word' id='word_1_251' title='bbox 1391 2224 1514 2278; x_wconf 89' lang='lat' dir='ltr'><strong>quod</strong></span> <span class='ocrx_word' id='word_1_252' title='bbox 1547 2237 1677 2266; x_wconf 87' lang='lat' dir='ltr'><strong>secus</strong></span> 
     </span>
    </p>
   </div>
   <div class='ocr_carea' id='block_1_3' title="bbox 165 2324 1677 2396">
    <p class='ocr_par' dir='ltr' id='par_1_8' title="bbox 165 2324 1677 2396">
     <span class='ocr_line' id='line_1_34' title="bbox 165 2324 1677 2394; baseline 0.001 -43"><span class='ocrx_word' id='word_1_253' title='bbox 165 2324 198 2394; x_wconf 53' lang='grc' dir='ltr'><strong>ιζ</strong></span> <span class='ocrx_word' id='word_1_254' title='bbox 214 2328 315 2352; x_wconf 75' lang='lat' dir='ltr'><strong>autem</strong></span> <span class='ocrx_word' id='word_1_255' title='bbox 334 2325 400 2359; x_wconf 66' lang='lat' dir='ltr'><strong>(aui</strong></span> <span class='ocrx_word' id='word_1_256' title='bbox 418 2326 500 2359; x_wconf 83' lang='lat' dir='ltr'><strong>Blb)</strong></span> <span class='ocrx_word' id='word_1_257' title='bbox 519 2326 640 2354; x_wconf 75' lang='lat' dir='ltr'><strong>131.3b.</strong></span> <span class='ocrx_word' id='word_1_258' title='bbox 697 2327 729 2361; x_wconf 90' lang='lat' dir='ltr'><strong>b)</strong></span> <span class='ocrx_word' id='word_1_259' title='bbox 749 2327 790 2360; x_wconf 78' lang='lat' dir='ltr'><strong>ipi</strong></span> <span class='ocrx_word' id='word_1_260' title='bbox 811 2328 890 2354; x_wconf 78' lang='lat'>131⁸.</span> <span class='ocrx_word' id='word_1_261' title='bbox 965 2327 993 2361; x_wconf 82' lang='lat' dir='ltr'><strong>c)</strong></span> <span class='ocrx_word' id='word_1_262' title='bbox 1013 2328 1118 2361; x_wconf 78' lang='lat' dir='ltr'><strong>omnis,</strong></span> <span class='ocrx_word' id='word_1_263' title='bbox 1139 2328 1238 2353; x_wconf 79' lang='lat' dir='ltr'><strong>eadem</strong></span> <span class='ocrx_word' id='word_1_264' title='bbox 1259 2335 1347 2352; x_wconf 73' lang='grc' dir='ltr'><strong>ηιαιιιι</strong></span> <span class='ocrx_word' id='word_1_265' title='bbox 1367 2334 1510 2359; x_wconf 69' lang='lat' dir='ltr'><strong>superscr.</strong></span> <span class='ocrx_word' id='word_1_266' title='bbox 1534 2330 1594 2352; x_wconf 77' lang='lat' dir='ltr'><strong>tota</strong></span> <span class='ocrx_word' id='word_1_267' title='bbox 1614 2327 1677 2352; x_wconf 71' lang='grc' dir='ltr'><strong>ΒΞ.</strong></span> 
     </span>
     <span class='ocr_line' id='line_1_35' title="bbox 166 2359 1382 2396; baseline 0.002 -10"><span class='ocrx_word' id='word_1_268' title='bbox 166 2359 186 2386; x_wconf 82' lang='lat' dir='ltr'><strong>d</strong></span> <span class='ocrx_word' id='word_1_269' title='bbox 217 2361 270 2394; x_wconf 79' lang='lat' dir='ltr'><strong>qui</strong></span> <span class='ocrx_word' id='word_1_270' title='bbox 288 2361 370 2388; x_wconf 65' lang='grc' dir='ltr'><strong>ΒΗ).</strong></span> <span class='ocrx_word' id='word_1_271' title='bbox 454 2362 482 2396; x_wconf 80' lang='lat' dir='ltr'><strong>e)</strong></span> <span class='ocrx_word' id='word_1_272' title='bbox 502 2370 604 2395; x_wconf 80' lang='lat' dir='ltr'><strong>exseq.</strong></span> <span class='ocrx_word' id='word_1_273' title='bbox 624 2363 704 2390; x_wconf 75' lang='lat'>131⁸.</span> <span class='ocrx_word' id='word_1_274' title='bbox 716 2365 743 2390; x_wconf 79' lang='lat'><strong>2.</strong></span> <span class='ocrx_word' id='word_1_275' title='bbox 819 2365 843 2395; x_wconf 82' lang='lat' dir='ltr'><strong>f)</strong></span> <span class='ocrx_word' id='word_1_276' title='bbox 862 2364 1013 2389; x_wconf 80' lang='lat' dir='ltr'><strong>refelleret</strong></span> <span class='ocrx_word' id='word_1_277' title='bbox 1031 2363 1057 2388; x_wconf 88' lang='grc' dir='ltr'><em>Β</em></span> <span class='ocrx_word' id='word_1_278' title='bbox 1070 2364 1097 2389; x_wconf 85' lang='grc'><strong>2.</strong></span> <span class='ocrx_word' id='word_1_279' title='bbox 1172 2363 1204 2396; x_wconf 82' lang='lat' dir='ltr'><strong>g)</strong></span> <span class='ocrx_word' id='word_1_280' title='bbox 1224 2371 1280 2389; x_wconf 87' lang='lat' dir='ltr'><strong>om.</strong></span> <span class='ocrx_word' id='word_1_281' title='bbox 1300 2363 1382 2389; x_wconf 67' lang='lat'><strong>133&#39;1.</strong></span> 
     </span>
    </p>
   </div>
   <div class='ocr_carea' id='block_1_4' title="bbox 118 2445 1678 2966">
    <p class='ocr_par' dir='ltr' id='par_1_9' title="bbox 118 2445 1678 2682">
     <span class='ocr_line' id='line_1_36' title="bbox 118 2445 1678 2491; baseline 0.001 -12"><span class='ocrx_word' id='word_1_282' title='bbox 118 2445 203 2488; x_wconf 78' lang='lat'>351)</span> <span class='ocrx_word' id='word_1_283' title='bbox 229 2445 274 2478; x_wconf 84' lang='lat' dir='ltr'><strong>In</strong></span> <span class='ocrx_word' id='word_1_284' title='bbox 299 2447 405 2480; x_wconf 77' lang='lat' dir='ltr'><strong>unica</strong></span> <span class='ocrx_word' id='word_1_285' title='bbox 430 2447 578 2490; x_wconf 69' lang='lat' dir='ltr'><strong>epistola</strong></span> <span class='ocrx_word' id='word_1_286' title='bbox 607 2447 778 2491; x_wconf 60' lang='lat' dir='ltr'><strong>Gregorii</strong></span> <span class='ocrx_word' id='word_1_287' title='bbox 796 2448 877 2483; x_wconf 88' lang='lat' dir='ltr'><em>VII.</em></span> <span class='ocrx_word' id='word_1_288' title='bbox 904 2448 967 2482; x_wconf 74' lang='lat' dir='ltr'><strong>hoc</strong></span> <span class='ocrx_word' id='word_1_289' title='bbox 992 2458 1088 2481; x_wconf 80' lang='lat' dir='ltr'><strong>anno</strong></span> <span class='ocrx_word' id='word_1_290' title='bbox 1112 2447 1200 2482; x_wconf 71' lang='lat' dir='ltr'><strong>Non.</strong></span> <span class='ocrx_word' id='word_1_291' title='bbox 1222 2448 1277 2482; x_wconf 87' lang='lat'><strong>18.</strong></span> <span class='ocrx_word' id='word_1_292' title='bbox 1305 2448 1392 2481; x_wconf 72' lang='lat' dir='ltr'><strong>alata</strong></span> <span class='ocrx_word' id='word_1_293' title='bbox 1418 2447 1521 2490; x_wconf 62' lang='lat' dir='ltr'><strong>(Ray.</strong></span> <span class='ocrx_word' id='word_1_294' title='bbox 1549 2446 1600 2487; x_wconf 92' lang='lat' dir='ltr'><strong>II,</strong></span> <span class='ocrx_word' id='word_1_295' title='bbox 1619 2447 1678 2488; x_wconf 75' lang='lat'><strong>25,</strong></span> 
     </span>
     <span class='ocr_line' id='line_1_37' title="bbox 167 2492 1678 2540; baseline 0 -14"><span class='ocrx_word' id='word_1_296' title='bbox 167 2492 276 2536; x_wconf 80' lang='lat' dir='ltr'><strong>Jaffe&#39;,</strong></span> <span class='ocrx_word' id='word_1_297' title='bbox 314 2494 406 2529; x_wconf 71' lang='lat' dir='ltr'><strong>Bibl.</strong></span> <span class='ocrx_word' id='word_1_298' title='bbox 443 2494 495 2538; x_wconf 89' lang='grc' dir='ltr'><strong>ΙΙ,</strong></span> <span class='ocrx_word' id='word_1_299' title='bbox 528 2507 566 2540; x_wconf 77' lang='lat' dir='ltr'><strong>p.</strong></span> <span class='ocrx_word' id='word_1_300' title='bbox 592 2497 658 2531; x_wconf 87' lang='grc'><strong>137</strong></span> <span class='ocrx_word' id='word_1_301' title='bbox 682 2498 753 2539; x_wconf 73' lang='lat' dir='ltr'><strong>sq.)</strong></span> <span class='ocrx_word' id='word_1_302' title='bbox 786 2497 836 2529; x_wconf 78' lang='lat' dir='ltr'><strong>ad</strong></span> <span class='ocrx_word' id='word_1_303' title='bbox 871 2497 1056 2529; x_wconf 75' lang='lat' dir='ltr'><strong>Annonem</strong></span> <span class='ocrx_word' id='word_1_304' title='bbox 1092 2495 1202 2528; x_wconf 71' lang='lat' dir='ltr'><strong>lz-mtus</strong></span> <span class='ocrx_word' id='word_1_305' title='bbox 1235 2496 1290 2529; x_wconf 72' lang='lat' dir='ltr'><strong>rei</strong></span> <span class='ocrx_word' id='word_1_306' title='bbox 1324 2496 1450 2528; x_wconf 77' lang='lat' dir='ltr'><strong>mentio</strong></span> <span class='ocrx_word' id='word_1_307' title='bbox 1484 2495 1582 2535; x_wconf 76' lang='lat' dir='ltr'><strong>facta</strong></span> <span class='ocrx_word' id='word_1_308' title='bbox 1617 2498 1678 2535; x_wconf 78' lang='lat' dir='ltr'><strong>est,</strong></span> 
     </span>
     <span class='ocr_line' id='line_1_38' title="bbox 166 2542 1678 2586; baseline 0.002 -13"><span class='ocrx_word' id='word_1_309' title='bbox 166 2550 244 2573; x_wconf 82' lang='lat' dir='ltr'><strong>cum</strong></span> <span class='ocrx_word' id='word_1_310' title='bbox 269 2542 368 2585; x_wconf 76' lang='lat' dir='ltr'><strong>epist.</strong></span> <span class='ocrx_word' id='word_1_311' title='bbox 394 2543 554 2576; x_wconf 73' lang='lat' dir='ltr'><strong>collectas</strong></span> <span class='ocrx_word' id='word_1_312' title='bbox 580 2544 752 2586; x_wconf 64' lang='lat' dir='ltr'><strong>Greyoric·</strong></span> <span class='ocrx_word' id='word_1_313' title='bbox 775 2555 833 2578; x_wconf 80' lang='lat' dir='ltr'><strong>nr.</strong></span> <span class='ocrx_word' id='word_1_314' title='bbox 850 2545 958 2586; x_wconf 84' lang='lat'><em>3—5‚</em></span> <span class='ocrx_word' id='word_1_315' title='bbox 995 2542 1105 2585; x_wconf 73' lang='lat' dir='ltr'><strong>Jaffe‘,</strong></span> <span class='ocrx_word' id='word_1_316' title='bbox 1134 2543 1228 2578; x_wconf 77' lang='lat' dir='ltr'><strong>Bibl.</strong></span> <span class='ocrx_word' id='word_1_317' title='bbox 1255 2543 1307 2585; x_wconf 86' lang='lat' dir='ltr'><strong>II,</strong></span> <span class='ocrx_word' id='word_1_318' title='bbox 1332 2555 1369 2586; x_wconf 75' lang='lat' dir='ltr'><strong>p.</strong></span> <span class='ocrx_word' id='word_1_319' title='bbox 1388 2543 1590 2583; x_wconf 60' lang='lat' dir='ltr'><strong>{ms—526,</strong></span> <span class='ocrx_word' id='word_1_320' title='bbox 1620 2542 1678 2575; x_wconf 78' lang='lat' dir='ltr'><strong>de-</strong></span> 
     </span>
     <span class='ocr_line' id='line_1_39' title="bbox 166 2590 1677 2625; baseline 0.002 -6"><span class='ocrx_word' id='word_1_321' title='bbox 166 2598 264 2620; x_wconf 82' lang='lat' dir='ltr'><strong>mum</strong></span> <span class='ocrx_word' id='word_1_322' title='bbox 289 2599 322 2623; x_wconf 82' lang='lat' dir='ltr'><strong>a.</strong></span> <span class='ocrx_word' id='word_1_323' title='bbox 344 2590 447 2624; x_wconf 84' lang='grc'><strong>1075.</strong></span> <span class='ocrx_word' id='word_1_324' title='bbox 480 2591 585 2623; x_wconf 70' lang='lat' dir='ltr'><strong>datas</strong></span> <span class='ocrx_word' id='word_1_325' title='bbox 616 2601 686 2625; x_wconf 74' lang='lat' dir='ltr'><strong>esse</strong></span> <span class='ocrx_word' id='word_1_326' title='bbox 719 2596 808 2625; x_wconf 75' lang='lat' dir='ltr'><strong>recte</strong></span> <span class='ocrx_word' id='word_1_327' title='bbox 843 2591 1018 2625; x_wconf 75' lang='lat' dir='ltr'><strong>imiieasse</strong></span> <span class='ocrx_word' id='word_1_328' title='bbox 1051 2591 1217 2624; x_wconf 72' lang='lat' dir='ltr'><strong>videntur</strong></span> <span class='ocrx_word' id='word_1_329' title='bbox 1244 2590 1462 2624; x_wconf 64' lang='lat' dir='ltr'><strong>Gleseboecht</strong></span> <span class='ocrx_word' id='word_1_330' title='bbox 1490 2591 1527 2622; x_wconf 75' lang='lat' dir='ltr'><strong>ln</strong></span> <span class='ocrx_word' id='word_1_331' title='bbox 1556 2590 1677 2622; x_wconf 59' lang='lat' dir='ltr'><strong>‘lmin-</strong></span> 
     </span>
     <span class='ocr_line' id='line_1_40' title="bbox 166 2635 1676 2682; baseline 0.001 -15"><span class='ocrx_word' id='word_1_332' title='bbox 166 2635 293 2668; x_wconf 80' lang='lat' dir='ltr'><strong>chener</strong></span> <span class='ocrx_word' id='word_1_333' title='bbox 317 2636 399 2671; x_wconf 73' lang='lat' dir='ltr'><strong>hist.</strong></span> <span class='ocrx_word' id='word_1_334' title='bbox 428 2637 629 2671; x_wconf 74' lang='lat' dir='ltr'><strong>Jahrbuch’</strong></span> <span class='ocrx_word' id='word_1_335' title='bbox 659 2641 761 2674; x_wconf 83' lang='lat'>1866.</span> <span class='ocrx_word' id='word_1_336' title='bbox 784 2640 924 2682; x_wconf 75' lang='lat' dir='ltr'><strong>p.1·25.</strong></span> <span class='ocrx_word' id='word_1_337' title='bbox 951 2642 981 2672; x_wconf 80' lang='lat' dir='ltr'><strong>et</strong></span> <span class='ocrx_word' id='word_1_338' title='bbox 1009 2639 1046 2672; x_wconf 79' lang='lat'><strong>0.</strong></span> <span class='ocrx_word' id='word_1_339' title='bbox 1075 2638 1232 2679; x_wconf 74' lang='lat' dir='ltr'><strong>Meltzer,</strong></span> <span class='ocrx_word' id='word_1_340' title='bbox 1263 2638 1385 2681; x_wconf 65' lang='lat' dir='ltr'><strong>‘Papst</strong></span> <span class='ocrx_word' id='word_1_341' title='bbox 1414 2639 1571 2678; x_wconf 71' lang='lat' dir='ltr'><strong>Greyors</strong></span> <span class='ocrx_word' id='word_1_342' title='bbox 1595 2637 1676 2672; x_wconf 83' lang='lat' dir='ltr'><em>VII.</em></span> 
     </span>
    </p>

    <p class='ocr_par' dir='ltr' id='par_1_10' title="bbox 119 2682 1677 2919">
     <span class='ocr_line' id='line_1_41' title="bbox 119 2682 1677 2731; baseline 0.001 -16"><span class='ocrx_word' id='word_1_343' title='bbox 119 2693 155 2717; x_wconf 74' lang='lat'><strong>40</strong></span> <span class='ocrx_word' id='word_1_344' title='bbox 170 2682 441 2726; x_wconf 72' lang='lat' dir='ltr'><strong>Gesetzqebunq’</strong></span> <span class='ocrx_word' id='word_1_345' title='bbox 475 2685 642 2730; x_wconf 70' lang='lat' dir='ltr'><strong>(Leipziy</strong></span> <span class='ocrx_word' id='word_1_346' title='bbox 670 2687 779 2728; x_wconf 84' lang='grc'><strong>1869)</strong></span> <span class='ocrx_word' id='word_1_347' title='bbox 807 2698 845 2731; x_wconf 79' lang='lat' dir='ltr'><strong>p.</strong></span> <span class='ocrx_word' id='word_1_348' title='bbox 864 2688 910 2722; x_wconf 83' lang='grc'><strong>60</strong></span> <span class='ocrx_word' id='word_1_349' title='bbox 927 2697 1001 2729; x_wconf 77' lang='lat' dir='ltr'><strong>sqq.</strong></span> <span class='ocrx_word' id='word_1_350' title='bbox 1052 2685 1102 2718; x_wconf 76' lang='lat' dir='ltr'><strong>Et</strong></span> <span class='ocrx_word' id='word_1_351' title='bbox 1128 2696 1160 2720; x_wconf 82' lang='lat' dir='ltr'><strong>a.</strong></span> <span class='ocrx_word' id='word_1_352' title='bbox 1182 2687 1287 2721; x_wconf 84' lang='lat'>1075.</span> <span class='ocrx_word' id='word_1_353' title='bbox 1315 2685 1444 2718; x_wconf 76' lang='lat' dir='ltr'><strong>multae</strong></span> <span class='ocrx_word' id='word_1_354' title='bbox 1478 2685 1574 2717; x_wconf 76' lang='lat' dir='ltr'><strong>altae</strong></span> <span class='ocrx_word' id='word_1_355' title='bbox 1603 2687 1677 2728; x_wconf 78' lang='lat' dir='ltr'><strong>epl-</strong></span> 
     </span>
     <span class='ocr_line' id='line_1_42' title="bbox 167 2730 1676 2778; baseline 0.004 -16"><span class='ocrx_word' id='word_1_356' title='bbox 167 2730 277 2763; x_wconf 74' lang='lat' dir='ltr'><strong>stolae</strong></span> <span class='ocrx_word' id='word_1_357' title='bbox 300 2731 342 2763; x_wconf 77' lang='lat' dir='ltr'><strong>de</strong></span> <span class='ocrx_word' id='word_1_358' title='bbox 358 2732 572 2766; x_wconf 74' lang='lat' dir='ltr'><strong>continentia</strong></span> <span class='ocrx_word' id='word_1_359' title='bbox 589 2733 796 2767; x_wconf 66' lang='lat' dir='ltr'><strong>clm-deorum</strong></span> <span class='ocrx_word' id='word_1_360' title='bbox 823 2734 871 2767; x_wconf 78' lang='lat' dir='ltr'><strong>ad</strong></span> <span class='ocrx_word' id='word_1_361' title='bbox 895 2735 1071 2778; x_wconf 69' lang='lat' dir='ltr'><strong>episcopos</strong></span> <span class='ocrx_word' id='word_1_362' title='bbox 1090 2734 1306 2766; x_wconf 75' lang='lat' dir='ltr'><strong>Germaniae</strong></span> <span class='ocrx_word' id='word_1_363' title='bbox 1330 2734 1436 2766; x_wconf 80' lang='lat' dir='ltr'><strong>datae</strong></span> <span class='ocrx_word' id='word_1_364' title='bbox 1457 2736 1551 2767; x_wconf 70' lang='lat' dir='ltr'><strong>semi.</strong></span> <span class='ocrx_word' id='word_1_365' title='bbox 1591 2733 1676 2775; x_wconf 72' lang='lat' dir='ltr'><strong><em>Rey.</em></strong></span> 
     </span>
     <span class='ocr_line' id='line_1_43' title="bbox 167 2777 1677 2825; baseline 0.001 -13"><span class='ocrx_word' id='word_1_366' title='bbox 167 2777 219 2820; x_wconf 87' lang='grc' dir='ltr'><strong>ΙΙ,</strong></span> <span class='ocrx_word' id='word_1_367' title='bbox 240 2779 297 2813; x_wconf 84' lang='lat'><strong>62.</strong></span> <span class='ocrx_word' id='word_1_368' title='bbox 316 2779 372 2813; x_wconf 83' lang='lat'><strong>66.</strong></span> <span class='ocrx_word' id='word_1_369' title='bbox 392 2780 449 2814; x_wconf 84' lang='grc'><strong>67.</strong></span> <span class='ocrx_word' id='word_1_370' title='bbox 467 2781 534 2819; x_wconf 84' lang='grc'><strong>68,·</strong></span> <span class='ocrx_word' id='word_1_371' title='bbox 558 2782 657 2825; x_wconf 74' lang='lat' dir='ltr'><strong>epist.</strong></span> <span class='ocrx_word' id='word_1_372' title='bbox 675 2781 751 2817; x_wconf 81' lang='lat' dir='ltr'><strong>coll.</strong></span> <span class='ocrx_word' id='word_1_373' title='bbox 778 2792 835 2816; x_wconf 79' lang='lat' dir='ltr'><strong>nr.</strong></span> <span class='ocrx_word' id='word_1_374' title='bbox 853 2783 909 2824; x_wconf 85' lang='lat'><strong>10,</strong></span> <span class='ocrx_word' id='word_1_375' title='bbox 939 2781 960 2815; x_wconf 81' lang='grc' dir='ltr'><strong>Ι.</strong></span> <span class='ocrx_word' id='word_1_376' title='bbox 982 2782 1005 2816; x_wconf 84' lang='lat' dir='ltr'><strong>I.</strong></span> <span class='ocrx_word' id='word_1_377' title='bbox 1029 2792 1064 2825; x_wconf 75' lang='lat' dir='ltr'><strong>p.</strong></span> <span class='ocrx_word' id='word_1_378' title='bbox 1085 2781 1154 2815; x_wconf 79' lang='lat'><strong>532</strong></span> <span class='ocrx_word' id='word_1_379' title='bbox 1181 2780 1297 2822; x_wconf 77' lang='lat' dir='ltr'><strong>(falso</strong></span> <span class='ocrx_word' id='word_1_380' title='bbox 1324 2791 1356 2814; x_wconf 74' lang='lat' dir='ltr'><strong>a.</strong></span> <span class='ocrx_word' id='word_1_381' title='bbox 1381 2781 1482 2821; x_wconf 82' lang='lat'>1074,</span> <span class='ocrx_word' id='word_1_382' title='bbox 1504 2780 1584 2815; x_wconf 78' lang='lat' dir='ltr'><strong>Dec.</strong></span> <span class='ocrx_word' id='word_1_383' title='bbox 1612 2781 1677 2813; x_wconf 83' lang='lat' dir='ltr'><strong>ad-</strong></span> 
     </span>
     <span class='ocr_line' id='line_1_44' title="bbox 166 2826 1676 2871; baseline 0.004 -14"><span class='ocrx_word' id='word_1_384' title='bbox 166 2826 303 2870; x_wconf 76' lang='lat' dir='ltr'><strong>scripta</strong></span> <span class='ocrx_word' id='word_1_385' title='bbox 331 2826 368 2859; x_wconf 78' lang='lat' dir='ltr'><strong>in</strong></span> <span class='ocrx_word' id='word_1_386' title='bbox 395 2826 478 2869; x_wconf 68' lang='lat' dir='ltr'><strong>Ray.</strong></span> <span class='ocrx_word' id='word_1_387' title='bbox 502 2833 599 2871; x_wconf 79' lang='lat' dir='ltr'><strong>pont.</strong></span> <span class='ocrx_word' id='word_1_388' title='bbox 626 2829 678 2864; x_wconf 78' lang='lat' dir='ltr'><strong>ed.</strong></span> <span class='ocrx_word' id='word_1_389' title='bbox 698 2831 731 2864; x_wconf 75' lang='lat'><strong>2.</strong></span> <span class='ocrx_word' id='word_1_390' title='bbox 758 2840 815 2864; x_wconf 82' lang='lat' dir='ltr'><strong>nr.</strong></span> <span class='ocrx_word' id='word_1_391' title='bbox 833 2830 958 2871; x_wconf 79' lang='lat'><em>4902).</em></span> <span class='ocrx_word' id='word_1_392' title='bbox 1066 2829 1102 2866; x_wconf 75' lang='lat'><strong>2)</strong></span> <span class='ocrx_word' id='word_1_393' title='bbox 1128 2828 1184 2868; x_wconf 81' lang='lat' dir='ltr'><strong>Cf.</strong></span> <span class='ocrx_word' id='word_1_394' title='bbox 1208 2827 1541 2861; x_wconf 73' lang='lat' dir='ltr'><strong>Pseudo-Udaerici</strong></span> <span class='ocrx_word' id='word_1_395' title='bbox 1564 2829 1676 2871; x_wconf 61' lang='lat' dir='ltr'><strong>epist„</strong></span> 
     </span>
     <span class='ocr_line' id='line_1_45' title="bbox 168 2873 1676 2919; baseline 0.003 -14"><span class='ocrx_word' id='word_1_396' title='bbox 168 2873 247 2907; x_wconf 73' lang='lat' dir='ltr'><strong>Lib.</strong></span> <span class='ocrx_word' id='word_1_397' title='bbox 273 2873 305 2915; x_wconf 90' lang='lat' dir='ltr'><strong>I,</strong></span> <span class='ocrx_word' id='word_1_398' title='bbox 327 2884 366 2916; x_wconf 77' lang='lat' dir='ltr'><strong>p.</strong></span> <span class='ocrx_word' id='word_1_399' title='bbox 384 2875 587 2910; x_wconf 75' lang='lat'><strong>255——260.</strong></span> <span class='ocrx_word' id='word_1_400' title='bbox 685 2877 722 2919; x_wconf 83' lang='lat'><strong>3)</strong></span> <span class='ocrx_word' id='word_1_401' title='bbox 746 2877 802 2918; x_wconf 80' lang='lat' dir='ltr'><strong>Cf.</strong></span> <span class='ocrx_word' id='word_1_402' title='bbox 829 2876 890 2910; x_wconf 84' lang='lat' dir='ltr'><strong>Iob</strong></span> <span class='ocrx_word' id='word_1_403' title='bbox 918 2878 973 2918; x_wconf 83' lang='lat'><strong>18,</strong></span> <span class='ocrx_word' id='word_1_404' title='bbox 992 2878 1034 2910; x_wconf 82' lang='lat'><strong>3:</strong></span> <span class='ocrx_word' id='word_1_405' title='bbox 1066 2874 1187 2919; x_wconf 73' lang='lat' dir='ltr'><strong>Quare</strong></span> <span class='ocrx_word' id='word_1_406' title='bbox 1215 2902 1222 2910; x_wconf 90' lang='lat'><strong><em>.</em></strong></span> <span class='ocrx_word' id='word_1_407' title='bbox 1252 2901 1259 2908; x_wconf 91' lang='lat'><strong>.</strong></span> <span class='ocrx_word' id='word_1_408' title='bbox 1287 2903 1295 2910; x_wconf 91' lang='lat'>.</span> <span class='ocrx_word' id='word_1_409' title='bbox 1322 2874 1527 2908; x_wconf 85' lang='lat' dir='ltr'><strong>sorduimus</strong></span> <span class='ocrx_word' id='word_1_410' title='bbox 1553 2886 1676 2909; x_wconf 80' lang='lat' dir='ltr'><strong>coram</strong></span> 
     </span>
    </p>

    <p class='ocr_par' dir='ltr' id='par_1_11' title="bbox 118 2918 1156 2966">
     <span class='ocr_line' id='line_1_46' title="bbox 118 2918 1156 2966; baseline 0.001 -11"><span class='ocrx_word' id='word_1_411' title='bbox 118 2918 296 2955; x_wconf 74' lang='lat' dir='ltr'><strong>45vobis?</strong></span> <span class='ocrx_word' id='word_1_412' title='bbox 337 2921 414 2956; x_wconf 75' lang='lat' dir='ltr'><strong><em>Liv.</em></strong></span> <span class='ocrx_word' id='word_1_413' title='bbox 442 2922 466 2954; x_wconf 91' lang='grc' dir='ltr'><em>Ι</em></span> <span class='ocrx_word' id='word_1_414' title='bbox 471 2922 509 2963; x_wconf 81' lang='lat' dir='ltr'><strong>V,</strong></span> <span class='ocrx_word' id='word_1_415' title='bbox 527 2924 585 2966; x_wconf 75' lang='lat'><strong>25,</strong></span> <span class='ocrx_word' id='word_1_416' title='bbox 608 2925 670 2958; x_wconf 89' lang='lat' dir='ltr'><strong>ll:</strong></span> <span class='ocrx_word' id='word_1_417' title='bbox 698 2934 735 2957; x_wconf 86' lang='lat' dir='ltr'><strong>se</strong></span> <span class='ocrx_word' id='word_1_418' title='bbox 762 2923 835 2956; x_wconf 83' lang='lat' dir='ltr'><strong>suis</strong></span> <span class='ocrx_word' id='word_1_419' title='bbox 861 2923 971 2957; x_wconf 82' lang='lat' dir='ltr'><strong>etiam</strong></span> <span class='ocrx_word' id='word_1_420' title='bbox 999 2922 1156 2957; x_wconf 79' lang='lat' dir='ltr'><strong>sordere.</strong></span> 
     </span>
    </p>
   </div>
  </div>
 </body>
</html>
