1968 3164
475 235 745 272 LAMPERTI
769 235 1024 272 ANNALES.
1075 236 1122 272 A.
1150 238 1254 273 1063.
1283 238 1387 273 1064.
1640 238 1684 274 91

177 359 252 402 die
292 361 490 415 postero,
534 358 609 400 cui
650 358 774 400 iussa
814 358 936 413 regis
978 361 1283 412 exponerent,
1327 373 1419 400 non
1461 359 1686 400 habentes
1703 363 1805 399 1066.

175 417 467 473 multumque
488 418 575 460 viri
597 417 893 473 prudentiam
916 417 1210 469 admirantes,
1244 418 1422 460 infecta
1453 418 1686 472 legatione

174 477 415 522 redierunt
427 477 456 518 ¹.
508 477 625 518 Tum
657 477 829 519 milites
862 477 973 527 eius,
1007 491 1121 532 quos
1144 491 1197 519 eo
1230 479 1437 532 tempore
1471 479 1517 519 et
1546 491 1686 532 opum

177 537 326 594 gloria
365 539 414 579 et
460 536 702 578 militarisa
754 536 821 578 rei
867 537 1098 578 industria
1145 537 1420 578 clarissimos
1469 536 1684 586 habebat,

146 596 360 640 scollatis
391 596 567 638 viribus
607 598 813 638 montem
855 596 934 650 qui
976 597 1210 651 proximus
1248 596 1429 638 adiacet
1462 598 1686 637 monaste-

175 656 276 699 rio²
296 657 540 711 occupant,
575 655 819 698 castellum
842 651 1111 706 extruuntb,
1146 656 1399 710 presidium
1425 655 1684 710 imponunt,

177 715 329 772 parati
360 715 758 770 archiepiscopum
791 715 848 757 ab
881 715 1183 757 infestatione
1221 715 1489 756 monasterii
1522 714 1687 768 capitis

177 788 359 830 quoque
391 775 462 816 sui
493 774 700 830 periculo
733 788 901 816 arcere.

319 833 580 876 MLXIIII.
646 833 970 876 Causabantur
1016 834 1214 875 Romani
1261 834 1514 888 principes,
1564 833 1687 887 quod
1704 839 1808 874 1064.

130 907 258 936 iorex
289 893 355 936 eis
386 893 662 936 inconsultis
688 893 923 935 Romanae
950 893 1199 935 aecclesiae
1230 893 1495 947 pontificem
1524 892 1687 934 consti-

178 953 367 1004 tuisset,
411 955 458 996 et
499 953 557 995 ob
596 967 696 995 eam
729 953 945 994 iniuriam
979 953 1287 994 defectionem
1321 952 1537 994 meditari
1569 952 1688 993 vide-

179 1012 351 1055 bantur
364 1012 392 1053 3.
446 1012 642 1067 Propter
673 1012 796 1066 quod
829 1012 1006 1067 placuit
1034 1011 1354 1054 Coloniensem
1389 1011 1688 1065 archiepisco-

179 1086 291 1128 pum
322 1071 517 1114 Romam
548 1071 687 1113 mitti.
737 1070 827 1123 Qui
850 1071 1037 1114 veniens
1060 1085 1113 1113 eo
1133 1072 1155 1119 ²,
1191 1086 1294 1113 cum
1328 1071 1456 1112 aliud
1489 1070 1689 1112 turbatis

178 1131 317 1174 rebus
348 1131 555 1173 invenire
588 1145 681 1173 non
713 1133 868 1185 posset
894 1131 1162 1180 remedium,
1196 1130 1420 1172 iudicavit
1442 1129 1689 1172 ordinatio-

133 1205 167 1232 15
179 1204 308 1242 nem,
351 1204 468 1245 quae
500 1190 646 1232 inscio
678 1192 843 1232 senatu
874 1190 1083 1232 Romano
1120 1191 1247 1232 facta
1279 1190 1466 1239 fuisset,
1510 1189 1689 1230 irritam

178 1250 302 1301 fore,
346 1251 394 1292 et
435 1249 500 1292 sic
541 1251 696 1291 amoto
738 1249 977 1292 Parmensi
1019 1250 1256 1304 episcopo,
1300 1263 1382 1304 per
1415 1249 1689 1290 electionem
1703 1259 1862 1291 (atatim)-

0 1353 11 1360 .
181 1323 340 1352 eorum
370 1308 703 1351 Anshelmumc
733 1305 1044 1351 Luccensemd
1072 1309 1338 1363 episcopum
1372 1323 1454 1363 pro
1487 1322 1540 1349 eo
1573 1308 1690 1349 ordi-

51 1368 283 1413 *amanam-i
323 1369 582 1412 constituit.
645 1368 818 1410 Verum
851 1365 950 1410 *ubi
990 1369 1089 1423 ipse
1131 1370 1318 1423 peracta
1361 1368 1593 1422 legatione
1625 1381 1689 1408 re-

7 1426 10 1427 ’
180 1441 364 1484 gressus
415 1430 486 1470 est
535 1428 584 1469 in
632 1427 855 1478 Galliam,
911 1428 1172 1470 Parmensis
1223 1428 1464 1482 episcopus
1513 1429 1690 1468 armata
1706 1430 1810 1464 1063.

132 1486 484 1530 zomultitudine
532 1501 624 1530 non
672 1487 854 1530 modica
900 1484 1212 1530 Luccensem‘l
1264 1487 1529 1542 episcopum
1584 1486 1690 1528 sede

181 1546 437 1602 apostolica
484 1560 565 1602 per
610 1547 702 1588 vim
751 1547 998 1589 deturbare
1047 1561 1289 1601 aggressus
1337 1548 1419 1588 est.
1490 1546 1689 1587 Econtra

180 1606 444 1649 fautoribus
485 1606 612 1648 illius
654 1607 712 1648 ad
745 1621 872 1648 arma
912 1607 1108 1661 impigre
1142 1606 1545 1654 concurrentibus,
1590 1619 1690 1646 con-

181 1665 355 1721 gressio
386 1665 514 1708 facta
546 1668 638 1715 est,
682 1665 910 1720 multique
951 1666 1059 1707 hinc
1103 1668 1150 1707 et
1182 1665 1290 1707 inde
1322 1665 1590 1706 vulneribus
1624 1678 1691 1705 ac-

183 1725 329 1780 ceptis
377 1727 650 1767 corruerunt
665 1725 692 1766 ⁵.
758 1725 832 1766 Sic
881 1725 1132 1779 depravata
1179 1724 1480 1766 ecclesiastici
1527 1723 1691 1776 rigoris

134 1801 171 1828 25
183 1797 395 1834 censura,
429 1784 638 1826 homines
670 1797 764 1826 non
795 1786 849 1825 ut
881 1784 1135 1838 quondam,
1170 1787 1223 1824 ut
1255 1786 1491 1838 preessent
1524 1782 1691 1824 aeccle-

184 1843 278 1886 siae
311 1843 422 1894 Dei,
464 1843 637 1885 iniecta
678 1857 816 1884 manu
850 1843 1169 1893 trahebantur,
1213 1843 1292 1884 sed
1326 1857 1383 1884 ne
1421 1857 1513 1883 non
1547 1855 1691 1896 prees-

0 1951 3 1957 ,
185 1904 310 1953 sent,
353 1904 532 1944 armata
572 1916 713 1944 manu
754 1902 1084 1957 preliabantur,
1134 1902 1486 1956 fundebantque
1530 1904 1691 1942 mutuo

0 1966 6 2005 ,f
186 1961 459 2016 sanguinem
491 1975 584 2004 non
618 1975 699 2016 pro
731 1962 893 2003 ovibus
917 1961 1103 2011 Christi,
1139 1962 1219 2004 sed
1252 1976 1308 2004 ne
1342 1965 1460 2003 nonu
1491 1961 1691 2002 domina-

0 2029 3 2032 ’
186 2015 376 2064 renturs
432 2020 594 2063 ovibus
647 2020 834 2063 Christi.
914 2021 1226 2063 Anshelmusg
1282 2024 1459 2069 tamen,
1515 2021 1593 2075 qui
1646 2022 1692 2061 et
1709 2025 1812 2060 1064.

138 2099 175 2125 ao
188 2074 495 2131 Alexanderh‚
539 2082 586 2122 et
617 2080 791 2123 virtute
832 2080 1033 2122 militum
1068 2083 1115 2123 et
1146 2081 1304 2122 favore
1338 2080 1595 2135 principum
1631 2094 1693 2121 se-

0 640 12 806 ae-xrvv-rwvx-2.

187 2207 216 2240 ι)
236 2207 280 2234 rel
299 2207 361 2233 mil.
383 2207 446 2234 ΒΞ,
521 2207 551 2240 b)
571 2212 728 2234 exstruunt
748 2209 811 2233 Bl.
824 2210 850 2234 2.
925 2208 953 2241 v)
972 2209 1145 2234 Auselnmm
1167 2209 1190 2233 A
1206 2211 1229 2234 1.
1251 2209 1312 2234 ΒΞ.
1395 2207 1426 2240 d)
1449 2209 1610 2233 linceus-cm
1632 2208 1693 2232 132.

187 2243 339 2305 ῗέχῖἴέἂι
350 2246 468 2306 ἓσῗνν.)
487 2244 550 2270 132.
635 2245 658 2278 f)
677 2252 712 2269 ne
733 2242 957 2270 116dena1·entur
976 2245 1002 2269 B
1014 2244 1057 2270 lb.
1142 2251 1170 2277 g)
1192 2245 1348 2270 Ans-:huus
1370 2246 1393 2269 Α
1408 2246 1431 2268 l.
1456 2245 1515 2268 Bz’.
1592 2244 1622 2268 h»
1644 2243 1692 2267 ,xl-

190 2376 226 2419 1)
253 2376 430 2419 Quomodo
454 2385 577 2410 revera
602 2375 644 2409 cle
669 2376 884 2410 monasterio
908 2375 1213 2409 Laureshanaensi
1236 2386 1293 2409 res
1317 2380 1415 2408 actae
1440 2376 1523 2415 sint,
1558 2374 1631 2407 ride
1658 2375 1696 2406 e'n

141 2423 324 2460 semron.
348 2422 600 2466 lauresham„
636 2422 701 2458 SS.
728 2422 836 2466 XXI,
868 2435 906 2467 p.
933 2424 1004 2458 414
1030 2434 1092 2467 sq„
1130 2424 1192 2455 uba·
1226 2423 1366 2456 libellus
1387 2423 1501 2466 paulo
1524 2426 1603 2465 post
1629 2421 1696 2453 has

189 2481 248 2505 res
269 2474 389 2514 aestas
411 2471 623 2515 compositus
646 2471 847 2515 extem-{ptus
871 2475 931 2505 est.
976 2471 1128 2511 (Auctor
1153 2471 1475 2503 Laureshamense‘s
1499 2480 1586 2503 saec.
1607 2468 1695 2502 XII.

189 2518 365 2562 quaedam
388 2529 433 2553 ea·
457 2518 646 2562 Lamperti
668 2518 764 2554 Arm.
789 2522 953 2562 emm-pta
986 2529 1064 2551 cum
1099 2519 1167 2551 illa
1203 2519 1354 2561 cuztiqua-
1380 2518 1592 2550 narratione
1616 2526 1696 2548 con-

192 2566 344 2606 iunxit.)
393 2566 551 2608 Quaenam
576 2565 765 2610 Lamperti
788 2566 994 2599 relationem
1018 2566 1217 2599 aculeatam
1252 2566 1519 2607 commentisque
1543 2574 1696 2596 ‹ea-oma-

191 2616 266 2647 tam
299 2613 401 2647 nullo
434 2614 536 2647 modo
568 2613 782 2647 eonem-dari
810 2623 911 2658 posse
941 2617 1050 2657 patet.
1171 2614 1208 2655 2)
1246 2613 1469 2646 Bou-chelciau
1499 2612 1630 2643 dictum
1660 2611 1694 2642 in

143 2659 327 2696 wChron.
353 2660 590 2696 Lam-enham.
617 2660 640 2695 l.
659 2661 683 2695 l.
706 2672 743 2705 p.
761 2662 844 2702 415,
870 2665 1020 2695 mmatem
1044 2661 1162 2694 saltus
1187 2660 1379 2694 Odeweald
1401 2669 1511 2702 prope
1535 2658 1697 2702 Περμη-

194 2707 286 2742 heim
310 2709 430 2744 situm.
481 2708 536 2750 Cf.
563 2709 659 2743 Ann.
680 2708 948 2751 Weissenbmy„
975 2719 1090 2752 supra
1111 2720 1148 2751 p.
1177 2710 1234 2743 53.
1332 2709 1368 2746 3)
1396 2706 1518 2750 Inepta
1546 2706 1698 2738 blaterat

195 2754 324 2799 Lamp.
366 2754 422 2796 Cf.
439 2766 555 2799 supra
577 2767 614 2799 p.
631 2756 691 2798 81,
718 2767 752 2790 n.
772 2758 805 2791 5.
878 2757 916 2799 4)
943 2755 1056 2789 Immo
1072 2756 1275 2796 iMantuam,
1305 2755 1365 2787 ubi
1388 2754 1510 2787 diebus
1528 2753 1623 2786 Maii
1639 2754 1695 2787 31.

198 2821 239 2826 —
252 2801 334 2838 Iun.
345 2803 379 2837 3.
396 2803 531 2844 synodo
542 2803 715 2836 celebrata
729 2803 947 2837 Anshelmus
958 2804 1191 2845 confirmatus
1203 2807 1252 2836 est
1263 2802 1437 2846 pontifean
1501 2803 1536 2842 5)
1552 2801 1699 2843 Puynas

195 2859 230 2884 a.
251 2849 354 2885 1063.
379 2853 462 2884 ante
485 2850 555 2884 iter
579 2850 744 2884 Annom's
767 2850 900 2884 Romae
925 2851 1042 2893 factas
1066 2851 1152 2884 dicit
1178 2851 1318 2893 Lamp„
1346 2850 1387 2883 (le
1412 2849 1539 2892 quesbus
1565 2850 1696 2882 inem-tu

147 2896 368 2941 &quaedam
396 2898 566 2931 memoria
590 2898 714 2933 temu‘t.
