1968 3164
313 262 443 298 LXVI
809 260 1110 298 PRAEFATIO
1137 260 1176 298 G.
1190 260 1239 300 V.
1253 259 1320 297 VI.

307 387 489 436 partem,
522 383 570 425 in
602 396 686 436 qua
718 383 973 436 Lampertus
1003 381 1245 424 Annalium
1276 379 1647 433 Hersfeldensium
1685 394 1814 423 exem-

307 442 412 495 plar
452 441 691 495 exscripsit,
734 456 784 483 ea
815 440 1071 495 praesertim
1111 441 1359 483 adnotanda
1400 444 1538 493 erant,
1581 453 1687 493 quae
1726 438 1814 493 ipse

315 500 553 543 immutavit
603 501 666 542 vel
716 500 894 542 addidit.
965 501 1024 542 In
1069 514 1119 542 ea
1162 503 1307 553 parte,
1356 512 1462 552 quae
1512 498 1635 552 reqni
1680 498 1814 541 Hein-

315 559 397 602 riei
429 559 530 602 III.
564 564 602 602 et
633 559 835 602 Heinriei
867 560 955 601 IV.
989 573 1125 601 annos
1161 562 1484 601 1056—1069.
1519 557 1811 611 complectitur,

307 619 556 672 plerumque
587 618 692 660 satis
723 618 947 660 habuimus
979 618 1148 660 lectores
1188 619 1247 659 ad
1285 617 1414 659 libros
1453 617 1670 671 releqasse,
1713 630 1843 670 quos⁶

327 678 421 720 VV.
452 677 530 720 Cll.
554 678 609 719 Ε.
631 677 872 728 Steindorff
895 681 932 718 et
969 676 1022 719 G.
1041 677 1193 731 Meyer
1223 690 1304 718 von
1326 677 1521 719 Knonau
1553 677 1602 718 de
1633 675 1814 718 historia

316 737 465 778 horum
505 751 649 790 requm
690 740 1021 789 composuerunt,
1073 736 1224 789 quibus
1255 736 1389 789 plura
1430 736 1638 788 debemus,
1687 747 1814 788 quam

316 795 500 849 sinqulis
531 795 632 838 loeis
663 797 868 837 adnotare
901 799 1150 848 oportunum
1175 794 1406 836 videbatur.
1459 798 1527 837 Ae
1557 794 1814 836 vehementer

317 855 444 908 dole0,
487 855 598 908 quod
636 854 836 896 historiae
868 853 1070 896 Heinriei
1101 853 1188 896 IV.
1224 853 1416 907 primum
1457 857 1620 895 tantum
1660 857 1814 895 tomum

317 929 345 956 a
382 914 563 956 Geroldo
596 914 748 967 Meyer
778 927 859 955 von
885 914 1080 955 Knonau
1111 912 1272 966 eqreqie
1304 912 1583 966 conscriptum
1613 912 1662 954 in
1691 925 1814 954 usum
1828 926 1862 952 10

316 986 465 1015 vocare
487 972 711 1026 potuerim,
746 986 847 1014 nam
868 973 920 1014 ab
943 987 984 1014 a.
1007 976 1131 1025 1069,
1165 985 1244 1024 quo
1276 971 1344 1014 hic
1375 970 1542 1024 desinit,
1575 975 1662 1013 tam
1682 970 1812 1025 fideli,

317 1036 403 1073 tam
433 1046 570 1085 quaro
603 1033 703 1073 duee
736 1031 954 1073 destitutus
985 1030 1099 1073 viam
1130 1030 1436 1084 perdifficilem
1474 1030 1562 1084 ipse
1593 1029 1814 1084 investiqa—

317 1105 405 1132 rem
436 1090 629 1144 oportuit,
654 1090 879 1144 permultis
911 1090 1032 1132 libris
1060 1089 1290 1142 libellisque
1311 1089 1527 1131 adhibitis.
1577 1090 1668 1132 Nee
1687 1088 1815 1141 facile

317 1149 402 1202 fuit
434 1154 570 1200 cautu,
605 1164 657 1192 ne
688 1149 841 1203 minus,
868 1149 1123 1202 praesertim
1144 1163 1196 1191 ne
1218 1147 1354 1190 nimia
1385 1147 1645 1199 afferrentur
1675 1161 1726 1190 ex
1746 1147 1814 1190 his

318 1223 424 1262 quae
455 1208 671 1251 innumeri
701 1209 791 1260 fere
822 1208 907 1249 viri
939 1208 1047 1251 (loeti
1087 1209 1146 1249 ad
1182 1207 1261 1249 has
1301 1221 1369 1249 res
1408 1207 1679 1260 seripserunt,
1722 1221 1814 1249 eum
1829 1221 1862 1248 16

318 1282 403 1310 non
435 1267 779 1310 commentarium
810 1266 1052 1309 Annalium
1074 1266 1295 1319 Lamperti
1325 1265 1504 1308 seribere
1534 1279 1671 1308 meum
1697 1269 1812 1318 esset,

317 1328 391 1368 sed
429 1340 479 1368 ea
519 1331 682 1368 tantum
723 1327 938 1379 adnotare,
981 1340 1087 1378 quae
1125 1330 1199 1366 aut
1229 1327 1288 1367 ad
1316 1325 1618 1378 intelleqendas
1653 1329 1729 1367 aut
1757 1325 1818 1367 ad

319 1385 620 1427 diiudicandus
667 1385 937 1427 narrationes
983 1385 1073 1427 eius
1119 1383 1359 1426 necessaria
1405 1384 1668 1426 videbantur.
1748 1383 1815 1426 Ac

310 1443 557 1498 plerumque
588 1444 724 1486 satius
755 1443 859 1486 duxi
889 1443 1072 1497 reliquos
1098 1443 1235 1495 fontes
1257 1442 1458 1485 historiae
1479 1442 1598 1486 illius
1618 1442 1815 1497 temporis

319 1503 507 1545 attulisse
547 1517 674 1556 quam
715 1517 764 1544 ea
802 1516 908 1555 quae
945 1502 1102 1544 nostris
1133 1502 1385 1555 temporibus
1416 1504 1465 1543 de
1497 1516 1546 1544 ea
1579 1501 1874 1556 conscriptam..

319 1566 454 1604 erant.
524 1562 643 1605 Unde
674 1575 794 1615 spero
825 1562 929 1614 fore,
963 1575 1015 1604 ne
1046 1561 1241 1614 obiurqer
1273 1561 1456 1603 libellum
1488 1563 1696 1614 quendam
1727 1574 1814 1603 non

319 1620 494 1674 novisse,
538 1634 657 1674 quem
698 1635 784 1663 non
825 1620 1049 1673 attulerim,
1092 1634 1183 1662 cum
1215 1620 1448 1672 permultos
1486 1634 1590 1662 sane
1629 1619 1810 1673 leqerim,

318 1693 420 1733 quos
460 1694 512 1722 ne
551 1694 636 1722 uno
677 1679 843 1733 quidem
884 1680 969 1722 loeo
1011 1693 1331 1722 commemorare
1371 1693 1532 1721 neeesse
1571 1678 1708 1721 visum
1739 1682 1812 1720 est.

318 1739 528 1781 Locorum
559 1739 734 1781 nomina
766 1738 972 1780 hodierna
1003 1752 1053 1781 ae
1083 1738 1209 1780 situm
1241 1737 1289 1779 in
1320 1737 1458 1780 indice
1490 1737 1704 1780 adnotavi.
1754 1737 1815 1779 Et

319 1812 411 1840 oum
441 1799 574 1840 multa
604 1798 693 1840 iam
725 1799 774 1840 de
805 1811 991 1840 sermone
1008 1797 1239 1851 Lamperti‚
1273 1798 1323 1839 de
1343 1796 1548 1839 veteribus
1573 1795 1814 1839 auctoribus
1825 1809 1861 1836 25

319 1857 370 1898 ab
411 1871 455 1898 eo
496 1857 611 1899 lectis
650 1857 808 1910 scripta
848 1861 992 1910 essent,
1035 1871 1087 1898 ne
1127 1859 1262 1898 temtus
1301 1855 1369 1897 his
1408 1855 1641 1898 subnotatis
1677 1854 1814 1898 nimia

317 1916 422 1958 mole
462 1916 783 1958 adnotationum
823 1917 1077 1969 obrueretur,
1121 1929 1339 1968 perpauca
1386 1914 1498 1958 clieta
1543 1913 1815 1967 antiquorum

319 1979 535 2016 auctorum
566 1989 594 2016 a
625 1976 852 2028 Lamperto
883 1979 1090 2027 usurpata
1122 1975 1168 2016 in
1200 1974 1311 2016 notis
1343 1973 1478 2025 attuli,
1521 1975 1596 2016 sed
1632 1972 1814 2015 indicem

318 2033 497 2086 subdidi,
532 2047 611 2086 quo
632 2033 919 2075 memorabiles
947 2033 1172 2076 locutiones
1194 2033 1338 2086 eolleqi
1359 2036 1624 2086 comparatas
1645 2046 1738 2075 cum
1757 2031 1815 2073 iis

319 2091 590 2144 antiquorum
621 2096 850 2144 auctorimi,
893 2105 995 2144 quos
1026 2091 1096 2133 ille
1127 2091 1318 2133 imitatus
1348 2105 1435 2133 esse
1465 2091 1695 2144 videbatur,
1738 2090 1814 2132 ali-
1826 2105 1867 2133 30,

319 2151 568 2203 quantulum
608 2150 774 2203 quidem
814 2150 893 2192 hae
932 2150 980 2192 in
1020 2164 1066 2192 re
1105 2150 1277 2192 adiutus
1316 2149 1373 2191 iis
1412 2163 1519 2202 quae
1559 2150 1639 2191 Fr.
1673 2149 1810 2202 Voqel,

318 2209 429 2251 Aeta
468 2209 614 2251 semin.
648 2210 830 2263 Erlanq.
865 2210 935 2262 ΙΙ,
960 2224 1008 2262 p.
1033 2213 1118 2250 405
1140 2222 1241 2262 sqq..
1284 2209 1339 2250 F.
1363 2208 1584 2250 Roolcrohr
1613 2207 1662 2250 in
1694 2206 1813 2250 ‘For-

318 2268 530 2322 sehunqen
546 2282 624 2310 ‚eur
639 2268 879 2310 Deutselten
902 2267 1155 2310 Geselu‘chte’
1176 2267 1276 2309 XX
1285 2268 1332 2320 V,
1347 2282 1394 2321 p.
1415 2270 1497 2308 571
1511 2280 1611 2320 sqq„
1635 2266 1813 2308 MMa-

319 2326 451 2369 nitius
482 2327 530 2369 in
564 2326 635 2369 (Ν.
659 2327 834 2369 Arehiv’
860 2327 978 2380 XII,
1003 2342 1051 2380 p.
1077 2331 1158 2368 371
1183 2340 1270 2380 sqq.
1306 2330 1404 2379 595,
1438 2326 1493 2367 A.
1513 2327 1811 2379 Pannenborq,

321 2385 534 2428 ‘Lambert
572 2400 652 2428 von
684 2386 891 2437 Hersfeld
929 2387 1003 2427 der
1044 2386 1160 2437 Verf.
1195 2387 1265 2427 des
1313 2385 1507 2428 Carmen'
1549 2385 1811 2438 eolleqerunt,
1826 2399 1861 2426 35

315 2446 392 2487 sed
411 2445 546 2498 plura
577 2444 701 2486 utilia
731 2444 820 2486 iam
851 2445 905 2486 F.
930 2445 982 2485 L.
1006 2445 1140 2487 Hesse
1172 2444 1270 2486 olim
1302 2446 1590 2486 adnotaverat.

457 2551 534 2593 VI.
597 2551 672 2593 De
703 2550 1019 2592 Annalibus
1059 2548 1692 2603 Weissenburqensibus.

468 2622 570 2664 Cum
612 2620 832 2664 annalista
871 2621 1283 2674 Weissenbmyeusis
1323 2620 1535 2673 exemplar
1571 2619 1812 2661 Annalium

318 2681 688 2733 Hersfeldensium
732 2683 994 2722 708—984.
1028 2679 1274 2733 proximum
1313 2679 1396 2732 illi,
1439 2692 1518 2731 quo
1559 2679 1812 2731 Lampertus

318 2754 420 2781 usus
451 2744 521 2793 est,
555 2739 821 2793 exscripserit
835 2739 861 2792 ¹,
895 2738 984 2780 eius
1015 2739 1194 2780 annales
1225 2753 1253 2779 a
1285 2738 1413 2780 latere
1434 2751 1576 2779 eorum
1593 2735 1813 2790 Lamperti
1823 2743 1870 2780 40'

322 2854 358 2897 1)
376 2855 432 2896 Cf.
447 2865 561 2897 supra
575 2867 612 2899 p.
628 2861 763 2885 XXXVI
771 2866 842 2898 sqq.
851 2865 864 2894 ‚·
884 2854 933 2889 H.
946 2854 1087 2887 Lorenz
1098 2865 1138 2896 p.
1153 2854 1199 2888 35
1209 2864 1272 2896 sq.‚
1290 2854 1355 2896 qui
1369 2857 1458 2886 recte
1474 2856 1588 2886 mouet
1604 2862 1691 2886 saec.
1708 2852 1811 2887 VIII.

318 2902 386 2936 IX.
414 2903 593 2944 eatemplar
615 2903 710 2938 Ann.
728 2902 1037 2943 Hersfeldensium
1062 2902 1151 2934 satis
1174 2901 1325 2942 fideliter
1350 2901 1577 2943 eoesoriptuin,
1604 2910 1682 2933 cam
1708 2900 1812 2932 etiam
