2014 3184
586 274 750 316 INDEX
773 261 1127 308 LOO‘UTIONUM.
1542 248 1613 284 469

186 421 320 450 rimam
442 433 450 441 .
488 397 698 438 cer-tamnus
733 402 820 439 pro
940 386 1020 421 Liv.
1045 382 1105 425 ΙΙ,
1130 382 1188 423 10,
1213 379 1246 414 7.
1273 384 1356 410 cum
1381 370 1438 406 his
1462 366 1619 414 primam

115 462 292 501 cellam
324 452 491 501 lapidum
514 449 615 484 iaetu
639 445 844 479 sustinuere
893 431 1047 480 periculi
1080 424 1352 475 procellam
1387 447 1396 456 .
1429 446 1437 454 .
1472 442 1480 451 .
1515 412 1621 449 susti-

118 514 178 557 95,
191 521 206 547 1
246 527 289 534 -—
306 515 371 540 m
393 499 553 547 primam
573 492 681 540 prelu
705 485 846 535 procel·
896 481 997 523 nuit3
1031 475 1182 517 XLIII,
1210 475 1244 510 9.
1273 480 1320 504 ne
1345 466 1524 502 sustinere
1548 459 1622 506 pri-

116 561 195 596 }am
228 552 447 591 sustinentes
474 546 555 588 116,
567 553 615 579 so.
646 558 688 566 -
720 534 848 572 Prima

120 601 331 644 certaminis
363 593 527 644 procella
558 590 681 625 hastas
706 586 743 620 et
772 582 850 617 lan·

122 664 205 691 osas
229 643 457 691 consumpsit
479 641 563 683 219,
578 647 622 674 15.

172 697 272 747 quod
302 706 341 731 se
365 693 501 728 frustra
530 687 569 721 in
593 683 713 718 tantas
737 675 852 713 bello-

124 760 210 786 rum
226 741 464 792 proeellas
485 730 717 780 impulissent
734 727 815 767 179,
827 734 855 759 1.

128 817 174 824 -
207 793 321 831 tantis
356 786 518 831 undique
554 779 736 816 bellorum
772 781 856 818 pro-

130 843 232 882 cenis
255 836 380 876 iactati
395 836 479 878 222,
490 843 536 868 so.
556 849 599 854 —
616 823 728 861 tantis
752 818 858 855 undi-

132 903 203 940 que
220 885 483 926 adversitatum
498 873 669 924 procellis
685 870 861 906 iactatum

130 940 276 984 waso.

183 987 326 1022 statura
363 982 622 1026 procerus,
658 966 765 1002 vultu
802 962 864 997 de-

136 1044 245 1072 eorus
277 1031 361 1073 243,
382 1037 411 1064 5.
438 1044 481 1050 -
515 1019 670 1056 venusto
704 1012 866 1058 aspectu,

138 1085 280 1120 statura
300 1083 476 1124 procerus
501 1070 584 1112 351,
598 1077 644 1103 ιο.
669 1063 752 1106 352,
766 1071 812 1096 ιο.

896 539 996 610 mai?
1012 523 1212 571 procellam
1229 514 1431 562 eruptionis
1453 540 1460 548 .
1481 539 1488 548 .
1508 538 1516 547 .
1539 518 1623 554 pos·

898 587 963 612 sen
982 602 990 610 .

962 957 1064 990 Deut.
1092 954 1125 995 1,
1149 950 1207 986 28.
1234 943 1338 980 nobis
1364 942 1504 975 statura
1531 945 1641 981 pro-

916 1003 1098 1045 cerior3
1122 998 1170 1041 cf.
1189 990 1446 1035 Num.13‚33;
1470 988 1505 1022 2.
1523 982 1641 1018 Mach.

917 1056 951 1098 6,
972 1054 1028 1088 10.
1054 1046 1160 1082 vultu
1186 1043 1360 1081 decorum
1398 1036 1483 1070 Gen.
1509 1033 1567 1075 29,
1587 1031 1643 1066 17.

918 1099 1072 1136 venusto
1102 1093 1263 1138 aspectu.

969 1146 1071 1190 Sulp.
1107 1143 1182 1177 Sev.
1217 1136 1318 1172 Dial.
1354 1131 1432 1172 III,
1462 1130 1495 1165 4.
1530 1134 1647 1171 paene

923 1203 1068 1239 semper
1091 1190 1130 1225 in
1156 1182 1390 1231 expeditione
1415 1179 1523 1220 atque
1548 1182 1648 1218 pro-

925 1243 1091 1280 cinctu
1123 1235 1306 1272 bellorum
1331 1226 1492 1263 civilium
1519 1218 1651 1256 consti=

925 1294 1038 1327 tutus.

190 1187 230 1212 se
265 1201 274 1210 .
300 1198 310 1209 .
336 1196 347 1208 .
380 1169 440 1205 die
474 1176 517 1201 ac
549 1163 658 1198 nocte
689 1157 729 1192 in
761 1163 871 1200 pro-

144 1226 315 1263 einetu
339 1221 450 1262 atque
474 1214 514 1249 in
538 1210 614 1246 acie
635 1209 734 1243 stare
752 1204 873 1244 151,5.

149 1294 192 1301 —-
206 1272 237 1307 si
251 1270 292 1306 in
303 1265 497 1314 procinctu
507 1255 726 1306 perstitisset
739 1252 820 1294 181,
829 1258 873 1284 15.

148 1321 238 1357 dum
270 1317 311 1353 in
343 1312 455 1350 armis
489 1311 526 1344 et
558 1302 751 1352 procinctu
782 1297 878 1333 esset

149 1370 221 1407 265
245 1377 292 1404 so.

199 1394 343 1452 Indicio
359 1409 446 1444 sunt
469 1404 574 1450 signa
597 1401 636 1435 et
658 1390 880 1443 prodigia

153 1466 212 1510 73,
226 1474 271 1500 10.
307 1478 350 1486 -
383 1453 583 1491 Testantur
614 1447 686 1482 hoc
715 1443 820 1488 signa
844 1439 882 1473 et

153 1507 326 1559 prodigia
347 1506 431 1548 242,
444 1513 490 1538 20.
521 1518 570 1524 —-
598 1492 733 1531 indicio
757 1492 884 1524 tamen

157 1559 280 1596 essent
302 1556 360 1590 tot
383 1562 427 1587 ae
442 1550 547 1584 tanta
561 1540 740 1580 miracula
763 1537 884 1578 336‚1.

206 1606 334 1650 lingua
369 1595 624 1646 promptus
661 1591 700 1624 et
736 1582 886 1621 consilio

161 1657 220 1697 99,
235 1664 279 1690 10.
315 1669 360 1676 —-
390 1647 518 1691 lingua
540 1639 734 1686 promptus
763 1634 847 1675 243,
860 1640 888 1666 5.

165 1723 207 1729 —-
227 1696 380 1736 oonsilio
405 1704 448 1729 ae
470 1700 582 1726 manu
596 1679 891 1732 promptissimos

162 1751 247 1792 270,
261 1758 307 1784 so.

979 1386 1054 1420 Act.
1074 1384 1107 1424 5,
1124 1381 1179 1416 12.
1203 1374 1342 1411 fiebant
1366 1370 1470 1414 signa
1495 1367 1531 1400 et
1555 1373 1656 1408 pro-

932 1432 1087 1480 digia,
1113 1432 1171 1462 etc.
1197 1433 1300 1467 saepe
1323 1422 1363 1454 in
1386 1417 1492 1459 Vulq.

986 1575 1076 1612 Sall.
1094 1573 1174 1614 qu.
1192 1569 1250 1604 44.
1276 1564 1402 1608 lingua
1419 1568 1529 1603 quam
1553 1562 1664 1588 manu

938 1618 1228 1672 promptior.
1263 1633 1305 1639 ·—-
1341 1611 1419 1645 Liv.
1446 1605 1519 1647 ΙΙΙ,
1548 1603 1604 1643 11,
1632 1602 1665 1634 6.

940 1682 1050 1709 nemo
1063 1679 1138 1704 non
1150 1666 1287 1708 lingua,
1303 1669 1378 1694 non
1396 1663 1506 1689 manu
1519 1657 1666 1695 promp-

941 1722 1026 1757 tior.
1055 1737 1097 1743 —-
1124 1713 1254 1749 lustin.
1278 1704 1428 1747 XXIII,
1447 1703 1481 1744 4,
1503 1700 1558 1734 11.
1584 1706 1667 1730 eon-

945 1768 1025 1804 silio
1051 1765 1200 1800 cautum
1235 1759 1272 1793 et
1304 1763 1416 1789 manu
1446 1746 1668 1794 promptum.

948 1837 992 1843 --
1019 1812 1107 1849 Sall.
1135 1810 1213 1844 Cat.
1239 1807 1297 1842 43.
1333 1805 1362 1836 et
1389 1800 1468 1840 qu.
1493 1797 1526 1831 7.
1560 1800 1672 1826 manu

947 1862 1152 1910 promptus.

1001 1911 1087 1944 Gen.
1105 1908 1163 1947 43,
1180 1904 1239 1940 26.
1265 1892 1511 1934 adoraverunt
1534 1882 1676 1933 proni

951 1960 988 1994 in
1020 1959 1178 1997 terram3
1212 1950 1259 1992 cf.
1297 1947 1383 1980 Gen.
1411 1943 1466 1983 19,
1496 1940 1526 1974 1.
1560 1936 1617 1975 33,
1643 1933 1676 1966 4.

954 2009 1014 2050 50,
1033 2006 1089 2047 18,
1115 2005 1173 2036 etc.

219 1940 263 1974 ut
289 1964 298 1973 .
317 1964 325 1972 .
344 1962 352 1970 .
379 1927 616 1977 apostolicam
642 1917 900 1957 auctoritatem

173 1989 213 2024 in
238 1995 282 2021 eo
305 1978 449 2029 proni
479 1976 518 2011 in
541 1977 680 2008 terram
704 1964 903 2002 adorarent

177 2037 291 2078 64,15.
317 2050 359 2056 —-
383 2026 466 2062 Rex
491 2022 525 2059 ei
548 2028 687 2067 pronus
710 2015 750 2050 in
766 2017 903 2048 terram

178 2080 314 2130 gratias
337 2075 414 2123 agit
437 2073 520 2115 217,
533 2080 579 2106 25.

227 2127 282 2164 illi
330 2132 476 2168 semper
519 2113 726 2164 periculum
771 2107 908 2143 virtute
1007 2099 1096 2135 Sall.
1116 2096 1192 2130 Cat.
1211 2094 1245 2129 6.
1270 2085 1431 2135 pericula
1447 2080 1582 2116 virtute
1600 2084 1683 2120 pro-

181 2170 533 2224 propulsantes
574 2165 633 2206 78,
656 2170 700 2196 15.
743 2177 788 2183 —
834 2164 910 2188 non
959 2146 1140 2196 pulerant.
1170 2162 1211 2168 -
1239 2138 1369 2173 lustin.
1396 2126 1576 2166 XXXIV,
1595 2126 1628 2162 1,
1651 2123 1685 2156 2.

183 2229 262 2261 tam
284 2217 491 2268 periculum
506 2206 772 2259 propulsabant
796 2203 910 2244 94,15.
961 2194 1124 2243 pericula
1157 2186 1294 2224 mutuis
1319 2181 1456 2218 viribus
1490 2183 1608 2221 prop
1621 2168 1687 2203 ul-

188 2293 230 2321 -÷
257 2266 464 2317 periculum
491 2290 498 2299 .
526 2289 535 2298 .
564 2256 674 2294 armis
698 2250 914 2300 propulsare
964 2246 1084 2281 sant.

190 2322 271 2363 179,
292 2327 339 2354 20.
386 2333 431 2340 —
473 2319 557 2346 cum
603 2314 672 2340 nee
711 2297 916 2347 periculum

188 2377 302 2404 manu
313 2359 528 2410 propulsare
546 2384 554 2392 .
570 2383 577 2391 .
593 2382 600 2390 .
618 2350 768 2398 possent
778 2348 861 2390 231,
872 2353 916 2381 ³5.

195 2436 237 2442 —-
255 2409 460 2460 periculum
478 2434 486 2442 .
502 2434 509 2441 .
527 2433 534 2440 .
550 2399 765 2448 propulsare
783 2395 918 2437 323,10.

196 2483 239 2490 -
256 2457 511 2542 pensslumssi
523 2480 531 2488 .
548 2445 787 2496 propulsabat
803 2441 919 2523 3465„

198 2520 298 2544 -ει
380 2514 454 2540 ami
510 2496 923 2537 em...quanoque

197 2553 454 2642 ffiffiffiff
480 2549 562 2633 .1⁶.4’.
574 2536 926 2637 Zrssssri‘ssmffirib’ug

201 2650 416 2699 propulsare
441 2642 660 2680 conarentur
685 2638 742 2680 95,
757 2645 802 2670 30.

252 2701 294 2734 ut
317 2693 466 2732 iniurias
492 2716 501 2726 .
521 2718 528 2726 .
549 2714 558 2724 .
582 2678 932 2732 propulsarent

209 2749 349 2791 161,15.
375 2762 420 2767 —-
446 2738 494 2774 ad
520 2765 528 2774 .
548 2763 555 2772 .
575 2763 583 2772 .
609 2730 760 2768 iniurias
787 2756 794 2763 .
815 2755 822 2762 .
848 2733 932 2769 pro-

207 2789 406 2841 pulsandas
432 2788 568 2828 177,20.
588 2801 631 2807 —
655 2776 805 2814 iniurias
822 2780 935 2807 manu

210 2838 425 2888 propulsare
449 2829 680 2876 temptabant
703 2826 787 2867 260,
802 2831 846 2857 15.

259 2888 340 2924 Deo
353 2883 400 2920 ad
416 2881 571 2917 salutem
588 2867 852 2917 archiepiscopi
868 2865 938 2900 hoo

213 2938 334 2983 ipsum
358 2924 643 2967 misericorditer
670 2915 939 2966 providente
