2014 3184
355 207 427 242 430

841 204 1004 240 INDEX
1028 204 1378 241 LOOUTIONUM.

355 322 542 367 supposita
567 321 645 356 face
670 321 708 356 in
726 322 835 357 onine
853 321 950 367 quod
967 321 1080 357 libue-
1130 324 1166 366 I,
1191 326 1222 368 1,
1242 325 1299 360 48.
1330 325 1372 358 ut
1395 323 1557 358 animum
1583 323 1704 358 decuit
1729 333 1855 370 aeg-ro-

354 373 412 404 rat
445 369 722 404 inflammabant
750 371 832 413 270,
847 381 891 405 30.
920 390 961 394 —-
988 371 1080 403 tam-

355 428 465 460 quam
492 416 687 461 suppositis
711 416 850 451 facibus
875 418 956 461 325,
972 428 1016 453 30.

403 463 566 498 Territus
600 475 665 498 rex
693 463 838 498 insolita
861 475 986 498 rerum
1011 463 1081 498 fa-

355 511 428 545 cie
454 514 535 555 300,
554 522 581 546 5.

402 557 524 592 omnia
559 586 566 594 .
594 585 602 594 .
630 586 637 594 .
669 559 746 592 tam
779 557 949 592 facilia
981 557 1081 592 factu

356 616 466 649 quam
503 604 603 639 dictu
638 605 818 650 putabant
857 607 937 650 187,
951 616 996 641 20.
1035 626 1080 630 -

354 663 422 687 nec
455 652 555 686 factu
589 651 694 686 facile
721 680 728 687 .
757 680 764 688 .
792 680 800 688 .
827 652 893 686 sibi
927 653 1082 697 putabat

356 702 478 744 322,1.

402 747 517 780 multa
542 747 580 781 et
603 747 768 791 preclara
785 746 952 780 militaris
970 746 1080 780 auda-

354 794 432 829 ciae
470 793 696 828 facinora
733 793 899 828 fecerunt
941 795 1020 838 170,
1034 804 1079 829 25.

355 861 399 866 -—
441 841 502 875 ille
543 841 659 875 multa
698 841 865 875 militaris
907 840 1080 875 audaciae

354 888 518 922 facinora
543 890 670 922 contra
696 887 853 922 faciebat
878 890 960 931 253,
976 899 1019 923 10.

403 934 547 969 Placuit
580 935 704 979 itaque
738 935 906 970 omnibus
938 935 1080 980 insigne

353 982 423 1016 hoc
448 982 639 1016 facinus
664 982 797 1028 insigni
818 982 940 1026 aliquo
959 993 1079 1017 exem-

354 1030 417 1074 plo
442 1029 619 1064 vindicari
643 1031 760 1073 87,10.
787 1051 828 1055 —
855 1031 996 1064 tantam
1015 1058 1022 1065 .
1043 1057 1050 1065 .
1070 1057 1078 1065 .

354 1077 614 1111 contumeliam
654 1105 661 1112 .
695 1104 702 1112 .
737 1105 745 1113 .
783 1076 916 1122 insigni
957 1076 1079 1121 aliquo

355 1123 516 1158 facinore
558 1124 739 1168 expiaturi
777 1126 897 1159 essent
939 1126 1078 1168 110,1⁵.

356 1191 398 1196 —
426 1171 525 1215 quod
552 1200 559 1207 .
588 1199 595 1207 .
623 1199 631 1207 .
658 1182 761 1206 suam
796 1182 940 1215 quoque
970 1170 1079 1206 devo-

354 1218 496 1252 cionem
521 1218 654 1264 insigni
671 1219 793 1262 aliquo
818 1218 980 1253 facinore
1001 1218 1081 1264 regi

354 1265 559 1311 gratificare
596 1266 732 1301 vellent
770 1267 890 1310 186,1.
932 1286 974 1290 —
1012 1276 1080 1300 nec

354 1313 422 1347 sibi
446 1313 570 1358 magni
595 1313 807 1356 cuiusquam
834 1315 943 1357 atque
970 1312 1079 1347 inusi-

353 1360 421 1393 tati
446 1359 614 1394 facinoris
639 1360 891 1394 necessitatem
917 1360 1079 1403 impone-

353 1409 410 1441 ret
429 1409 508 1450 152⁷
519 1418 547 1443 5.
567 1427 609 1431 ——
629 1418 718 1451 quos
734 1407 830 1452 regis
846 1407 1080 1441 inclementia

355 1481 363 1490 .
383 1482 390 1489 .
411 1482 418 1489 .
437 1453 483 1488 ad
501 1453 709 1488 audendum
726 1453 796 1488 hoc
821 1454 968 1488 inmane
992 1452 1079 1488 faci-

353 1512 422 1535 nus
457 1501 633 1546 coegisset
666 1502 747 1544 235,
761 1511 806 1536 25.
838 1521 879 1526 —
917 1500 962 1535 de
999 1529 1005 1536 .
1034 1526 1042 1535 .
1070 1528 1079 1536 .

355 1559 451 1582 novo
475 1548 546 1582 hoc
573 1550 610 1582 et
636 1576 643 1583 .
663 1576 670 1583 .
691 1577 699 1584 .
725 1547 889 1582 inaudito
918 1547 1080 1582 facinore

353 1597 435 1648 236,
449 1606 494 1631 25.
515 1616 556 1619 —
576 1596 615 1629 in
639 1597 800 1630 mentem
825 1595 997 1629 veniebat
1014 1623 1022 1631 .
1043 1623 1050 1631 .
1070 1623 1078 1630 .
1103 1624 1105 1632 ,

353 1642 494 1687 insigne
503 1642 781 1687 preclarumque
791 1641 931 1676 facinus
943 1644 1023 1686 187,
1033 1653 1078 1678 2ο.

352 1709 400 1714 —-
416 1690 517 1724 nullo
535 1689 667 1735 insigni
683 1689 844 1724 facinore
868 1691 1078 1734 perpetrato

355 1738 434 1780 198,
447 1748 492 1773 20.
514 1757 556 1761 ——
574 1736 743 1771 Perlatus
760 1736 807 1771 ad
825 1737 1007 1781 principes
1021 1764 1029 1772 .
1045 1764 1053 1772 .
1069 1765 1077 1772 .

353 1795 480 1818 rumor
506 1784 652 1818 admissi
677 1783 847 1818 facinoris
874 1785 954 1828 184,
969 1795 1012 1820 30.
1034 1804 1076 1809 —

354 1841 501 1866 omnem
519 1831 666 1865 admissi
682 1831 851 1865 facinoris
865 1830 1077 1865 satisfactio-

352 1889 437 1912 nem
465 1906 472 1914 .
500 1905 508 1914 .
536 1906 543 1914 .
569 1878 791 1922 promittunt
816 1880 957 1921 230,15.

401 1927 442 1959 ut
478 1924 496 1958 f
503 1937 570 1958 am
582 1936 603 1959 a
635 1925 823 1971 vulgacior
859 1925 1079 1969 loquebatur

354 1973 410 2015 76,
425 1982 469 2007 25.
496 1992 542 1996 -
567 1974 609 2006 ut
642 1972 740 2006 fama
763 1972 950 2017 vulgacior
978 1974 1077 2016 post-

352 2018 503 2052 modum
528 2019 747 2062 loquebatur
765 2021 844 2063 147,
858 2030 902 2054 20.
923 2039 966 2044 -—
985 2019 1078 2053 sicut

352 2065 501 2110 vulgata
525 2065 564 2099 in
580 2065 757 2109 plurimos
782 2065 878 2099 fama
904 2066 1078 2109 loqueba-

351 2114 413 2146 tur
437 2114 518 2156 237,
538 2122 581 2147 15.

400 2204 541 2240 Fama
574 2208 650 2240 tam
684 2205 816 2240 atrocis
850 2205 936 2240 facti
960 2207 1077 2239 totam

354 2253 438 2288 ilico
463 2252 619 2297 replevit
644 2253 773 2288 urbem
797 2255 921 2297 253,1.

400 2487 548 2522 tametsi
571 2487 644 2521 iam
668 2486 811 2531 pridem
835 2486 1005 2531 frequens
1031 2486 1078 2520 ad

353 2545 438 2568 eum
474 2534 597 2568 fama
638 2534 828 2569 detulisset
863 2537 950 2578 302,
969 2544 996 2569 5.
1031 2554 1077 2558 —

352 2581 473 2626 rebus,
505 2592 594 2625 quas
632 2581 678 2615 ad
712 2592 795 2615 eum
829 2581 902 2615 iam
934 2580 1078 2625 pridem

353 2627 451 2662 fama.
469 2627 650 2662 detulerat
675 2630 794 2672 303,1.
812 2648 858 2653 —
882 2627 927 2662 de
947 2628 1077 2671 quibus

352 2675 462 2709 rebus
495 2675 568 2709 iam
601 2674 745 2719 pridem
782 2674 828 2709 ad
862 2686 946 2709 eum
980 2673 1078 2708 fama

352 2721 535 2756 detulerat
558 2724 639 2765 311,
655 2733 680 2757 1.

400 2769 560 2812 primum
585 2768 723 2813 gratiae
749 2770 786 2802 et
810 2767 1076 2802 familiari—

348 2815 473 2849 tatis
522 2815 676 2860 gradum
725 2815 884 2850 obtinuit
923 2816 1010 2859 242,
1030 2826 1074 2851 30.

1129 372 1220 406 tum.

1178 465 1266 498 Sall.
1298 466 1378 509 qu.
1407 466 1464 502 49.
1503 464 1645 504 dubius,
1680 463 1855 509 quidnam

1130 511 1274 546 insolita
1323 511 1476 547 facies
1518 511 1746 555 ostenderet3
1796 513 1854 548 64.

1131 562 1335 594 commotus
1360 559 1505 594 insolita
1528 570 1579 595 re.

1177 607 1269 642 Sall.
1296 607 1373 642 Cat.
1404 609 1436 642 3.
1474 617 1567 650 quae
1601 606 1670 641 sibi
1703 605 1855 651 quisque

1131 652 1305 688 facilia
1330 653 1428 688 factu
1452 655 1568 698 putat.

1177 749 1269 784 Sall.
1294 749 1375 792 luy.
1401 750 1434 784 5.
1469 747 1586 782 multa
1609 749 1648 782 et
1669 747 1857 792 praeclara

1129 796 1183 830 rei
1207 795 1373 830 militaris
1399 794 1624 830 facinora
1649 793 1796 830 fecerat.

1177 938 1256 972 Liv.
1290 937 1349 980 ΙΙ,
1384 938 1446 980 12,
1483 938 1516 972 3.
1557 935 1681 980 itaque
1720 946 1855 981 magno

1130 983 1329 1028 audacique
1364 983 1485 1028 aliquo
1519 982 1741 1018 facinore
1774 993 1856 1018 eam

1129 1031 1385 1076 indignitatem
1433 1029 1689 1065 vindicandam
1733 1032 1854 1075 ratus3

1129 1079 1203 1122 III,
1220 1081 1276 1121 72,
1291 1081 1326 1114 2.
1351 1089 1398 1113 ne
1419 1077 1617 1122 pessimum
1635 1077 1775 1112 facinus
1791 1088 1855 1123 pe-

1129 1126 1206 1160 iore
1217 1126 1386 1170 exemplo
1397 1124 1650 1169 admitterent3
1669 1125 1853 1170 XXIII,7.

1130 1173 1160 1207 si
1184 1173 1322 1207 malum
1347 1172 1485 1207 facinus
1512 1200 1519 1208 .
1539 1199 1548 1208 .
1567 1200 1575 1208 .
1601 1171 1688 1206 forti
1712 1181 1755 1206 ac
1778 1181 1854 1207 me-

1128 1220 1296 1255 morabili
1328 1219 1488 1254 facinore
1521 1230 1678 1265 purgare
1706 1218 1853 1255 vellent.

1131 1288 1175 1292 —
1201 1268 1287 1302 Sall.
1316 1268 1391 1302 Cat.
1419 1269 1474 1303 33.
1512 1277 1604 1301 neve
1637 1265 1742 1301 nobis
1773 1276 1854 1301 eam

1129 1313 1433 1349 necessitudinem
1457 1313 1671 1358 imponatis,
1700 1314 1755 1349 18.
1773 1323 1854 1358 pes-

1130 1373 1274 1395 sumum
1322 1361 1461 1395 facinus
1509 1362 1694 1405 patratum
1738 1359 1853 1405 foret3

1129 1690 1209 1732 luy.
1235 1690 1292 1725 53.
1319 1688 1515 1723 admissum
1540 1688 1680 1724 facinus
1705 1688 1853 1723 misera-

1127 1737 1221 1780 bile3
1247 1738 1303 1772 91.
1330 1735 1376 1770 Id
1392 1736 1530 1771 facinus
1547 1738 1674 1771 contra
1689 1736 1744 1770 ius
1765 1735 1855 1770 belli

1128 1783 1335 1819 admissum.
1361 1804 1405 1808 -—
1428 1784 1560 1820 lustin.
1576 1783 1758 1826 XXXVI,
1771 1785 1805 1826 3,
1820 1784 1853 1818 7.

1127 1830 1229 1875 quasi
1246 1830 1443 1864 admissum
1459 1830 1599 1865 facinus
1615 1830 1754 1865 maiore
1777 1840 1854 1864 sce-

1127 1878 1202 1912 lere
1227 1880 1351 1923 tegere
1374 1879 1507 1922 posset.

1174 1926 1252 1960 Liv.
1270 1925 1302 1967 I,
1317 1927 1350 1967 7,
1365 1927 1399 1960 2.
1425 1923 1607 1970 vulgatior
1630 1923 1755 1958 fama
1779 1924 1853 1966 est,

1127 1973 1250 2016 XXV,
1268 1974 1322 2008 17.
1350 1973 1386 2006 et
1409 1983 1452 2006 ea
1467 1970 1651 2017 vulgatior
1672 1970 1772 2005 fama
1787 1972 1852 2006 est.

1127 2039 1173 2044 —-
1196 2020 1325 2054 lustin.
1343 2019 1492 2062 XVIII,
1507 2020 1541 2062 4,
1556 2020 1590 2054 8.
1616 2017 1714 2052 fama.
1729 2019 1854 2052 tamen

1127 2066 1354 2110 loquebatur.
1385 2086 1430 2090 —
1459 2067 1576 2101 Amm.
1603 2065 1718 2100 Marc.
1743 2064 1850 2107 HI,

1129 2115 1184 2156 15,
1199 2115 1233 2149 5.
1259 2112 1357 2146 fama
1372 2115 1496 2147 tamen
1511 2122 1710 2156 rumorque
1726 2112 1852 2156 loque-

1127 2160 1236 2193 batur
1258 2159 1427 2195 incertus,

1178 2206 1275 2239 Ovid.
1293 2207 1375 2241 Met.
1401 2207 1471 2249 IX,
1491 2207 1572 2242 665.
1597 2204 1740 2240 Fama
1762 2203 1852 2240 novi

1127 2254 1275 2286 centum
1302 2280 1309 2287 .
1337 2280 1344 2288 .
1373 2280 1380 2288 .
1406 2253 1514 2287 urbes
1538 2252 1726 2297 implesset
1748 2262 1853 2286 mon-

1127 2299 1202 2334 stri.
1234 2319 1278 2323 —
1304 2299 1383 2334 Liv.
1409 2300 1536 2343 XXII,
1564 2301 1622 2335 56.
1651 2300 1767 2333 totam
1791 2299 1852 2332 iu·-

1126 2346 1211 2380 bem
1230 2345 1394 2390 opplevit
1415 2346 1549 2389 luctus;
1574 2347 1643 2389 IV,
1655 2347 1713 2390 50,
1724 2347 1758 2381 6.
1775 2346 1852 2380 tam

1127 2394 1232 2427 atrox
1266 2392 1403 2426 factum
1436 2394 1628 2436 postquam
1662 2394 1717 2426 est
1751 2418 1760 2428 .
1798 2418 1807 2428 .
1841 2419 1850 2427 .

1126 2439 1344 2474 nuntiatum.

1180 2488 1281 2529 Ver-9.
1307 2487 1394 2521 Aen.
1420 2486 1488 2530 IV,
1515 2487 1597 2522 298.
1627 2484 1756 2520 eadem
1783 2484 1852 2519 im-
1925 2515 1927 2518 ,

1125 2533 1186 2578 pia
1210 2532 1334 2567 fama
1358 2532 1494 2567 furenti
1518 2532 1661 2568 detulit.

1174 2768 1251 2802 Liv.
1269 2767 1427 2810 XXXV,
1445 2769 1500 2803 18.
1525 2766 1564 2800 in
1587 2777 1671 2800 eum
1695 2765 1850 2811 gradum

1126 2813 1304 2848 amicitiae
1327 2814 1433 2859 regis,
1459 2815 1500 2847 ut
1525 2812 1681 2847 consiliis
1706 2823 1850 2857 quoque
