1950 3302
697 284 995 322 PRAEFATIO
1023 285 1062 323 Ο.
1087 285 1119 322 Ι.
1582 285 1658 321 XV

293 407 584 463 Meqinhardo
615 407 776 462 abbati,
811 422 932 462 quem
962 407 1139 451 summis
1171 407 1370 451 laudibus
1402 408 1658 462 Lampertus

150 467 384 523 celebravit,
418 482 459 510 a.
486 471 614 522 1059,
647 467 716 511 die
738 467 850 522 Sept.
879 471 948 521 26,
973 467 1130 522 paucis
1162 466 1308 511 diebus
1328 471 1556 522 postquam
1588 468 1658 510 ille

149 527 199 571 in
236 526 540 571 monasterium
580 526 726 582 rediit,
768 527 966 593 defuncto
1002 526 1250 570 substitutus
1280 531 1341 570 est
1370 527 1438 570 die
1471 528 1581 570 Nov.
1616 531 1657 570 8.

149 588 204 631 ab
243 587 408 642 Aynete
448 586 734 642 imperatrice,
779 586 990 630 nescimus
1029 586 1182 641 quibus
1218 586 1493 641 principibus
1532 586 1658 629 inter-

119 646 388 692 scedentibus
405 647 438 701 ¹,
479 646 735 690 Ruthardus
774 646 921 700 abbas,
967 647 1182 700 quondam
1225 643 1286 698 (a.
1325 648 1655 701 1046—1050)

149 706 282 751 abbas
317 705 593 761 Gorbeiensis,
633 720 662 748 a
692 719 778 760 qua
816 705 988 749 abbatia
1024 706 1254 750 criminum
1284 707 1554 760 quorundam
1593 720 1658 749 ac-

151 769 321 810 cusatus
359 770 542 809 remotus
581 770 686 809 erat.
749 765 937 809 Minime
975 765 1024 808 in
1064 765 1192 808 huius
1230 766 1396 809 abbatis
1426 765 1658 819 familiari—

151 829 235 868 tate
259 829 453 869 versatus
473 829 534 869 est
556 825 789 868 monachus
809 829 962 879 noster,
996 825 1070 879 qui
1091 825 1252 880 friqide
1283 840 1334 869 ac
1356 839 1519 880 parum
1549 839 1658 868 vere-

151 885 286 929 cunde
316 885 367 928 de
397 899 444 928 eo
474 884 741 928 iudicaverit.
793 885 1014 928 Laudavit
1034 884 1203 940 quidem
1230 899 1324 928 eum
1345 885 1556 928 hominem
1587 886 1658 927 ad-

105 959 139 985 ιο
143 944 286 1000 prime
317 944 564 998 litteratum,
602 944 1006 999 eloquentissimum,
1040 946 1312 999 prudentem,
1355 945 1430 999 qui
1461 946 1560 988 bene
1591 958 1660 987 res

152 1003 346 1047 abbatiae
366 1003 744 1058 administraverit,
777 1005 852 1047 sed
870 1003 1126 1058 vituperavit
1145 1018 1251 1058 eum,
1277 1006 1389 1058 quod
1416 1005 1656 1060 imperare,

152 1078 247 1108 non
276 1064 495 1120 imperari
531 1063 712 1118 noverit,
754 1065 867 1117 quod
894 1064 1066 1118 requtae
1099 1064 1144 1106 S.
1177 1063 1402 1108 Benedicti
1430 1068 1660 1130 praecepta

151 1122 296 1166 minus
333 1122 475 1166 stricte
513 1122 788 1166 servaverit.
761 1125 776 1149 ²
851 1123 1107 1178 Lampertus
1146 1123 1277 1178 enim,
1326 1123 1465 1167 nescio
1506 1138 1566 1166 an
1611 1123 1660 1166 in

151 1182 289 1226 seculo
308 1182 546 1236 frustratus
575 1197 646 1237 spe
676 1182 898 1235 fortunam
929 1182 1207 1238 adipiscendi,
1239 1183 1375 1238 riqidi
1401 1182 1540 1226 animi
1559 1183 1657 1237 fuit,

106 1256 140 1282 1⁶
152 1255 322 1285 severus
350 1245 637 1296 austerusque,
679 1242 878 1285 laudator
908 1242 1107 1296 temporis
1137 1242 1233 1296 acti,
1268 1242 1336 1285 cui
1368 1247 1518 1286 cuncta
1549 1257 1660 1285 nova

153 1300 447 1356 displicebant,
489 1301 636 1344 omnia
675 1301 833 1345 recenti
871 1306 1052 1356 tempore
1091 1302 1140 1344 in
1171 1301 1356 1345 deterius
1388 1316 1512 1345 ruere
1550 1302 1660 1345 vide-

154 1361 310 1404 bantur
324 1361 354 1403 3.
417 1360 523 1405 Cum
553 1375 605 1404 ea
634 1374 743 1415 quae
773 1361 974 1404 habemus
1003 1375 1132 1416 opera
1163 1361 1459 1415 conscribebat,
1491 1361 1582 1404 iam
1612 1361 1661 1404 in

153 1424 320 1464 tantum
347 1420 580 1464 monachus
605 1425 710 1475 erat,
741 1425 789 1464 ut
809 1421 991 1475 coqitata
1022 1435 1073 1465 ac
1093 1435 1220 1464 sensa
1240 1421 1393 1464 mentis
1418 1421 1509 1464 eius
1530 1435 1661 1475 anqu-

152 1479 248 1523 stiis
292 1479 552 1524 monachicis
597 1479 916 1535 circumscripta
961 1485 1085 1534 atque
1131 1480 1300 1524 inclusa
1337 1485 1485 1524 essent.
1555 1481 1662 1524 Cum

106 1555 142 1581 20
154 1539 456 1583 monachorum
482 1539 676 1593 officium
697 1544 801 1583 esset
830 1540 1023 1594 requlam
1045 1541 1091 1583 S.
1112 1540 1339 1584 Benedicti
1369 1540 1499 1595 sequi,
1534 1540 1662 1583 huius

145 1603 375 1654 praecepta
419 1613 578 1642 summe
621 1599 795 1654 colebat,
844 1613 976 1654 neque
1018 1600 1087 1642 his
1124 1600 1356 1654 quidquam
1399 1599 1500 1643 novi
1542 1599 1658 1653 addi,

154 1657 386 1712 quidquam
415 1658 573 1702 remitti
602 1659 864 1714 amorobavit.
924 1659 1031 1703 Cum
1062 1659 1196 1714 iqitur
1221 1660 1355 1703 Anno
1386 1659 1661 1714 archiepisco-

146 1732 234 1772 pus
269 1717 534 1762 Coloniensis
564 1733 605 1760 a.
633 1723 760 1761 1070.
793 1733 844 1762 ex
875 1719 1014 1762 Italia
1043 1733 1237 1762 reversus
1267 1720 1494 1762 monachos
1525 1719 1659 1762 Fruc-

154 1777 390 1821 tuarienses
428 1792 567 1821 secum
607 1780 751 1821 ductos
789 1778 839 1821 in
876 1778 1148 1822 monasteriis
1187 1779 1278 1822 suis
1316 1778 1586 1831 Salefeltensi
1622 1782 1661 1820 et

107 1853 142 1878 25
157 1836 450 1892 Siqeberqensi
489 1837 760 1891 instituisset,
799 1837 874 1891 qui
913 1838 1116 1881 artiorem
1155 1838 1326 1881 vivendi
1366 1852 1561 1880 normam
1600 1851 1658 1880 se-

154 1896 402 1950 quebantur,
451 1897 706 1951 Lampertus
757 1899 817 1939 ad
866 1897 968 1940 haec
1018 1897 1278 1940 monasteria
1320 1897 1540 1951 profectus
1559 1898 1576 1923 4
1622 1901 1660 1939 et

154 1955 470 2009 quatuordecim
495 1955 755 2010 septimanas
785 1956 834 1999 in
860 1956 918 1998 iis
947 1961 1148 2010 moratus,
1180 1961 1228 1999 ut
1252 1956 1448 1999 instituta
1478 1971 1528 1999 ac
1550 1956 1661 1999 ritus

154 2028 359 2058 novorum
397 2015 702 2058 monachorum
732 2015 985 2070 addisceret,
1027 2030 1114 2059 non
1145 2018 1250 2059 adeo
1281 2031 1332 2059 ea
1363 2015 1657 2070 comprobavit,

155 2075 514 2118 consuetudines
535 2074 826 2118 coenobiorum
851 2075 1112 2119 Germaniae
1138 2077 1327 2132 regulae
1351 2077 1394 2119 S.
1415 2076 1660 2119 Benedicti

106 2151 141 2177 30
153 2134 319 2177 melius
351 2148 603 2190 congruere
635 2134 870 2178 arbitratus
886 2135 914 2176 ⁵.

296 2193 542 2236 Monachus
580 2193 670 2236 iam
710 2194 966 2249 Lampertus
1012 2194 1124 2238 nihil
1164 2199 1380 2250 tantopere
1421 2194 1569 2238 dilexit
1610 2209 1660 2237 ac

154 2251 292 2307 coluit,
314 2256 519 2306 quantum
539 2253 843 2296 monasterium
862 2268 986 2296 suum
1002 2255 1319 2308 Hersfeldense,
1334 2254 1660 2309 prosperitatem

156 2380 214 2416 ‘.N
239 2380 386 2415 Archiv’
411 2381 525 2424 XIX,
550 2383 678 2426 ,181
696 2393 738 2426 sq
741 2383 891 2418 ‚attulat
942 2383 1166 2418 Eklcebertus
1191 2387 1272 2418 ante
1295 2384 1414 2417 Vitam
1440 2383 1662 2417 Hat'metadi

154 2429 262 2462 etiam
277 2429 371 2463 ali'os
387 2428 525 2463 libellos
540 2393 793 2474 composuerat,
818 2442 898 2464 cum
915 2432 955 2464 in
974 2432 1127 2475 proloyo
1148 2432 1250 2465 Vitae
1267 2432 1486 2466 Haimeradi
1501 2432 1660 2466 dia-crit.-

106 2483 141 2510 35
154 2477 231 2510 tam
254 2474 403 2521 grandis
427 2476 603 2512 materiae
629 2477 756 2512 silvam
781 2488 855 2512 non
872 2478 1129 2523 presumebam
1155 2478 1352 2523 aliquando
1377 2479 1569 2524 attingere,
1596 2478 1659 2513 sed

153 2522 192 2557 in
216 2522 410 2558 humilium
435 2535 559 2558 rerum
585 2524 741 2559 arbustis
773 2525 956 2560 scribendi
991 2537 1141 2571 operam
1176 2526 1360 2561 insumere
1386 2537 1658 2561 consueveram.

157 2571 191 2615 1)
218 2571 276 2613 Cf.
303 2571 372 2606 Vit.
399 2571 503 2605 Lulli
524 2582 551 2607 o.
578 2574 634 2616 19,
670 2573 777 2615 infra
804 2584 844 2617 p.
871 2575 963 2609 333:
999 2574 1170 2609 abbatem
1195 2585 1305 2619 quem
1340 2574 1523 2619 principes
1555 2574 1659 2618 regni

154 2617 325 2653 iusserint
348 2618 537 2656 habemus.
634 2622 672 2665 2)
698 2620 811 2662 Infra
831 2623 946 2664 p.76.
967 2623 1047 2658 197.
1074 2624 1156 2658 353.
1255 2623 1291 2666 3)
1316 2623 1400 2656 Vita
1426 2622 1532 2655 Lulli
1554 2634 1582 2657 c
1604 2624 1659 2661 19,

155 2666 309 2711 infrap
311 2668 420 2709 .333‚
449 2668 471 2703 l.
491 2669 523 2703 6.
543 2669 585 2708 7;
610 2668 698 2704 Inst.
717 2668 879 2704 Herveld.
902 2669 1010 2713 prolq
1035 2670 1142 2712 infra
1162 2681 1202 2713 p.
1221 2672 1292 2706 343
1304 2681 1355 2714 sq.
1456 2671 1492 2711 4)
1518 2670 1660 2702 ilent-

107 2712 272 2747 4ohardo
297 2713 420 2748 abbate
453 2725 489 2749 se
512 2725 551 2750 eo
574 2717 724 2749 missum
748 2727 819 2750 esse
844 2716 973 2760 Lamp.
999 2718 1074 2761 ipse
1098 2728 1170 2751 non
1194 2718 1306 2760 dixit,
1338 2728 1425 2751 sane
1450 2718 1556 2750 etiam
1582 2718 1660 2750 An-

155 2761 260 2794 nom's
293 2761 441 2796 hortatu
472 2763 526 2796 vel
554 2773 595 2797 ca
620 2774 693 2807 qua
718 2764 803 2797 olim
828 2775 905 2797 cum
931 2775 968 2799 eo
1001 2775 1089 2798 usus
1122 2769 1200 2799 evat
1230 2766 1487 2807 sams-lumitate
1512 2775 1659 2798 commo-

156 2809 232 2841 veri
251 2809 381 2852 potuit,
406 2813 446 2843 ut
469 2811 547 2844 eius
570 2821 676 2845 novos
700 2812 887 2845 monachos
912 2813 1084 2848 visitaret
1127 2813 1254 2846 Etiam
1273 2814 1460 2846 coloniam·
1485 2813 1657 2846 cit-itatem

156 2855 373 2899 Lampertus
396 2857 596 2901 aliquando
619 2859 748 2893 vidisse
770 2860 1011 2893 coniciendum
1027 2864 1088 2903 est,
1115 2871 1193 2894 cum
1212 2862 1288 2894 etus
1311 2862 1421 2894 situm
1446 2864 1477 2894 et
1503 2860 1659 2893 eccles-isa

156 2904 257 2936 intra
290 2907 396 2946 atque
428 2908 533 2938 extra
567 2908 705 2940 moenia
738 2908 828 2940 sitas
860 2909 998 2941 novisse
1031 2912 1207 2952 appareat
1240 2908 1345 2950 infra
1375 2908 1567 2951 p.186—
1579 2908 1657 2942 193

109 2959 143 2984 45
157 2951 192 2993 5)
219 2950 316 2986 Ann.
341 2961 376 2986 a.
396 2952 500 2995 1071,
527 2953 634 2994 infra
654 2965 694 2997 p.
715 2956 782 2990 132
798 2965 850 2998 sq.
