1968 3164
327 208 571 246 ANNALES
596 207 1146 245 WEISSENBURGENSES.
1197 210 1244 244 A.
1273 211 1520 248 1065—1068.
1634 213 1681 249 53

311 331 429 374 Mill.
447 331 590 374 LXV.
678 331 927 374 Heinricus
987 334 1179 386 quartus
1240 333 1290 373 in
1359 334 1501 375 tertia
1562 335 1680 377 feria
1695 315 1842 388 ξραῗῗὶω

167 392 366 448 paschae
404 391 614 447 gladium
655 391 800 434 cinxit
832 391 1144 442 Wormaciae,
1187 391 1495 435 Heberhardo
1536 394 1679 436 archi-

164 451 382 508 episcopo
413 451 682 494 Treverensi
714 451 1031 493 benedicente.

309 510 428 552 Mill.
445 510 615 552 LXVI.
679 509 873 553 Cometa
913 511 1111 566 aparuit.
1256 511 1540 554 Adalbertus
1573 513 1678 555 Bre-
1695 518 1797 553 1066.

131 571 336 613 emensis
382 570 643 626 episcopus,
693 570 831 612 homo
873 584 1090 625 nequam,
1135 571 1425 613 consiliarius
1468 571 1678 614 Heinrici

165 630 300 686 regis,
332 629 456 673 inter
486 630 622 681 mala,
657 643 774 685 quae
797 632 1014 686 operatus
1037 632 1108 672 est
1140 630 1286 686 plura,
1322 631 1546 682 abbatias,
1582 646 1677 687 pre-

164 689 396 746 posituras
427 691 476 732 et
507 703 642 732 omne
674 690 797 744 quod
831 690 887 732 de
910 692 1176 732 sanctorum
1209 690 1422 732 domibus
1456 691 1677 734 abradere

164 749 320 805 potuit
358 763 467 792 suae
508 749 745 804 nequitiae
785 749 1049 792 fautoribus
1092 764 1172 805 per
1204 764 1367 791 manus
1399 751 1521 805 regis
1553 752 1678 793 tradi
1694 757 1795 791 1065.

163 809 291 860 fecit,
332 809 522 865 insuper
554 809 606 850 II
639 809 868 860 abbacias,
912 808 1156 851 Corbeiam
1189 812 1236 851 et
1268 809 1544 861 Laurissam,
1589 811 1677 853 sibi

116 885 152 910 10
164 868 442 911 vendicavit.
489 868 666 911 Milites
689 870 844 910 autem
868 868 1256 911 Laurissamensis
1279 869 1463 911 abbatis
1479 870 1493 894 1
1518 867 1675 924 [feren-

163 924 282 982 tesss]
314 927 435 970 illud
467 941 587 983 egre,
631 928 690 970 ad
722 928 1031 970 resistendum
1064 928 1346 970 edificabant
1378 929 1673 981 munitiones,

165 989 390 1043 ponentes
420 988 471 1029 in
497 987 592 1029 illis
615 987 871 1039 custodias;
906 987 1120 1030 similiter
1142 988 1384 1043 episcopus
1406 989 1675 1044 Mogontiae

165 1046 414 1103 Sigifridus
456 1047 688 1102 ceterique
721 1047 942 1103 episcopi,
987 1047 1126 1089 duces
1160 1049 1207 1089 et
1239 1048 1469 1103 principes
1502 1063 1674 1091 omnes·
1774 1092 1781 1101 ,

164 1120 253 1162 que
300 1109 552 1150 sectatores
598 1107 811 1149 iusticiae
856 1107 1173 1162 conspirantes
1226 1107 1350 1162 apud
1398 1091 1793 1169 Triburiam,(11¹{}‚³,‘3·

112 1182 150 1208 ιτ)
163 1166 340 1208 hortati
371 1168 481 1208 sunt
512 1179 680 1222 regem,
714 1168 769 1208 ut
790 1180 1077 1221 quecumque
1108 1166 1300 1208 consilio
1333 1167 1537 1222 episcopi
1569 1170 1673 1210 acta

161 1225 362 1268 fuissent
391 1225 526 1268 irrita
556 1225 734 1268 faceret
765 1227 812 1268 et
835 1226 892 1267 ab
917 1239 970 1268 eo
993 1228 1215 1277 cessaret;
1250 1227 1374 1280 quod
1407 1227 1674 1282 episcopum

162 1299 255 1328 non
286 1285 450 1336 latuit,
493 1299 601 1326 nam
633 1287 770 1327 nocte
802 1285 985 1327 nemine
1018 1288 1322 1341 persequente
1355 1286 1564 1341 aufugit;
1609 1287 1673 1329 sic

162 1358 244 1400 per
289 1345 488 1400 gratiam
529 1344 620 1387 Dei
667 1358 794 1387 sacer
837 1344 918 1387 ille
959 1344 1089 1387 locus
1137 1345 1287 1387 sancti
1333 1345 1519 1387 Nazarii
1568 1360 1673 1388 cum

161 1404 327 1447 ceteris
358 1404 472 1447 locis
504 1418 648 1459 equae
680 1404 797 1460 legis
829 1404 1035 1446 salvatus
1067 1407 1151 1447 est.

107 1481 148 1507 20
274 1493 279 1496 »
303 1463 481 1507 Eodem
512 1477 634 1507 anno
666 1463 916 1506 Heinricus
948 1478 1028 1506 rex
1060 1464 1250 1506 Bertam
1281 1464 1490 1519 reginam
1524 1465 1670 1516 duxit,
1686 1476 1776 1507 (Μ.)

161 1522 348 1566 Ottonis
379 1523 660 1566 marchionis
692 1523 850 1566 filiam.

302 1583 385 1626 Pie
425 1583 760 1626 recordationis
791 1583 1089 1625 Eberhardus
1121 1583 1412 1626 Treverensis
1451 1584 1671 1639 archiepi-

159 1637 351 1698 scopusb
389 1643 528 1694 obiit;
569 1643 619 1684 in
651 1643 782 1685 cuius
814 1643 968 1685 locum
1001 1657 1106 1684 cum
1139 1642 1314 1685 electus
1357 1645 1477 1685 esset
1510 1642 1671 1685 Cuono
1684 1655 1846 1686 (Am-15).

160 1701 380 1744 Coloniae
442 1702 724 1758 prepositus,
790 1702 951 1757 populi
1009 1702 1310 1744 Treverorum
1371 1702 1670 1757 indignantes

107 1778 146 1804 25
158 1761 410 1804 noluerunt
451 1775 556 1804 eum
598 1762 848 1816 suscipere,
892 1762 972 1804 sed
1014 1775 1183 1816 magna
1215 1775 1355 1802 manu
1388 1765 1671 1803 armatorum

159 1820 357 1863 collecta
396 1822 533 1863 nocte
565 1834 670 1862 eum
703 1821 920 1876 aggressi,
964 1834 1122 1863 omnes
1155 1821 1243 1862 sibi
1274 1820 1542 1863 resistentes
1575 1835 1670 1876 per·
1684 1833 1843 1864 (almvm)-

159 1882 423 1930 cusserunt,
466 1880 618 1935 ipsum
660 1880 880 1922 domnum
919 1882 966 1922 et
997 1880 1119 1935 regis
1151 1880 1362 1930 missum,
1407 1880 1669 1935 Spirensem

158 1939 425 1995 episcopum
466 1939 759 1990 Enhardum,
803 1953 1052 1994 omnesque
1085 1939 1284 1994 optimos
1328 1941 1375 1981 et
1406 1953 1478 1982 res
1511 1953 1669 1982 eorum

158 2012 314 2041 secum
336 1999 580 2050 duxerunt,
615 2001 663 2041 et
684 2013 778 2041 non
809 2001 914 2054 post
945 1999 1082 2054 longe
1106 1999 1369 2054 Spirensem
1402 1999 1669 2054 episcopum

106 2060 206 2102 zoet
245 2071 351 2100 suos
391 2058 600 2101 libertati
641 2058 818 2110 dantes,
862 2059 1097 2114 prefatum
1138 2059 1366 2101 seniorem
1399 2057 1667 2101 cuononem

156 2117 409 2160 miserabili
438 2120 672 2160 tormento
704 2141 761 2146 —
794 2118 886 2160 heu
917 2117 1150 2160 infelices!
1186 2141 1242 2146 —
1274 2121 1614 2173 percusserunt.
1682 2131 1817 2159 (luna).

301 2175 464 2220 Comes
485 2177 816 2228 Willihelmus,
851 2178 930 2232 qui
954 2180 1002 2220 et
1024 2177 1260 2228 Basthart,
1295 2177 1667 2232 Anglossaxones
1681 2192 1755 2216 (oet.
1770 2191 1825 2221 1⁴).

157 2238 204 2278 et
235 2238 420 2292 regem2
450 2236 638 2279 illorum
669 2237 842 2279 occidit
873 2251 1158 2292 regnumque
1191 2237 1411 2279 obtinuit.

299 2296 418 2338 Mill.
430 2296 628 2339 LXVII.
700 2297 775 2338 Ad
825 2296 1124 2352 sepulchrum
1166 2295 1401 2339 Cuononis
1452 2297 1666 2351 martyris
1685 2306 1786 2338 lom.

104 2355 291 2411 auplura
341 2355 469 2398 Deus
523 2355 864 2399 misericordiae
927 2369 1036 2398 suae
1100 2370 1245 2411 sygna
1297 2356 1419 2411 cepit
1472 2356 1666 2411 operari.

154 2414 456 2458 Heinhardus
479 2415 707 2471 Spirensis
738 2415 980 2471 episcopus
1013 2415 1151 2467 obiit;
1187 2416 1262 2458 cui
1290 2415 1540 2458 Heinricus
1573 2428 1858 2459 suc-(starum)-

155 2474 307 2516 cessit.
445 2473 728 2517 Godefridus
760 2467 1054 2517 Ldtariorum
1087 2475 1180 2516 dux
1212 2475 1554 2530 periclitantem
1583 2475 1667 2517 Ro-

155 2547 278 2575 mam
310 2536 357 2576 et
389 2534 595 2576 hostium
625 2534 863 2576 incursus⁰
891 2534 1135 2576 timentem
1164 2534 1414 2577 defendere
1448 2534 1664 2575 mittitur.

297 2592 416 2635 Mill.
435 2593 659 2636 LXVIII.
734 2594 895 2648 Aquae
947 2594 1307 2636 inundaverunt.
1389 2593 1562 2648 Magna
1619 2596 1785 2635 9171068.

103 2653 264 2694 wante
294 2651 507 2695 inaudita
539 2652 761 2696 sterilitas
792 2653 888 2694 vini
921 2654 968 2695 et
1000 2653 1125 2708 pomi
1155 2653 1284 2695 facta
1317 2654 1386 2694 est
1401 2652 1428 2692 ³.

155 2754 186 2786 a)
206 2761 296 2780 vocem
315 2755 455 2788 sufflavit
476 2756 569 2788 Perre,
589 2757 664 2782 deest
685 2757 714 2781 in
733 2764 769 2788 c.,
789 2756 838 2781 uba·
856 2756 908 2781 hoc
927 2756 988 2781 loco
1008 2756 1116 2781 eillnba
1136 2757 1278 2788 quaedam
1299 2762 1386 2781 erasa
1406 2758 1457 2781 avt.
1536 2755 1566 2788 b>
1586 2756 1668 2781 archi

156 2790 254 2815 eadem
275 2797 363 2815 manu
380 2798 524 2823 cuper-scr.
597 2792 625 2824 c)
644 2799 755 2824 cursus,
777 2792 806 2817 ln
826 2792 923 2816 eadem
945 2799 1033 2816 manu
1052 2799 1187 2824 nuperscr
1217 2799 1231 2816 c

158 2875 193 2916 1)
227 2872 401 2909 Udalrim’.
499 2875 535 2918 2)
562 2874 783 2911 Har-aldum.
867 2877 904 2918 3)
932 2875 990 2916 Cf.
1016 2875 1143 2918 Lamp.
1170 2885 1203 2910 α.
1226 2876 1316 2910 1069
1343 2874 1424 2917 (SS.
1449 2875 1488 2915 1⁷,
1510 2885 1550 2918 p.
1570 2875 1669 2913 176).
