2014 3184
630 229 794 269 INDEX
818 229 1167 268 LOCUTIONUM.

153 375 162 386 .
195 375 204 386 .
237 375 246 384 .
281 347 421 384 cunctis
460 375 470 384 .
502 375 511 384 .
544 376 553 384 .
592 348 879 394 exquisitissimis

150 395 271 431 verbis
305 395 575 431 commendavit
607 398 690 440 315,
707 406 736 432 5.
765 416 807 420 —
833 395 880 430 Id

151 441 341 488 exquisitis
368 442 538 488 precibus
565 471 573 479 .
601 468 610 477 .
637 468 646 478 .
670 442 768 488 regis
793 442 880 478 fidei

150 489 384 527 commendat
407 492 488 534 332,
501 501 549 526 20.

198 537 246 573 ad
293 536 681 584 extinguendum
730 537 880 572 omnino

149 595 286 621 nomen
311 584 388 620 eius
406 586 527 620 totum
542 584 648 631 regni
664 585 779 620 robur
796 595 880 620 con-

151 632 332 668 citabatur
371 634 455 677 246,
472 644 519 669 20.
558 653 601 658 —
639 634 760 668 totum
799 661 807 668 .
835 660 842 668 .
871 660 879 668 .

150 680 266 716 robur
300 680 406 735 regni
442 679 499 715 sui
534 679 574 715 in
609 679 734 715 odium
771 682 880 725 atque

151 727 199 763 ad
251 727 452 774 permciem
506 726 629 762 fratris
685 727 881 762 sollicitare

150 777 234 819 327,
247 786 295 812 ιο.
321 795 364 802 -
392 774 692 811 contradicentes
711 803 718 812 .
739 803 747 811 .
766 803 775 811 .
792 775 880 810 totis

149 823 257 868 regni
286 823 423 859 viribus
455 822 627 868 persequi
655 850 664 859 .
692 851 700 859 .
727 851 736 860 .
765 823 880 858 mina-

149 870 260 906 batur
284 873 354 908 148
380 882 424 908 15.

197 918 325 964 patriis
342 897 478 954 finibus
495 917 731 963 extorris,
753 917 880 962 patriis

149 965 436 1011 possessionibus
465 967 602 1002 eiectus
628 967 684 1011 66,
699 976 744 1002 25.
771 985 815 990 -
842 976 880 1000 se

149 1013 277 1058 patriis
313 1010 446 1050 finibus
483 1017 687 1058 extorrem,
728 1014 881 1058 paterna

149 1060 354 1096 hereditate
389 1061 608 1097 destitutum
651 1063 732 1104 123,
750 1072 796 1097 10.
836 1080 879 1085 —

150 1108 316 1154 quamvis
363 1109 491 1154 patriis
532 1108 666 1144 finibus
716 1110 880 1143 extorres

151 1184 160 1192 .
187 1182 196 1192 .
224 1184 233 1193 .
258 1155 404 1202 perdito
428 1156 651 1202 patrimonio
677 1158 758 1200 260,
771 1167 816 1192 10.
835 1176 879 1180 —

149 1203 333 1249 principes
351 1231 360 1240 .
379 1232 388 1240 .
407 1230 416 1239 .
432 1204 562 1250 procul
595 1203 722 1249 patriis
748 1202 880 1238 finibus

150 1251 336 1297 expellere
359 1251 595 1287 minabantur
619 1253 701 1296 272,
716 1262 744 1288 5.

197 1299 323 1335 multis
346 1299 515 1344 precibus
547 1299 599 1334 eis
623 1298 686 1334 vix
711 1301 749 1334 et
773 1309 881 1344 aegre

150 1346 370 1382 extorsit
395 1349 475 1391 169,
489 1358 534 1384 35.
562 1367 606 1372 -
632 1346 732 1392 quod
760 1346 881 1391 ipsum

148 1393 212 1429 vix
265 1394 415 1429 summis
463 1394 632 1440 precibus
686 1393 882 1429 extorserit

149 1443 233 1486 263,
246 1452 292 1478 25.

149 1490 880 1591 ...s-...szstgzzzmflsf‘ssrsszffiss

149 1595 188 1620 se
203 1595 299 1619 mon
315 1586 425 1629 atque
448 1587 613 1619 extrema
639 1595 763 1619 omma
778 1595 880 1629 prius

149 1631 309 1678 experiri
334 1633 415 1676 148,
429 1642 474 1668 25.
495 1652 537 1658 -
561 1634 598 1667 et
613 1631 697 1667 ideo
715 1634 880 1666 extrema

149 1679 380 1725 omniaprius
387 1690 425 1714 se
432 1682 647 1724 experturos
655 1690 732 1714 esse
742 1681 824 1724 209,
833 1690 878 1715 30.

151 1747 195 1753 —
213 1738 287 1772 qua
301 1726 519 1762 necessitate
542 1727 590 1762 ad
605 1726 696 1762 haec
714 1729 879 1762 extrema

149 1773 372 1820 experienda
387 1774 506 1810 coacti
522 1774 596 1809 sint
619 1776 678 1819 87,
687 1786 713 1810 1.
731 1795 773 1799 -
788 1785 878 1819 quos

150 1850 159 1859 .
187 1850 195 1859 .
222 1850 231 1858 .
266 1821 315 1857 ad
346 1822 438 1857 haec
467 1824 634 1858 extrema
658 1821 880 1867 experienda

149 1869 328 1915 coegisset
353 1871 433 1914 154,
447 1880 474 1907 5.
503 1889 546 1895 -
573 1869 621 1904 ad
644 1869 735 1904 haec
760 1871 877 1904 extre-

150 1927 212 1952 ma
229 1917 398 1952 audenda
422 1917 717 1962 experiendaque
741 1919 824 1962 223,
832 1928 877 1954 25.

153 1985 197 1990 —
215 1964 350 2010 quique
375 1966 540 2000 extrema
561 1965 686 1999 omnia
711 1993 719 2001 .
747 1993 755 2000 .
783 1993 792 2001 .
818 1975 879 1999 ex-

150 2011 264 2057 periri
283 2011 471 2047 malebant
494 2014 577 2056 260,
590 2023 636 2048 20.
656 2032 699 2038 -
718 2011 765 2046 ad
788 2011 880 2047 haec

152 2062 318 2094 extrema
366 2059 589 2105 experienda
644 2059 879 2104 prorupimus

151 2109 234 2152 279,
247 2118 293 2143 so.
330 2127 373 2132 —
408 2107 519 2142 malle
544 2117 583 2142 se
609 2134 617 2143 .
645 2135 652 2142 .
681 2135 688 2143 .
716 2110 879 2142 extrema

152 2154 275 2189 omnia
300 2154 459 2199 experiri
483 2156 566 2198 321,
580 2164 625 2190 25.

200 2203 465 2237 extremam
498 2201 602 2246 operi
629 2212 779 2236 manum
812 2212 880 2246 per

151 2259 190 2331 εῗ
214 2248 335 2303 ipsum
358 2249 534 2294 imposuit
559 2250 640 2294 115,
656 2259 700 2286 15.
722 2269 763 2274 —-
781 2248 878 2284 Aec-

151 2307 172 2331 c
188 2307 284 2331 esne
318 2323 327 2333 .
354 2324 362 2333 .
390 2324 398 2333 .

151 2343 300 2389 impone
325 2345 407 2389 316,
420 2355 467 2380 25.

198 2393 242 2426 ut
265 2399 350 2426 'eum
376 2419 384 2427 .
404 2418 412 2428 .
433 2419 440 2427 .
466 2402 591 2426 rursus
625 2390 772 2427 civitate
798 2402 877 2426 ex-

150 2438 380 2475 turbaret
405 2440 486 2483 196,
501 2450 546 2476 10.

926 2246 1044 2294 mafm
1082 2274 1091 2283 .
1128 2275 1135 2282 .
1172 2272 1180 2280 .

432 2299 474 2332 tu
499 2298 703 2331 extremam
727 2307 878 2331 manum
926 2305 1088 2330 manum.

1586 235 1658 270 429

977 539 1056 574 Istv.
1087 540 1150 582 VI,
1168 542 1202 583 2,
1221 542 1255 576 2.
1282 539 1328 574 ad
1361 541 1656 587 extinguen-

930 585 955 620 d
964 597 989 620 u
998 597 1037 620 m
1070 597 1207 621 nomen
1231 586 1440 622 Romanum
1475 599 1577 623 arma
1602 600 1657 623 ce-

929 635 1071 678 perant.

978 918 1094 953 Amm.
1121 919 1237 956 Marc.
1263 919 1407 962 XXXI,
1434 921 1490 961 12,
1512 921 1547 956 8.
1580 930 1658 954 ex-

929 966 1091 1000 torres
1125 966 1253 1011 patriis
1288 967 1435 1003 laribus.
1474 987 1516 991 —
1553 967 1657 1010 Very.

929 1014 1018 1050 Aen.
1063 1014 1088 1047 I
1091 1015 1132 1056 V,
1168 1016 1249 1051 616.
1299 1013 1432 1049 finibus
1483 1014 1658 1059 extorris;

930 1061 961 1105 I,
990 1063 1072 1097 620.
1098 1060 1231 1096 finibus
1258 1062 1451 1106 expulsum
1476 1061 1614 1106 patriis.

979 1489 1067 1524 Sall.
1092 1489 1169 1525 Cat.
1195 1489 1253 1525 26.
1280 1487 1469 1523 constituit
1495 1516 1529 1524 ..
1550 1515 1559 1524 .
1587 1498 1659 1522 ex-

927 1537 1085 1571 trema
1109 1535 1233 1570 omnia
1257 1535 1427 1581 experiri.
1453 1556 1495 1561 —-
1523 1536 1601 1570 Liv.
1628 1535 1659 1577 I,

928 1585 987 1628 48,
1005 1585 1038 1620 3.
1076 1583 1291 1618 necessitate
1327 1583 1400 1618 iam
1436 1583 1547 1618 etiam
1581 1582 1660 1626 ipsa

928 1633 1084 1676 cogente
1109 1631 1240 1666 ultima
1270 1631 1423 1675 audere;
1449 1631 1523 1673 III,
1549 1632 1582 1672 2,
1604 1632 1658 1666 11.

928 1677 1134 1724 desperatio
1169 1679 1298 1714 ultima
1327 1678 1462 1713 audere
1488 1680 1524 1712 et
1549 1688 1658 1721 expe-

927 1725 992 1760 riri
1017 1727 1181 1772 cogebat.

982 2201 1085 2243 Very.
1108 2200 1196 2235 Aen.
1219 2199 1303 2242 VII,
1332 2200 1401 2234 572
1419 2210 1469 2242 sq.
1497 2199 1656 2232 extre-

1218 2246 1314 2281 bello
1351 2244 1494 2289 inponit
1530 2244 1657 2288 regina

983 2390 1024 2425 V.
1050 2389 1163 2423 Mart.
1189 2389 1222 2423 6.
1260 2386 1455 2430 multisque
1485 2384 1656 2418 affectum

926 2436 1067 2471 iniuriis
1098 2435 1143 2469 de
1178 2434 1324 2468 civitate
1360 2444 1378 2466 e
1390 2445 1413 2466 x
1423 2435 1438 2466 t
1450 2444 1472 2465 u
1484 2432 1532 2465 rb
1543 2442 1564 2465 a
1575 2443 1595 2464 v
1607 2430 1618 2464 i
1628 2433 1654 2466 t.

877 2557 937 2592 F.

198 2627 329 2672 procul
361 2626 613 2662 facessant
644 2655 651 2663 .
680 2655 687 2663 .
716 2655 723 2663 .
749 2626 878 2661 verbo-

150 2686 234 2709 rum
266 2685 412 2720 pugnae
439 2677 578 2717 167,3o.
606 2694 649 2700 —
677 2676 718 2708 ut
749 2673 878 2718 procul

151 2721 306 2756 facessat
329 2721 467 2756 invidia
491 2723 572 2766 336,
587 2731 614 2757 5.
1458 2759 1463 2766 Ι

198 2768 263 2813 qui
294 2768 487 2814 languidos
515 2797 522 2804 .
550 2796 557 2804 .
586 2796 593 2804 .
619 2767 723 2802 novis
755 2767 878 2801 faci·
975 2766 1073 2799 Pers.
1099 2763 1172 2804 III,
1203 2763 1284 2798 116.
1318 2762 1504 2805 supposlta
1539 2758 1656 2794 face.

151 2816 236 2851 bus
269 2815 442 2851 adhibitis
477 2815 731 2850 exsuscitasset
760 2817 816 2858 92,
831 2825 876 2849 20.
929 2832 970 2837 —
1015 2812 1151 2845 Terent.
1189 2809 1307 2843 Andr.
1344 2808 1378 2850 I,
1415 2809 1456 2847 2,
1486 2809 1542 2843 20.
1580 2806 1653 2848 III,

153 2883 196 2888 —
223 2865 392 2909 egrotum
417 2862 579 2898 animum
604 2890 613 2898 .

633 2889 640 2898 .
660 2889 668 2898 .
689 2865 877 2904 tamquam
927 2862 960 2901 3,
986 2861 1043 2894 27.
1079 2856 1241 2891 animum
1277 2856 1489 2900 aegrotum3
1524 2853 1655 2888 Heaut.
