1942 3198
631 241 930 280 PRAEFATIO
957 242 996 280 O.
1010 242 1059 279 V.
1469 243 1599 279 XLIX

89 366 312 422 eat-scripsit
341 370 380 410 et
416 365 664 410 Ghurrerus
694 365 857 420 eqreqie
887 379 1061 409 munere
1091 379 1168 408 suo
1198 364 1338 418 functi
1375 370 1485 418 sunt,
1527 365 1599 408 ille

90 427 244 471 bonum
283 425 440 470 codicis
479 425 695 480 exemplar
734 424 923 480 scripsit,
966 424 1035 469 hic
1075 424 1204 479 cavit,
1243 439 1296 467 ne
1337 425 1599 468 coniecturas

89 500 193 531 snas
222 485 355 530 textui
384 485 568 539 inferret
581 485 609 539 ¹,
641 484 772 528 etiam
803 485 912 528 locos
943 489 1162 539 corruptos
1181 484 1363 527 intactos
1383 484 1556 538 reliquit
1569 485 1597 526 2.

89 546 151 591 In
195 545 454 599 universum,
503 558 635 599 neque
681 548 823 587 tamen
868 543 1032 599 ubiqm,
1086 544 1255 598 quidem
1305 545 1434 587 verba
1484 558 1599 587 more

58 616 197 649 asaec.
218 605 350 649 XVI
358 604 420 648 in.
444 608 636 648 consueto
656 603 818 659 scripta
847 608 948 647 sunt
961 605 988 658 ³,
1013 603 1243 658 permultis
1274 603 1376 646 locis
1407 617 1452 646 eo
1478 605 1598 647 modo

79 665 235 720 procul
264 663 391 708 dubio
422 678 634 719 expressa,
673 677 754 718 quo
785 665 914 707 codex
943 663 1147 717 antiquus
1178 678 1228 706 ea
1250 663 1463 718 praebuit,
1506 678 1600 707 cum

88 723 192 768 aliis
230 723 334 768 locis
372 725 518 767 eadem
556 723 606 767 in
645 737 803 766 morem
840 723 960 767 illius
1006 723 1100 766 aevi
1148 727 1313 766 mutata
1359 723 1556 778 leqantur
1567 725 1595 766 4.

88 784 243 839 Itaque
281 782 438 828 codicis
472 783 594 827 illius
622 807 683 812 —
713 782 788 838 qui
827 782 995 838 quidem
1035 784 1148 837 quod
1176 782 1359 837 perierit
1371 783 1398 837 ⁵,
1440 797 1599 826 summe

89 843 314 887 dolendum
342 867 404 873 —
433 843 540 886 satis
571 844 726 886 bonum
756 843 972 897 exemplar
1001 842 1128 886 editio
1165 843 1268 886 haec
1307 842 1487 885 maximi
1527 844 1599 886 ha-

41 918 76 945 ιο
89 903 226 951 benda
257 906 328 957 est,
361 901 514 958 quippe
538 916 646 956 quae
667 902 812 946 multis
834 902 936 946 locis
956 903 1048 945 sola
1068 917 1214 945 veram
1235 902 1450 946 Zectibnem
1472 917 1599 957 prae-

89 963 194 1016 beat,
226 961 300 1006 ubi
320 962 430 1005 alter
450 963 578 1006 eodeoe
598 962 814 1016 antiquus,
847 976 898 1005 esc
919 976 1000 1016 quo
1022 961 1123 1004 libri
1143 961 1426 1016 manuscripti
1457 977 1602 1005 omnes

88 1021 272 1066 derivati
301 1026 414 1076 sunt,
446 1021 642 1064 vitiatam
662 1021 822 1075 habuit,
855 1021 1097 1064 innumeris
1118 1021 1231 1076 locis,
1265 1021 1417 1075 quibus
1439 1022 1600 1065 codices

88 1081 302 1125 diversam
347 1080 564 1125 lectionem
606 1082 833 1136 praebent,
882 1083 1043 1135 doceat,
1091 1085 1191 1124 utra
1236 1081 1482 1135 recipienda
1527 1081 1597 1125 sit.

87 1140 310 1184 Editionis
330 1140 550 1196 principis
580 1141 874 1196 apographum
904 1140 1088 1184 continet

40 1218 76 1244 15
230 1201 361 1256 Ala)
394 1201 523 1244 codex
553 1200 654 1243 olim
685 1199 852 1244 archivi
875 1199 996 1255 reyii,
1030 1214 1145 1243 nunc
1166 1199 1436 1244 bibliothecae
1456 1201 1599 1256 reyiae

86 1259 427 1304 Dresdensis
462 1274 484 1303 e
517 1263 586 1314 31,
627 1260 760 1303 chart.
794 1260 860 1314 4⁰,
893 1274 1002 1303 saec.
1029 1259 1485 1314 XVIex.-—XVII,
1513 1265 1596 1303 120

86 1319 292 1373 foliorum
303 1320 329 1364 ⁶.
402 1320 524 1374 Quod
561 1324 608 1363 ut
646 1321 917 1374 ostenderem,
958 1334 1081 1374 saepe
1113 1319 1316 1363 adnotavi
1346 1320 1459 1363 hunc
1491 1320 1597 1364 codi-

87 1393 175 1423 cem
203 1381 350 1423 eadem
379 1381 534 1423 menda
565 1379 718 1423 habere
742 1383 867 1433 atque
887 1379 979 1434 Al,
1012 1381 1087 1422 sed
1116 1379 1208 1422 eius
1238 1394 1350 1422 nova
1379 1379 1498 1433 vitia,
1532 1394 1597 1423 ex-

87 1438 216 1494 ceptis
236 1438 469 1495 perpaucis
499 1438 613 1493 locis,
647 1439 783 1493 omisi,
817 1453 911 1482 cum
941 1453 992 1482 ea
1023 1438 1186 1482 nullius
1206 1439 1405 1482 momenti
1435 1440 1535 1482 sint.

39 1517 76 1543 ιο
237 1498 292 1543 G.
322 1499 387 1542 H.
419 1498 548 1542 Pertz
588 1499 625 1541 b.
656 1512 712 1541 m.
745 1498 914 1553 quidem
952 1498 1036 1541 sibi
1062 1500 1367 1553 persuaserat⁷
1403 1504 1598 1554 excerpta

87 1559 296 1613 quaedam
327 1557 472 1602 brevia
502 1572 554 1602 ex
584 1557 807 1613 Lamperti
837 1557 1098 1611 Annalibus,
1131 1558 1292 1612 scripta
1322 1573 1350 1601 a
1383 1559 1597 1613 Stephano

87 1618 322 1672 Lerlder
355 1617 561 1661 monacho
601 1617 998 1671 Wessobrunnensi,
1037 1631 1145 1671 quae
1176 1632 1216 1659 a.
1245 1622 1372 1660 1871.
1415 1618 1598 1662 Monaci

87 1677 128 1721 ei
157 1677 300 1721 oblata
329 1681 465 1731 erant,
503 1677 590 1720 sive
621 1690 673 1720 ex
703 1677 841 1721 codice
880 1676 1235 1731 Wittenberyensi
1265 1676 1352 1720 sive
1383 1691 1435 1720 ea:
1466 1679 1598 1720 altero

89 1736 227 1780 codice
266 1736 335 1781 illi
372 1736 591 1780 simillimo
623 1737 834 1791 exscripta
874 1751 979 1789 esse,
1021 1737 1096 1779 sed
1136 1735 1209 1778 ίΝ.
1242 1736 1420 1779 Archiv’
1455 1737 1596 1790 XIX,

39 1814 76 1841 25
79 1810 128 1850 p.
150 1799 235 1839 144
250 1809 339 1851 sqq.
362 1795 526 1839 ostendi
556 1810 608 1839 ea
629 1795 776 1850 potius
806 1809 858 1838 ex
888 1795 1070 1838 editione
1092 1794 1292 1849 principe
1322 1800 1490 1850 sumpta
1512 1810 1599 1838 esse

87 1855 262 1910 ideoque
292 1854 410 1899 omni
430 1854 572 1910 pretio
603 1869 760 1899 carere.
819 1855 941 1899 Unde
961 1854 1132 1897 variam
1153 1854 1368 1898 tectionem
1391 1855 1599 1909 Stephani

90 1962 125 2005 1)
153 1959 255 2004 Quod
277 1971 357 1994 cum
377 1961 572 2006 perpaucis
597 1961 682 1995 locis
705 1961 843 2002 factum
868 1971 940 1994 esse
962 1961 1117 1994 conicere
1136 1969 1270 2003 posses,
1300 1963 1339 1993 ut
1365 1971 1404 2004 p.
1424 1961 1481 2003 69,
1509 1960 1531 1995 Ζ.
1551 1962 1596 1997 19

88 2010 142 2050 (n.
158 2018 219 2048 m;
243 2008 290 2051 cf.
317 2007 375 2044 (Ν.
389 2008 539 2042 Archiv’
560 2007 670 2052 XIX,
691 2019 734 2052 p.
754 2009 834 2052 163,
859 2019 895 2044 n.
914 2009 966 2051 2).
991 2009 1051 2051 80,
1077 2018 1112 2043 n.
1130 2007 1155 2043 1.
1182 2009 1263 2049 100,
1289 2019 1324 2043 n.
1343 2018 1377 2051 q.
1406 2010 1486 2050 132,
1513 2018 1549 2044 n.
1565 2018 1596 2044 e.

90 2056 172 2099 182,
190 2066 226 2091 n.
241 2054 276 2091 d.
303 2057 386 2100 192,
403 2066 440 2092 n.
454 2054 479 2092 f.
505 2057 588 2100 226,
607 2066 643 2091 n.
657 2067 693 2101 p.
719 2057 802 2099 237,
821 2066 858 2092 n.
871 2067 896 2101 g
913 2058 999 2100 (quo
1017 2056 1089 2090 loco
1104 2055 1252 2088 dubium
1269 2058 1329 2099 est,
1348 2066 1436 2089 num
1455 2066 1512 2089 ver
1514 2055 1596 2089 bum

41 2081 184 2147 noquoc'i
205 2103 310 2138 habet
333 2081 396 2140 A'l
422 2104 464 2138 in
487 2106 623 2138 tea-tum
647 2104 888 2147 recipiendum
912 2105 988 2146 sit).
1014 2104 1096 2145 278,
1122 2114 1158 2138 n.
1175 2114 1213 2138 n.
1237 2104 1320 2146 280,
1346 2114 1381 2138 n.
1399 2102 1436 2147 h,
1461 2103 1598 2136 duobus

88 2151 599 2195 tantumlocnsoenooomtat,
626 2151 989 2196 videlicetp.87,18
1014 2151 1080 2194 (cf.
1095 2162 1133 2195 p.
1146 2151 1336 2195 358)etp.
1351 2151 1433 2194 125,
1454 2161 1489 2186 n.
1504 2162 1539 2194 n,
1566 2155 1596 2184 et

56 2195 226 2280 p.,01197
251 2209 288 2234 n.
305 2197 330 2234 1.
356 2197 531 2243 epilepsia
549 2207 624 2243 pro
632 2197 839 2282 θρῦοέῗεί
864 2199 958 2242 falso
975 2202 1261 2288 ἐονυζὲκαηιιὲεγε.
1366 2198 1483 2288 2)19[ἑι
1506 2209 1595 2242 quo-

26 2331 30 2334 ,
86 2255 126 2338 ξς
141 2247 979 2338 EwmxawutbiuomffNomibaaeffnednkzb
995 2256 1412 2349 ἱπιερίαρὺηφητιιιτὲαὲιιε
1428 2304 1472 2327 eoe
1472 2257 1596 2327 chzble

41 2349 77 2376 ⁸⁶
88 2343 227 2386 recepta
241 2344 339 2375 sunt.
364 2341 415 2375 At
429 2341 674 2385 diphthonyus
690 2341 819 2376 codicis
834 2352 894 2386 uo,
911 2339 946 2385 fi,
960 2342 982 2375 ὅ
999 2341 1126 2384 ubique
1143 2342 1218 2396 fere
1235 2342 1275 2374 in
1292 2352 1316 2374 u
1334 2342 1387 2374 iel
1403 2351 1424 2374 o
1442 2344 1593 2383 mutata,

89 2387 219 2422 sillaba
234 2386 339 2423 Liut-
363 2393 404 2422 ut
427 2389 474 2422 ab
497 2389 661 2423 munibus
685 2389 762 2431 fere
785 2389 982 2423 recentibus
1005 2389 1133 2422 scribis
1159 2390 1197 2422 in
1216 2387 1319 2422 Luit-
1336 2393 1507 2432 corrupta
1534 2393 1594 2423 est.

87 2436 374 2526 nfflissffim
362 2436 615 2566 2225&ssssss
630 2435 1595 2539 Ρὲἶζῗέἷῖἓιῗηέἶὲῗΐῑὲἔι,Ἢΐῖἱῖῖῗῗὲἒίῗεὲἕζ

0 2563 6 2570 ,
88 2540 347 2587 nonnunquam
373 2541 427 2575 pr
426 2530 539 2574 τιούκ)
573 2531 612 2565 in
645 2531 758 2565 codice
789 2532 965 2575 scriptum
998 2531 1111 2573 fuisse
1144 2531 1294 2574 videtur,
1330 2531 1424 2574 quod
1457 2530 1509 2563 dn·
1538 2532 1596 2563 in-

0 2600 2 2602 ·
42 2578 222 2621 iupa-imis
253 2577 367 2620 fuisso
395 2582 497 2635 puto,
531 2578 596 2612 ubi
628 2578 734 2613 editio
766 2582 890 2613 contra
914 2579 1104 2622 antiquum
1129 2588 1209 2612 mor
1210 2588 1261 2612 em
1286 2578 1389 2612 habet
1415 2576 1592 2612 ſtrberthus

0 2643 20 2671 L,
96 2624 140 2659 Ut
164 2634 210 2659 ea·
231 2625 382 2660 ediciam
399 2626 567 2670 principe
592 2629 622 2660 κ
646 2626 822 2661 codicibus
844 2629 1008 2671 apparet,
1034 2626 1161 2670 Lamp.
1187 2626 1290 2659 modo
1316 2625 1467 2668 -bertus‚
1494 2624 1594 2658 modo

0 2677 6 2725 ⁵5
91 2670 241 2706 -berdus
264 2673 422 2716 scripsit,
446 2677 551 2717 atque
574 2677 745 2718 utraeque
769 2673 836 2707 hae
860 2675 1046 2707 nominum
1070 2673 1211 2715 formae
1236 2674 1275 2706 in
1299 2674 1411 2706 cartis
1433 2671 1594 2714 Hersfel-

0 2731 4 2745 τ
89 2718 256 2754 deensibus
280 2722 311 2754 κ
333 2719 574 2755 fuldensibus
598 2722 675 2755 eius
698 2722 868 2766 temporis
891 2721 1068 2764 lequntur.
1210 2721 1246 2763 5)
1275 2721 1450 2763 Georyius
1476 2719 1594 2752 Waitz

91 2766 122 2802 b.
147 2777 195 2802 m.
219 2767 420 2801 maa-imam
443 2778 582 2811 curam,
608 2771 648 2801 ut
673 2778 751 2802 eum
775 2769 960 2812 reperiret,
991 2768 1139 2810 frustra
1163 2767 1348 2807 adhibuit,·
1385 2768 1430 2809 cf.
1458 2767 1523 2801 SS.
1551 2767 1591 2809 V,

42 2822 125 2859 usp.
142 2814 222 2857 149,
240 2824 278 2850 n.
291 2814 349 2850 67.
386 2813 482 2848 Eum
502 2816 653 2860 periisse
676 2817 752 2849 iam
776 2826 872 2850 nunc
894 2819 987 2850 certo
1011 2818 1157 2851 constat.
1232 2816 1270 2859 6)
1295 2794 1352 2856 Ost.
1373 2815 1430 2850 (Ν.
1444 2814 1593 2847 Archi&

90 2860 202 2942 ξιξ,
222 2871 260 2905 p.
279 2861 415 2944 ῗὲξὲᾳ.
456 2863 548 2943 “172
574 2862 760 2941 Latgxbeir‘lti
782 2863 984 2898 Annalium
1010 2863 1116 2897 editio
1141 2862 1268 2904 altera,
1294 2873 1384 2906 quae
1408 2863 1502 2895 inter
1527 2860 1593 2895 SS.

128 2935 136 2944 .
192 2935 200 2944 .
226 2919 260 2943 α.
375 2935 383 2944 .
403 2919 456 2953 pr
502 2920 529 2943 n
544 2934 556 2952 ,
575 2920 616 2953 p.
743 2934 751 2942 .

1246 2979 1305 3014 IV
