2014 3184
382 206 453 241 448

382 322 600 359 admittebat
617 327 674 370 85,
686 338 731 363 25.
761 348 802 353 —
829 328 931 364 Nihil
956 330 1009 365 illi
1030 333 1106 376 pla-

382 370 545 415 cationis,
571 372 661 407 nihil
686 374 884 411 laxamenti
911 377 1105 414 admitten-

380 420 434 451 tes
460 420 541 462 208,
558 433 582 455 1.

428 467 648 509 apostolicae
698 469 792 504 sedis
851 471 1105 517 legatione

380 511 526 547 functus
553 515 692 550 abierat
717 519 774 560 64,
788 529 815 554 5.
853 539 896 544 —
922 520 1104 566 legatione

379 560 479 605 regia
514 561 658 597 functus
695 566 778 609 225,
797 578 840 602 30.
882 587 923 592 —-
959 568 1104 604 functus

378 607 560 652 legatione
586 611 682 656 regis
707 614 848 656 271,1ο.

426 656 562 691 crebris
589 658 926 704 legationibus
961 662 1103 709 fatigati

379 705 499 747 161,5.
533 725 577 729 —-
604 706 728 740 multis
755 735 762 742 .
791 736 797 743 .
826 737 833 744 .
860 709 1102 755 legationibus

378 754 414 784 et
431 751 755 795 supplicationibus
773 754 946 801 fatigatus
963 760 1044 803 220,
1059 771 1100 795 15.

424 802 572 833 vocatus
599 811 640 835 eo
667 801 803 836 crebris
835 803 1101 850 legationi-

376 844 460 879 bus
498 848 576 889 122,
594 859 636 883 15.
675 869 716 873 -
751 851 886 885 crebris
912 851 1101 897 legationi-

375 891 441 926 bus
468 895 649 938 urgebant
673 895 856 942 principes
884 901 962 943 168,
977 912 1022 936 20.
1057 922 1098 926 —

375 940 512 974 crebris
548 942 788 987 legationibus
824 946 942 980 adorti
969 947 1099 983 ducem

374 989 455 1031 213,
476 999 518 1024 15.
558 1010 599 1014 -—
636 991 771 1026 crebris
796 993 1038 1038 legationibus
1063 999 1100 1031 et

448 1063 455 1071 .
492 1037 641 1072 assiduis
668 1039 990 1084 supplicationibus
1026 1072 1032 1079 .
1059 1072 1066 1079 .
1090 1073 1098 1080 .

373 1082 451 1127 regi
475 1083 702 1120 inminebant
727 1089 868 1132 239,15.

421 1131 565 1165 obviarn
592 1132 786 1178 legatos
812 1135 857 1170 de
876 1147 966 1181 pace
992 1138 1098 1174 mise-

372 1180 458 1211 runt
486 1181 564 1224 191,
579 1191 623 1216 25.
662 1201 702 1206 -—-
731 1185 772 1216 ut
797 1183 935 1228 legatos
961 1186 1096 1230 suppli·

372 1235 430 1259 ces
457 1225 501 1260 de
526 1238 616 1270 pace
641 1228 790 1264 mittant
815 1233 954 1274 216,15.

417 1319 609 1365 legatos
644 1351 651 1358 .
690 1351 697 1359 .
731 1323 802 1369 Qui
831 1325 965 1360 iterum
996 1327 1095 1362 missi

368 1366 574 1411 iterumque
591 1370 731 1404 remissi
758 1374 838 1417 155,
849 1385 894 1409 20.
919 1394 964 1398 ——
983 1375 1094 1419 legati

368 1413 444 1448 sine
480 1414 613 1450 effectu
647 1419 783 1452 reversi
807 1423 901 1456 sunt.
951 1420 1093 1456 Iterum

368 1461 456 1495 alios
492 1465 601 1506 atque
636 1464 725 1499 alios
759 1466 937 1502 miserunt
967 1471 1049 1512 213,
1063 1481 1090 1506 5.

369 1528 411 1532 —-
446 1509 584 1554 legatos
619 1539 626 1546 .
661 1541 668 1548 .
697 1539 705 1547 .
741 1513 968 1552 dimiserunt.
1017 1516 1092 1551 Ite-

366 1567 448 1589 rum
474 1557 563 1591 alios
589 1561 696 1603 atque
723 1560 812 1595 alios
836 1562 935 1596 misit
951 1565 1033 1608 280,
1044 1575 1090 1600 25.

369 1623 410 1627 -—
437 1603 566 1649 legatis
599 1607 742 1642 assiduo
769 1609 938 1644 euntibus
970 1622 1011 1645 ac
1035 1623 1090 1646 re—

366 1649 560 1686 deuntibus
585 1656 666 1699 235,
680 1666 707 1690 5.

413 1698 512 1735 si..
544 1728 551 1735 .
581 1701 715 1748 leges
743 1731 751 1738 .
779 1729 786 1737 .
814 1729 822 1737 .
853 1707 950 1739 ratas
975 1706 1089 1741 invio-

364 1745 526 1790 latasque
552 1747 630 1782 fore
654 1752 843 1794 pateretur
869 1754 948 1797 107,
962 1764 1008 1789 25.
1045 1774 1087 1779 --

364 1792 393 1826 si
419 1805 523 1828 suum
551 1796 681 1841 cuique
707 1797 872 1833 ordinem
899 1828 907 1836 .
927 1828 933 1836 .
955 1827 980 1844 .,
1006 1812 1089 1835 suas

362 1839 461 1884 leges
498 1844 596 1876 tutas
637 1844 899 1890 inviolatasque
940 1859 1089 1883 manere

362 1890 550 1932 pateretur
577 1893 715 1935 152,15.
750 1913 792 1918 ——
819 1894 916 1939 leges
942 1906 984 1930 ac
1008 1896 1088 1930 iura

362 1946 426 1968 sua
447 1935 650 1972 Saxonibus
675 1942 755 1974 rata
779 1952 928 1976 manere
953 1942 1087 1978 sineret

362 1984 510 2026 27O,15.
547 2005 588 2010 —
624 1986 744 2030 legem
778 1988 863 2022 tulit
896 1992 1086 2035 ratamque

361 2028 438 2064 f01e
463 2030 501 2064 in
526 2036 743 2076 perpetuum
769 2034 872 2069 iussit
896 2039 976 2081 332,
991 2049 1036 2074 25.

407 2080 448 2111 ut
473 2078 672 2123 antiquitus
697 2081 831 2116 tradita
856 2086 1084 2120 monasteriis

359 2124 431 2158 suis
458 2125 708 2171 legittima
742 2131 822 2162 rata
855 2130 1082 2167 inconvulsa—

359 2182 429 2214 que
453 2184 603 2208 manere
628 2174 763 2209 sineret
789 2178 927 2219 142,15.
963 2199 1009 2204 —
1041 2182 1082 2214 ut

359 2246 366 2253 .
388 2247 394 2254 .
414 2247 422 2254 .
448 2220 628 2264 legittima
658 2233 679 2256 a
703 2223 829 2266 primis
855 2225 1080 2269 temporibus

358 2269 493 2301 statuta
512 2271 592 2302 rata
617 2271 726 2313 atque
742 2270 916 2306 inviolata
931 2283 1080 2308 manere

356 2314 450 2348 sinat
478 2317 556 2360 178,
570 2327 597 2352 5.
626 2337 668 2341 -
695 2319 736 2351 ut
761 2318 940 2364 legittima
964 2331 1030 2355 sua
1059 2332 1080 2355 a

354 2361 482 2404 primis
507 2362 634 2398 diebus
668 2367 803 2400 statuta
836 2368 916 2401 rata
941 2367 1009 2402 sibi
1041 2368 1079 2402 in

353 2411 573 2453 perpetuum
599 2414 708 2455 atque
726 2412 939 2448 inconvulsa
954 2426 1078 2450 mane-

353 2459 435 2490 rent
460 2459 540 2501 201,
555 2468 581 2493 5.

401 2504 499 2546 quod
530 2516 596 2548 pro
629 2506 868 2542 libertate
903 2520 977 2554 sua,
1009 2522 1076 2555 pro

353 2550 576 2596 coniugibus,
607 2564 675 2597 pro
700 2554 822 2588 liberis
854 2567 955 2590 arma
979 2569 1075 2591 sum-

350 2597 505 2640 psissent
541 2601 620 2644 165,
646 2611 689 2636 15.
727 2622 769 2626 —
805 2605 846 2636 ut
881 2631 888 2638 .
923 2632 930 2639 .
965 2632 972 2639 .
1007 2616 1074 2649 pro

350 2644 530 2689 libertate,
567 2658 634 2691 pro
669 2648 821 2693 legibus,
855 2661 922 2694 pro
956 2652 1074 2695 patria

350 2703 413 2725 sua
447 2692 619 2728 indefessi
653 2694 826 2730 dimicent
858 2700 938 2743 178,
952 2710 996 2734 20.
1029 2720 1071 2724 —

348 2738 511 2773 iurarent
536 2752 573 2775 se
597 2753 664 2785 pro
689 2744 824 2788 patria,
855 2756 922 2788 pro
948 2746 1071 2780 coniu-

348 2786 462 2830 gibus,
489 2798 555 2831 pro
578 2788 711 2834 liberis,
736 2802 804 2834 pro
828 2792 978 2837 legibuS,
1003 2805 1070 2838 pro

347 2832 514 2870 libertate
539 2846 603 2869 sua
635 2864 642 2872 .
671 2864 678 2872 .
706 2865 714 2873 .
749 2838 968 2874 militaturos
994 2852 1071 2875 esse

868 209 1030 247 INDEX
1055 213 1406 253 LOOUTIONUM.

1157 346 1224 371 nec
1249 338 1378 374 veniae
1403 339 1558 387 habere3
1593 343 1724 390 XXII,
1751 349 1810 385 37.
1843 350 1891 386 1ιῂ

1156 383 1275 419 minus
1300 385 1498 424 laxamenti
1522 389 1682 430 daretur.

1203 481 1237 514 2.
1264 480 1382 518 Mach.
1408 485 1442 526 4,
1473 486 1527 520 11.
1559 485 1708 523 functus
1732 492 1787 524 est
1815 489 1886 527 le-

1153 526 1356 570 gatione
1391 529 1573 578 legitima3
1607 536 1641 571 2.
1663 535 1744 572 Cor.
1770 539 1804 583 5,
1821 539 1884 576 20.

1154 573 1336 619 legatione
1374 576 1582 624 fungimur;
1620 581 1718 626 Eph.
1753 586 1786 629 6,
1820 587 1878 623 20.

1153 632 1220 665 pro
1247 634 1319 667 quo
1345 624 1527 670 legatione
1553 627 1571 662 f
1689 657 1698 666 .

1201 670 1331 706 lustin.
1350 672 1419 715 IX,
1434 675 1466 716 3,
1481 676 1522 710 6.
1540 674 1883 721 legatio-nibus

1154 714 1346 752 Graeciam
1371 719 1547 766 fatigant3
1572 722 1761 768 XXXIII,
1785 727 1820 772 2,
1845 729 1880 765 1.

1152 763 1396 808 legationibus
1417 767 1618 804 civitatium
1643 774 1772 816 senatu
1795 773 1879 811 fati-

1151 813 1255 856 gat03
1281 813 1426 858 XXIX,
1445 817 1480 859 4,
1495 818 1527 853 7.
1552 817 1727 854 auxilium
1752 823 1879 865 peten—

1152 860 1206 893 tes
1221 858 1433 906 Philippum
1451 863 1694 910 legationibus
1710 866 1880 915 fatigant.

1152 926 1197 931 —
1223 908 1310 943 Sall.
1330 909 1407 952 luy.
1423 911 1480 947 66.
1506 910 1650 958 fatigati
1673 914 1769 961 regis
1790 927 1880 963 sup·

1150 953 1277 998 pliciis.

1205 1144 1244 1180 V.
1270 1145 1384 1182 Mart.
1402 1148 1436 1182 4.
1462 1146 1583 1183 hostes
1607 1149 1802 1196 legatos
1826 1152 1878 1189 de

1146 1202 1237 1235 pace
1279 1192 1466 1231 miserunt.
1511 1215 1554 1221 —
1595 1198 1713 1234 Amm.
1755 1199 1874 1238 Maro.

1145 1238 1316 1283 XXVII,
1343 1243 1376 1286 5,
1395 1244 1427 1277 7.
1463 1244 1504 1276 ut
1528 1243 1668 1290 legatos
1693 1246 1871 1292 supplices

1145 1297 1252 1330 saepe
1262 1287 1450 1323 mittentes
1465 1317 1472 1325 .
1486 1318 1493 1326 .
1506 1319 1514 1326 .
1527 1295 1721 1335 poscerent
1729 1304 1872 1338 paoem.

1191 1334 1269 1370 Liv.
1288 1334 1432 1378 XXIV,
1446 1338 1479 1372 6.
1505 1338 1741 1384 legatique
1758 1340 1868 1379 adH.

1142 1380 1242 1414 missi
1268 1392 1310 1416 ac
1335 1383 1485 1420 remissi.
1518 1404 1560 1410 -—
1587 1386 1675 1423 Sall.
1701 1387 1782 1432 Iuy.
1806 1390 1867 1427 83.

1142 1437 1250 1472 saepe
1287 1429 1403 1464 missis
1443 1431 1674 1478 remissisque
1713 1435 1866 1471 nunciis.

1144 1494 1186 1499 —
1213 1475 1291 1512 Liv.
1310 1477 1363 1520 ΙΙ,
1380 1480 1438 1521 39,
1458 1481 1513 1515 12.
1537 1480 1684 1526 (legati).
1722 1481 1866 1519 Iterum

1141 1521 1272 1557 deinde
1297 1523 1395 1559 idem
1419 1526 1520 1560 missi
1542 1539 1618 1563 non
1638 1529 1871 1575 recipiuntur

1139 1569 1177 1603 in
1203 1573 1329 1607 castra.

1173 2512 1262 2548 Sall.
1285 2514 1359 2550 Cat.
1384 2516 1440 2550 58.
1467 2526 1532 2549 nos
1549 2527 1617 2560 pro
1633 2518 1764 2564 patria,
1780 2530 1850 2565 pro

1125 2558 1384 2605 libertate,
1428 2573 1496 2606 pro
1533 2563 1609 2598 vita
1646 2567 1848 2611 certamus3

1124 2608 1181 2642 59.
1208 2617 1245 2641 se
1269 2619 1336 2651 pro
1362 2609 1491 2652 patria,
1522 2622 1590 2655 pro
1615 2612 1748 2658 liberis,
1778 2625 1851 2659 pro

1124 2653 1194 2687 aris
1220 2656 1328 2698 atque
1354 2656 1442 2690 focis
1468 2657 1540 2692 suis
1567 2661 1726 2705 certare3
1753 2662 1786 2698 6.
1803 2660 1846 2696 li-

1121 2700 1313 2746 bertatem,
1340 2703 1498 2747 patriam
1522 2708 1764 2751 parentesque
1789 2719 1845 2743 ar-

1120 2747 1188 2781 mis
1213 2750 1347 2794 tegere.
1376 2770 1418 2775 —
1446 2751 1526 2788 Liv.
1549 2753 1659 2798 VIII,
1681 2757 1736 2790 10.
1767 2766 1844 2790 me·

1119 2806 1239 2829 mores
1263 2797 1403 2840 patriae
1420 2802 1686 2844 parentumque
1705 2803 1741 2836 et
1758 2813 1844 2837 con-

1119 2841 1245 2887 iugum
1271 2854 1312 2878 ac
1337 2844 1548 2880 liberorum.
