2046 3190
505 241 776 303 LAQOEERTI
800 239 1056 276 ANNALES.
1106 239 1153 275 A.
1182 241 1286 276 1075.
1589 240 1660 275 209

147 367 469 412 communione
498 366 624 408 omni
651 365 817 407 modoa
845 363 1102 406 abstineret
1132 364 1179 405 et
1211 361 1554 417 promulgatam
1587 361 1660 402 ad-
1677 359 1780 394 1075.

146 442 304 472 versus
351 441 457 470 eum
505 425 787 482 apostolicae
840 422 1332 466 excommunicationis
1380 421 1659 463 sententiam
1673 406 1777 438 (Apu)

147 487 360 531 omnibus
392 486 636 529 Teutonici
676 484 809 540 regni
850 482 1137 539 principibus
1179 483 1339 524 notam
1380 481 1569 531 faceret,
1614 482 1661 522 et

147 562 252 591 cum
283 547 485 604 primum
518 545 832 588 conficiendae
872 543 941 585 rei
971 542 1195 597 temporis
1227 540 1522 597 oportunitas
1555 540 1660 581 arri-

115 608 293 659 tsisset,
337 607 481 649 alium
523 619 606 662 pro
649 619 702 648 eo
735 602 1202 657 Babenbergensibus
1245 601 1513 656 episcopum
1545 599 1660 641 ordi-

146 669 292 710 naret.
342 666 478 719 Quod
508 665 592 708 ubi
613 663 990 718 Babenbergensi
1023 661 1238 717 episcopo
1261 662 1550 715 compertum
1577 661 1659 708 est,

145 727 325 770 nullam
366 726 584 781 deinceps
626 738 755 780 spem
797 723 885 765 sibi
924 722 1152 776 reliquam
1192 720 1282 762 nisi
1322 721 1373 761 in
1414 719 1662 761 clementia

146 787 344 830 Romani
374 785 609 842 pontificis
640 785 741 826 fore
766 785 909 833 ratus,
944 781 1187 824 conductis
1220 780 1300 835 qui
1322 793 1507 822 causam
1531 792 1661 820 suam

148 847 272 903 apud
304 847 460 889 sedem
492 844 795 900 apostolicam
828 842 1014 884 dicendi
1045 843 1144 882 arte
1176 841 1432 890 tuerentur,
1466 839 1661 880 Romam

100 921 135 946 10
147 906 362 963 perrexit.
427 905 518 948 Sed
558 903 756 946 Romani
795 901 1029 958 pontificis
1070 900 1333 942 constantia
1374 900 1421 940 et
1461 898 1661 939 invictus

148 967 367 1008 adversus
400 964 647 1007 avariciam
679 963 860 1004 animus
892 961 1047 1003 omnia
1079 959 1356 1002 excludebat
1389 959 1663 1013 argumenta

149 1027 379 1068 humanae
419 1024 650 1066 fallaciae.
713 1022 878 1064 Multis
910 1020 1124 1070 lacrimis,
1169 1018 1329 1060 multis
1367 1017 1662 1072 supplicatio-

148 1085 298 1137 nibus,
333 1079 522 1126 multisb
549 1082 783 1126 rethorica
815 1083 913 1123 arte
946 1079 1212 1135 compositis
1245 1076 1661 1133 disceptationibus

149 1146 226 1187 vix
266 1145 354 1187 hoc
395 1144 546 1186 solum
587 1142 804 1193 obtinuit,
847 1142 902 1182 ut
943 1153 997 1182 ea
1045 1139 1315 1181 condicione
1363 1137 1660 1178 anathemate

102 1220 136 1246 1⁵
150 1205 479 1255 absolveretur,
522 1204 764 1258 quatenus,
806 1200 889 1242 ubi
930 1200 1156 1255 primumc
1195 1198 1245 1239 in
1285 1196 1483 1252 patriam
1524 1195 1661 1237 redis-

150 1261 266 1316 setd,
314 1263 646 1306 monasterium
692 1261 1014 1316 ingrederetur
1066 1260 1204 1312 atque
1251 1257 1318 1298 ibi
1371 1256 1587 1310 deinceps
1636 1269 1663 1295 a

150 1323 330 1367 cunctis
369 1323 420 1364 in
456 1323 759 1378 perpetuume
799 1319 944 1362 seculi
985 1318 1167 1360 actibus
1207 1317 1403 1359 feriatus
1441 1314 1662 1357 scandali-

150 1386 300 1426 zatam
342 1397 426 1425 sua
457 1381 710 1424 ambitione
753 1379 1024 1422 aecclesiam
1057 1377 1198 1432 digna
1236 1375 1555 1417 satisfactione
1589 1374 1661 1415 de-

150 1444 282 1496 fleret
298 1442 326 1485 1.
388 1442 467 1484 Ita
511 1454 745 1496 regressus
791 1440 843 1480 in
888 1438 1100 1494 patriam,
1151 1450 1255 1478 cum
1301 1436 1425 1476 iussa
1465 1433 1662 1475 Romani

102 1520 138 1546 20
150 1503 383 1560 pontificis
428 1501 666 1544 retulisset
714 1500 773 1541 ad
820 1498 993 1540 milites
1041 1510 1159 1547 suos,
1210 1495 1377 1550 quibus
1419 1508 1466 1536 se
1514 1493 1664 1534 multa

151 1563 403 1618 largicione
456 1561 706 1603 admodum
758 1557 1029 1614 popularem
1082 1558 1415 1611 acceptumque
1471 1553 1660 1602 fecerat,

151 1623 449 1665 vehementer
479 1620 752 1663 restiterunt
764 1614 798 1669 f,
837 1616 1212 1671 indignissimum
1243 1615 1343 1656 fore
1377 1614 1582 1655 dicentes
1617 1614 1663 1654 et

149 1682 282 1723 nulla
320 1683 445 1723 retro
492 1680 718 1721 maiorum
765 1677 986 1719 memoria
1031 1676 1082 1717 in
1128 1674 1362 1717 aecclesiis
1405 1672 1662 1714 Galliarum
1677 1686 1802 1717 ofin-m.
1814 1686 1893 1715 ιω,

152 1742 240 1784 hoc
273 1740 507 1789 accidisse,
540 1741 595 1780 ut
627 1738 724 1780 sine
757 1736 946 1792 publica
978 1734 1219 1777 audientia
1250 1735 1297 1775 et
1330 1732 1551 1774 canonica
1578 1731 1663 1772 dis-

103 1817 140 1843 25
153 1801 376 1850 cussione,
420 1799 544 1854 quod
573 1811 659 1840 nec
691 1797 862 1838 infimis
894 1795 1081 1850 quidem
1113 1793 1333 1848 gradibus
1367 1792 1661 1846 competeret,

153 1861 394 1916 episcopus
417 1858 746 1913 deponeretur3
779 1869 875 1897 non
906 1855 1025 1896 hanc
1058 1853 1287 1908 privatam
1318 1851 1445 1892 illius
1478 1864 1574 1892 esse
1600 1850 1663 1890 in-

152 1920 338 1970 iuriam,
397 1918 456 1960 ad
514 1930 804 1959 communem
860 1915 1019 1970 pocius
1072 1914 1279 1968 spectare
1333 1910 1663 1953 contumeliam

153 1979 373 2029 omnium,
408 1978 487 2032 qui
517 1976 721 2019 tuendae
744 1973 1143 2028 Babenbergensis
1170 1971 1420 2014 aecclesiae
1444 1969 1663 2024 dignitati

154 2052 341 2094 operam
373 2051 502 2079 suam
536 2036 759 2078 deberent
791 2036 838 2076 et
871 2034 968 2076 eius
1002 2033 1215 2088 episcopo
1248 2031 1332 2072 sub
1366 2029 1663 2071 iureiurando

105 2115 140 2141 30
155 2099 293 2140 fidem
325 2097 570 2147 dixissent;
605 2097 652 2138 et
682 2095 788 2136 ideo
821 2096 1026 2136 extrema
1052 2091 1206 2134 omnia
1238 2091 1364 2146 prius
1398 2092 1470 2131 see
1511 2102 1663 2143 exper-

153 2160 283 2200 turos
315 2170 425 2208 esse,
460 2170 598 2211 quam
630 2156 862 2197 servatum
895 2153 954 2194 ad
987 2166 1070 2194 sua
1099 2153 1310 2206 tempora
1340 2149 1468 2190 illius
1496 2147 1664 2190 aeccle—

154 2218 248 2260 siae
290 2217 511 2259 honorem
552 2215 756 2257 sinerent
797 2212 1036 2255 fedissimo
1078 2212 1165 2253 hoc
1204 2209 1414 2264 exemplo
1447 2207 1663 2250 contami-

153 2277 268 2318 nari.
346 2275 434 2317 His
480 2275 562 2317 ille
609 2273 844 2329 promissis
897 2272 1147 2321 animatus,
1200 2269 1415 2324 neglecto
1467 2266 1664 2308 Romani

154 2335 387 2392 pontificis
420 2335 634 2384 decreto,-
653 2332 930 2386 Babenberg
959 2331 1111 2381 rediit,
1154 2330 1310 2383 ibique
1344 2327 1451 2368 IIII
1483 2326 1557 2368 vel
1590 2325 1660 2366 Vn
1678 2338 1788 2371 (ium-0)

106 2467 140 2492 35
154 2465 183 2495 a)
208 2463 329 2489 omnino
355 2461 477 2495 Bib.2;
508 2462 545 2493 cf.
569 2468 662 2493 supra
682 2468 716 2492 p,
735 2461 798 2492 207,
824 2460 842 2487 l.
863 2459 905 2487 12.
991 2459 1022 2490 b)
1048 2457 1150 2483 multis
1170 2471 1205 2475 —
1231 2454 1500 2487 disceptationibus
1529 2460 1583 2479 om.
1603 2452 1663 2479 ΒΞ,

155 2497 362 2567 ξζιίοιζᾌὶιέῗὲ
420 2497 452 2530 d)
471 2496 612 2530 rediisset
631 2497 692 2524 152.
748 2498 776 2528 e)
797 2496 829 2521 in
848 2502 931 2527 perp.
953 2502 1008 2522 om.
1027 2494 1088 2521 132.
1144 2494 1168 2523 s)
1189 2492 1350 2518 restituere
1370 2490 1449 2517 Blb.
1514 2491 1543 2520 g)
1562 2489 1603 2513 40¹
1617 2487 1665 2512 vel

158 2630 191 2671 1)
220 2628 350 2662 Omm’a
374 2628 458 2661 haec
481 2631 674 2661 commenta
698 2630 793 2661 sunt.
844 2626 996 2659 Minime
1022 2624 1271 2657 Hem‘mannns
1296 2625 1380 2654 tunc-
1406 2621 1555 2652 Romam.
1578 2628 1666 2661 pro-

156 2677 268 2718 fectu-3
293 2679 353 2717 est,
390 2675 450 2708 sed
475 2675 588 2708 eodem
614 2679 767 2718 tempore
792 2674 932 2717 (Apu),
959 2683 1028 2715 quo
1055 2670 1262 2713 Siyefridus
1289 2669 1338 2701 ibt
1363 2671 1451 2707 erat,
1486 2670 1525 2698 nt
1550 2676 1665 2708 supra

106 2734 191 2767 4011.
209 2723 291 2766 208,
318 2733 354 2757 n.
375 2724 407 2758 1.
433 2723 613 2765 adnotavi,
641 2732 677 2755 eo
697 2722 933 2765 profecturus
958 2720 1127 2752 nuntium
1148 2717 1402 2760 praemi-serat,
1427 2715 1492 2757 qui
1510 2714 1665 2756 pec-emsa

157 2781 289 2814 maqna
315 2770 433 2812 effusa
449 2780 595 2802 causam
615 2770 733 2812 ipsius
758 2772 928 2809 tueretur,
954 2767 1014 2800 sed
1031 2766 1137 2798 biduo
1155 2775 1178 2797 a
1195 2764 1310 2796 Roma
1328 2762 1520 2795 subsistens
1537 2761 1666 2793 cet-tim·

156 2819 287 2860 factus,
321 2817 409 2860 quid
444 2817 495 2850 iba·
526 2817 583 2850 die
606 2818 698 2859 Apr.
719 2818 773 2852 12,
800 2816 841 2848 (le
865 2825 974 2848 causa
1012 2814 1126 2856 ipsius
1152 2815 1268 2843 actum
1294 2813 1388 2851 esset,
1418 2819 1580 2842 reversus
1606 2811 1664 2842 est.

159 2865 331 2908 Greyorii
354 2864 438 2907 Κεφ.
466 2863 542 2905 ΙΙΙ,
560 2866 594 2904 3,
620 2863 642 2899 l.
662 2864 683 2898 l.
706 2875 743 2906 p.
763 2865 858 2902 206‚·
893 2862 975 2897 Cod.
1003 2860 1126 2895 L'dcdr.
1153 2869 1211 2893 nr.
1229 2859 1288 2899 44,
1315 2858 1336 2892 I.
1356 2857 1378 2892 l.
1400 2868 1438 2900 p.
1459 2859 1527 2895 95;
1556 2855 1668 2889 Pauli

155 2912 346 2948 Bernrv‘ed.
382 2912 463 2945 Vita
492 2911 662 2954 Greqore'i
685 2911 769 2946 VII.
796 2921 823 2945 c.
841 2911 900 2945 43.

1330 2977 1375 3011 14
