1968 3164
534 244 805 280 LAMPERTI
829 243 1085 281 ANNALES.
1135 245 1183 281 A.
1212 247 1316 282 1074.
1621 248 1688 282 177

45 383 88 416 *a
99 383 161 413 208.
175 366 491 424 sumpsissent,
534 367 584 409 in
625 368 786 410 domos
827 371 961 409 suasa
998 370 1236 422 tamquam
1278 368 1430 409 minus
1469 363 1574 409 *sibi
1616 383 1688 410 ne·
1704 369 1807 419 1074-

175 427 374 470 cessaria
403 427 711 470 remitterent.
1702 416 1864 485 (figat-²13·-

318 486 451 529 Inter
472 487 556 528 has
578 500 729 529 moras
752 486 981 529 exercitus
1007 487 1129 541 regis
1151 487 1321 542 predae
1345 501 1481 542 quam
1505 502 1688 542 pugnae

176 545 355 589 avidior
394 560 477 602 per
518 546 763 601 contiguas
804 546 1086 589 Herveldiae
1133 546 1268 588 villas
1316 546 1454 601 longe
1501 547 1687 601 lateque

142 605 464 648 ndiscurrebat
497 620 664 661 easque
696 606 932 648 hostiliter
970 606 1344 661 depopulabatur
1385 608 1431 648 et
1474 606 1558 648 sub
1592 621 1688 661 pre-

173 666 308 708 textu
338 666 587 708 necessarii
618 665 782 717 victus,
817 680 907 720 quo
939 666 990 707 in
1021 665 1242 708 miliciam
1276 665 1492 716 aleretur,
1532 668 1688 721 preter

173 724 388 768 miseram
434 725 579 767 vitam
626 725 746 766 nihil
793 725 1023 780 reliquum
1068 725 1273 767 faciebat
1314 726 1642 768 innocentibus
1659 727 1685 766 ¹.

172 783 336 840 Neque
377 799 457 828 rex
499 785 778 840 prohibebat
819 785 1050 835 iniuriam,
1093 788 1147 826 ut
1180 785 1376 827 militem
1411 786 1498 827 hoc
1531 786 1686 840 precio

173 840 467 900 redemptum
500 844 790 887 devociorem
823 844 911 886 sibi
942 845 1134 887 faceret.
1189 840 1318 896 Quab
1358 845 1489 887 clade
1521 845 1590 886 ita
1622 848 1685 886 at-

126 919 160 944 10
172 903 340 946 tritaec
400 906 540 958 atque
593 905 845 946 exhaustae
899 906 1008 945 sunt
1071 904 1382 959 possessiones
1438 904 1684 946 Fuldensis

173 963 443 1006 monasterii
474 966 614 1018 atque
635 963 980 1014 Herveldensis,
1014 965 1080 1011 ut,
1114 964 1464 1018 ingravescente
1498 964 1684 1006 alimen—

173 1025 328 1064 torum
359 1023 530 1078 inopia,
573 1037 741 1078 magna
781 1037 886 1065 cum
919 1023 1202 1065 difficultate
1234 1023 1403 1065 fratres
1435 1023 1684 1066 retineren-

171 1084 251 1124 tur
281 1082 331 1124 in
362 1083 666 1125 monasteriis.
720 1082 879 1125 Abbas
901 1082 1232 1125 Herveldensis
1259 1096 1467 1125 reversus
1500 1097 1526 1124 a
1549 1083 1683 1125 Saxo*

171 1141 309 1184 nibus
340 1142 504 1184 retulit
537 1156 614 1185 eos
646 1144 802 1197 preter
833 1142 1040 1184 omnium
1073 1142 1338 1197 opinionem
1378 1142 1510 1183 mitia
1543 1144 1682 1197 atque

124 1216 158 1242 15
171 1201 366 1256 pacifica
396 1202 687 1257 respondere,
722 1202 845 1256 quod
878 1202 1057 1244 scilicet
1089 1216 1183 1244 non
1208 1202 1277 1243 ita
1305 1205 1516 1257 expertes
1548 1203 1682 1244 ratio·

170 1260 261 1312 nis,
309 1261 379 1303 ita
424 1261 519 1302 sint
558 1261 834 1304 inmemores
875 1261 1055 1316 vulgati
1103 1262 1244 1304 etiam
1292 1262 1416 1316 apud
1464 1262 1683 1304 barbaras

169 1320 383 1363 nationes
415 1320 529 1362 iuris
551 1321 776 1376 gentium,
810 1323 864 1362 ut
890 1321 1102 1363 nesciant
1134 1322 1191 1363 ab
1219 1321 1390 1362 iniuria
1421 1321 1682 1376 legatorum

170 1379 312 1422 etiam
353 1380 477 1422 inter
517 1380 828 1423 atrocissimas
869 1380 1143 1423 inimicicias
1185 1381 1554 1436 temperandum.
1625 1381 1682 1423 Se

170 1441 376 1483 extrema
421 1440 699 1483 necessitate
751 1437 1040 1495 compulsosss
1093 1441 1142 1482 in
1195 1441 1340 1483 aciem
1394 1441 1680 1495 processisse,

120 1515 157 1541 20
169 1503 258 1542 nec'
287 1499 346 1542 ad
378 1500 748 1555 persequendum
782 1514 1057 1554 quenquam,
1092 1500 1172 1543 sed
1205 1500 1264 1541 ad
1297 1514 1344 1542 se
1371 1501 1682 1555 protegendos

168 1558 453 1614 iniuriasque
494 1559 832 1614 propulsandas
874 1574 1002 1601 arma
1043 1560 1312 1614 sumpsisse;
1356 1560 1394 1601 si
1436 1574 1490 1602 ea
1530 1574 1680 1602 neces-

169 1618 282 1660 sitas
314 1619 560 1670 adimatur,
604 1619 745 1661 etiam
778 1633 902 1661 nunc
934 1633 1096 1674 pacem
1129 1633 1266 1674 quam
1299 1619 1501 1661 bellum⁰
1541 1619 1680 1662 malle

170 1679 218 1720 et
249 1677 487 1720 districtos
527 1678 620 1719 iam
652 1678 833 1733 gladios
866 1678 1067 1721 libenter
1099 1679 1147 1719 in
1178 1678 1394 1733 vaginam
1427 1679 1678 1721 remittere.

170 1734 317 1779 Grata
348 1737 598 1779 admodum
631 1740 730 1780 erat
763 1738 836 1779 his
868 1738 947 1792 qui
980 1752 1083 1779 cum
1117 1752 1224 1792 rege
1263 1740 1395 1780 erant
1428 1739 1677 1793 responsio.

119 1813 156 1839 25
312 1796 441 1838 Tunc
483 1797 610 1838 missi
651 1798 761 1838 sunt
792 1799 992 1852 quatuor
1029 1812 1084 1839 ex
1117 1797 1373 1852 episcopis²
1405 1811 1541 1852 agere
1574 1812 1678 1839 cum

169 1855 234 1898 eis
267 1855 324 1899 de
356 1870 470 1911 pace
511 1858 559 1898 et
591 1856 862 1911 promittere
895 1871 950 1899 ex
982 1857 1167 1899 nomine
1205 1857 1339 1911 regis,
1383 1857 1506 1911 quod
1539 1858 1679 1899 omni·

169 1914 268 1966 bus,
311 1929 428 1970 quae
469 1915 816 1958 racionabiliter
848 1916 1175 1971 postulassent,
1219 1919 1266 1958 et
1304 1931 1420 1971 quae
1454 1916 1591 1959 electi
1624 1931 1679 1959 ex

167 1976 364 2030 utraque
406 1977 538 2030 parte
579 1975 756 2018 iudices
798 1971 944 2030 equaf
986 1976 1291 2026 censuissent,
1336 1977 1678 2031 promptissime

167 2036 407 2086 annueret,
448 2034 559 2076 dum
591 2035 680 2090 ipsi
712 2049 894 2090 quoque
925 2035 1128 2077 vicissim
1159 2035 1294 2077 iustis
1327 2036 1678 2078 condicionibus

119 2093 549 2148 aoadquiescerentg
600 2096 647 2137 et
699 2095 1104 2138 mansuetudinem
1157 2095 1256 2138 eius
1303 2110 1441 2150 quam
1489 2110 1676 2137 manum

166 2152 416 2196 militarem
449 2153 647 2209 experiri
678 2153 887 2197 mallent.
945 2154 1021 2196 Ad
1054 2155 1168 2197 haec
1200 2154 1272 2196 illi
1303 2151 1671 2210 responderunth

166 2211 286 2254 nihil
326 2212 455 2255 aliud
496 2227 544 2256 se
585 2213 834 2269 postulare,
878 2228 1017 2268 quam
1058 2215 1181 2269 quod
1219 2214 1379 2256 multis
1411 2211 1526 2256 iami
1570 2229 1676 2269 sepe

165 2270 479 2327 legationibus
510 2273 827 2328 postulassent
840 2273 868 2325 3,
912 2274 1091 2316 scilicet
1122 2276 1177 2315 ut
1210 2274 1414 2325 castella,
1458 2287 1575 2328 quae
1617 2275 1675 2315 ad

165 2332 509 2387 oppressionem
550 2347 708 2375 eorum
756 2347 839 2388 per
879 2333 1126 2376 Saxoniam
1174 2336 1221 2376 et
1261 2330 1560 2388 Turingiamk
1607 2349 1675 2376 ex-

116 2387 421 2442 astruxerat¹‚
463 2392 562 2434 sine
603 2392 828 2435 dilatione
871 2393 992 2434 dirui
1030 2393 1213 2443 iubeat;
1261 2395 1315 2434 ut
1357 2407 1440 2434 sua
1481 2393 1675 2447 singulis

165 2450 445 2504 patrimonia
485 2465 568 2506 per
597 2451 691 2494 vim
732 2466 813 2495 seu
855 2456 978 2507 per¹¹¹
1011 2452 1318 2495 calumniam¹¹
1358 2455 1517 2507 erepta
1548 2452 1674 2494 resti-

165 2565 196 2595 ι)
213 2571 283 2591 suos
302 2571 378 2593 corr.
396 2573 466 2592 uuas
486 2566 567 2595 Blb.
639 2567 671 2601 b)
690 2568 767 2599 Quia
786 2567 865 2595 131⁸.
938 2567 965 2598 c)
984 2568 1075 2593 ati-ite
1095 2567 1176 2595 Blb.
1267 2566 1298 2599 d)
1318 2567 1468 2601 copulsosu
1488 2567 1576 2602 erma]
1596 2569 1622 2593 Β
1634 2569 1674 2595 ln,

166 2599 196 2631 e)
213 2599 294 2626 bena
311 2599 392 2629 Blb.
468 2602 494 2633 0
514 2610 570 2631 om.
589 2602 666 2631 131⁸.
744 2603 775 2636 g)
794 2603 922 2635 acqiesc.
942 2603 968 2628 Β
979 2604 1021 2630 1·-
1032 2608 1053 2631 θ.
1065 2604 1090 2631 2.
1170 2603 1201 2635 h)
1221 2603 1403 2635 respondere
1423 2604 1450 2628 B
1462 2603 1503 2630 1¹³.
1578 2604 1599 2634 ἰ)
1619 2612 1675 2631 om.

167 2635 236 2669 323
261 2642 332 2668 sepo
352 2637 412 2663 iam
430 2637 511 2665 Bib.
594 2638 626 2670 k)
645 2639 738 2667 Thur.
756 2639 784 2664 B
797 2641 821 2667 l.
833 2640 858 2667 2.
943 2639 965 2671 1)
985 2643 1075 2666 exstr.
1095 2639 1156 2666 h.1.
1175 2640 1252 2667 131⁸,
1265 2642 1296 2670 2;
1323 2640 1509 2665 exstruxerit
1529 2640 1554 2664 A
1567 2642 1597 2672 1;
1624 2647 1676 2665 ex-

117 2669 154 2695 40
168 2671 299 2698 traxerit
317 2671 396 2700 ΔΙΙ.
468 2672 510 2706 m)
529 2680 583 2701 om,
604 2674 664 2702 ΒΞ.
738 2675 771 2708 n)
789 2675 988 2707 calumpniam
1009 2675 1078 2700 Bl-
1097 2675 1157 2702 1ι.1,
1178 2676 1193 2699 2
1212 2682 1332 2706 serr-per,

168 2766 203 2809 1)
227 2765 282 2809 Cf.
302 2766 455 2801 Carmen
480 2766 533 2810 II,
554 2769 634 2804 168.
653 2769 734 2805 169.
832 2769 869 2812 2)
892 2769 994 2803 Inter
1018 2770 1082 2803 hos
1106 2769 1275 2803 Emlnffco
1292 2771 1551 2812 Aecyustanus,·
1576 2771 1672 2806 Ann.

166 2815 333 2858 August,
369 2814 432 2850 SS.
461 2814 534 2858 III,
569 2827 606 2860 p.
636 2817 715 2852 128.
837 2817 875 2860 3)
905 2818 1018 2851 Verus
1048 2819 1150 2861 pacis
1174 2818 1392 2851 corula-mnes
1420 2829 1442 2849 a
1469 2818 1674 2852 sazonibus

161 2862 370 2906 propositas
393 2863 508 2896 tradit
532 2862 661 2897 Bruno
684 2875 712 2899 c.
730 2865 800 2904 31,·
834 2875 925 2908 quas
950 2865 1078 2908 Lamp.
1113 2866 1269 2908 eoepcmit,
1305 2875 1364 2898 eae
1395 2867 1533 2910 partim
1561 2877 1670 2907 verae,

162 2910 303 2954 partim
327 2909 374 2943 ab
396 2910 476 2954 ipso
499 2911 715 2953 excogitatae
738 2916 832 2947 ment.
883 2912 940 2954 Cf.
966 2912 1011 2948 Ε.
1031 2912 1154 2955 Meyer
1176 2924 1213 2956 p.
1231 2914 1275 2947 31
1294 2923 1368 2955 sqq.

1340 2986 1384 3019 12
