2014 3184
597 237 762 277 mDEX
786 238 1138 278 LOOUTIONUM.
1555 240 1626 274 423

118 361 167 398 tis
183 372 228 398 eo
243 358 512 397 benivolentiae
530 370 616 394 suae
641 360 723 404 346,
737 369 783 396 ³5.
804 379 849 384 —

119 409 294 456 quoniam
328 410 431 445 certa
462 406 711 452 superioribus
746 406 850 441 annis

119 457 342 493 documenta
348 456 522 501 ceperant
531 456 613 499 272,
622 464 666 490 10.
676 474 721 479 --
729 457 850 499 (supe-

119 504 278 540 rioribus
293 502 397 539 annis
413 504 497 547 330,
510 502 568 546 15).
583 521 628 527 -
646 512 684 536 se
703 529 711 537 .
727 529 734 538 .
751 529 758 537 .
777 500 850 536 evi-

119 551 210 588 dens
234 550 362 587 tulisse
378 549 641 586 documentum
667 550 747 593 192,
757 558 786 585 5.
805 569 851 574 -

119 599 220 646 quod
244 627 255 637 .
279 627 288 636 .
317 626 327 636 .
351 599 494 634 certum
519 599 558 633 et
581 595 729 632 evidens
759 595 851 630 mihi

120 646 265 684 dederit
281 645 531 692 spectaculum
545 643 747 679 sanctitatis
764 654 851 679 suae

119 697 204 741 313,
217 706 263 732 so.
290 714 335 720 —-
360 693 503 740 insigne
529 692 668 728 cunctis
692 691 851 736 prebens

120 742 385 779 documentum
409 743 533 785 340,1.
560 760 606 765 -
631 738 743 774 studii
769 765 778 774 .
805 767 814 775 .
841 767 848 775 .

121 790 178 826 sui
210 801 300 836 erga
332 789 455 825 locum
482 816 490 825 .
517 815 526 824 .
555 815 564 824 .
588 787 675 822 satis
701 786 850 822 evidens

121 837 168 874 ad
215 848 284 874 nos
331 835 534 872 transmisit
587 834 851 870 documentum

120 887 203 931 348,
217 897 263 924 20.

168 934 205 970 vi
255 932 446 969 doloris
492 931 671 978 impulsus
722 933 780 977 87,
804 941 850 968 35.

122 983 192 1020 168
218 993 263 1019 10.

168 1009 325 1076 suspicio
352 1057 360 1066 .
387 1056 397 1066 .
425 1055 455 1074 .,
491 1038 538 1063 ne
572 1026 669 1062 forte
699 1025 850 1062 consilio

121 1077 284 1124 episcopi
331 1075 402 1112 sibi
450 1075 593 1110 dolus
642 1076 853 1110 necteretur

121 1127 204 1170 322,
218 1137 264 1163 20.

169 1173 255 1219 quia
278 1171 460 1208 intestinis
490 1182 533 1206 ac
561 1169 853 1205 domesticis

121 1220 228 1256 bellis
245 1221 445 1265 occupatus
470 1218 518 1254 ad
535 1220 686 1253 externa
702 1219 852 1262 tamque

121 1268 272 1304 remotis
311 1267 484 1313 gentibus
520 1265 712 1301 inferenda
749 1265 852 1300 nullo

121 1315 233 1351 modo
249 1315 405 1351 vacabat
429 1315 512 1359 226,
522 1325 550 1351 5.
570 1334 614 1339 --
633 1312 732 1358 quod
753 1313 852 1358 prin-

122 1364 221 1409 cipes
256 1389 264 1398 .
291 1391 300 1400 .
327 1391 336 1399 .
371 1363 539 1398 comeret
563 1360 774 1396 domesticis
799 1371 852 1395 se-

121 1410 321 1447 ditionibus
338 1411 535 1455 occupatos
551 1419 783 1454 nequaquam
806 1407 853 1442 ad

122 1457 314 1504 inferenda
354 1457 490 1494 exteris
538 1456 710 1503 gentibus
751 1466 854 1490 arma

122 1517 254 1542 vacare
278 1507 422 1549 284,15.

170 1553 329 1590 Strenue
362 1551 531 1598 profecto
561 1553 599 1586 et
623 1550 762 1596 egregii
786 1549 853 1584 mi-

122 1601 196 1636 litis
231 1603 269 1636 et
299 1599 430 1645 optimi
458 1598 598 1634 ducis
623 1597 746 1633 officio
772 1596 853 1632 fun-

123 1649 280 1695 gebatur
303 1649 387 1692 220,
401 1657 429 1683 5.

170 1695 204 1731 D
215 1706 300 1731 ura
323 1694 432 1730 nimis
448 1693 529 1739 regi
544 1693 622 1728 visa
639 1694 695 1727 est
711 1691 854 1727 exactio

126 1746 206 1788 178,
219 1754 265 1780 20.
293 1763 337 1768 —
363 1741 569 1785 durumque
604 1739 772 1775 omnibus
801 1739 853 1773 vi-

123 1802 204 1826 sum
230 1793 285 1826 est
319 1791 358 1825 et
380 1788 614 1824 intolerabile
638 1789 720 1831 236,
735 1798 780 1823 30.
809 1807 853 1812 —

122 1838 267 1874 Durum
299 1837 372 1873 hoc
405 1836 514 1871 nimis
547 1838 656 1880 atque
682 1834 854 1869 intolera—

122 1886 196 1922 bile
231 1885 400 1921 omnibus
434 1883 532 1929 regis
562 1882 777 1918 consiliariis
802 1881 854 1916 vi-

122 1945 203 1969 sum
238 1935 294 1968 est
326 1933 410 1976 284,
423 1942 470 1968 25.
496 1951 541 1956 —
571 1930 715 1965 Durum
746 1928 855 1964 nimis

123 1981 194 2016 hoc
218 1981 339 2016 visum
365 1982 420 2015 est
443 1978 574 2025 legatis
600 1979 724 2023 2921.

898 361 956 396 21.
994 357 1138 404 insigne
1171 357 1421 404 spectaculum
1451 356 1629 392 exercitui

898 405 1102 451 praebuere
1127 405 1483 450 documentumqu03
1519 405 1630 448 XXI,

900 455 957 508 19:
1016 452 1159 498 insigne
1209 452 1471 488 documentum
1520 454 1628 488 erunt

898 511 1038 537 rumae.

948 1027 1027 1063 Liv.
1053 1026 1218 1070 XXVII,
1245 1027 1303 1062 28.
1343 1024 1420 1060 eius
1457 1023 1551 1070 signi
1577 1035 1631 1060 er-

899 1085 984 1109 rore
1008 1085 1056 1109 ne
1081 1073 1140 1109 cui
1166 1072 1307 1108 dolus
1331 1075 1542 1108 necteretur
1566 1100 1574 1108 .
1594 1099 1603 1109 .
1622 1097 1631 1106 .

900 1123 1081 1158 metuens.

949 1170 1079 1205 lustin.
1115 1169 1156 1212 V,
1187 1170 1222 1211 2,
1250 1169 1306 1204 12.
1345 1166 1632 1202 domesticis

900 1217 1026 1262 itaque
1046 1215 1150 1252 bellis
1169 1215 1362 1251 Graeciam
1379 1213 1632 1258 obterendam,

901 1276 948 1300 ne
983 1263 1143 1300 externis
1177 1265 1293 1299 vacet.
1329 1283 1371 1287 —
1408 1262 1544 1297 Lucan.
1578 1262 1631 1306 II,

900 1314 983 1349 476.
1011 1311 1172 1356 dumque
1194 1310 1272 1356 ipse
1295 1310 1342 1345 ad
1359 1310 1456 1345 bella
1472 1311 1632 1345 vacaret.

950 1550 1082 1586 lustin.
1099 1550 1161 1592 VI,
1171 1550 1268 1592 7,11.
1290 1547 1379 1583 dum
1397 1558 1469 1582 non
1498 1547 1633 1582 ducis

902 1599 1058 1642 tantum,
1077 1596 1140 1631 sed
1154 1599 1191 1631 et
1204 1595 1392 1631 fortissimi
1409 1595 1536 1630 militis
1553 1593 1633 1629 offi-

903 1644 960 1680 cio
985 1643 1152 1690 fungitur
1176 1645 1240 1687 (cf.
1260 1655 1300 1687 p.
1321 1646 1402 1686 220,
1430 1655 1464 1678 n.
1486 1644 1535 1685 1).

954 1834 1040 1870 Gen.
1058 1834 1117 1878 45,
1132 1834 1165 1869 5.
1192 1842 1311 1877 neque
1336 1831 1439 1866 vobis
1465 1830 1633 1865 durum

904 1892 981 1916 esse
1006 1880 1185 1916 videatur.

851 2097 912 2133 E.

171 2172 279 2215 capto
297 2168 491 2205 ediciori
507 2168 854 2211 100082,25.322,20.

953 2166 1042 2202 Sall.
1067 2167 1146 2209 luy.
1165 2167 1223 2202 58.
1249 2165 1371 2200 locum
1397 2175 1526 2210 cepere
1553 2193 1560 2202 .
1590 2193 1597 2199 .
1626 2192 1634 2200 .

171 2217 234 2263 qui
267 2228 403 2263 papam
436 2217 492 2252 rei
526 2218 650 2262 gestae
685 2214 854 2250 ordinem
905 2213 1183 2250 editiorem.

123 2265 393 2301 edocerent
414 2265 555 2308 283,10.
574 2284 619 2288 —
637 2273 771 2307 eosque
788 2273 855 2308 per

123 2312 291 2348 ordinem
317 2323 360 2347 ea
385 2322 478 2357 quae
510 2313 613 2358 gesta
637 2312 743 2345 erant
768 2309 852 2345 edo-

123 2362 250 2396 cerent
264 2361 360 2403 303,
375 2370 420 2396 20.

171 2406 345 2453 quoniam
371 2405 471 2442 aliud
495 2406 534 2440 in
559 2407 680 2440 artum
706 2405 854 2440 conclu-

122 2454 170 2489 sis
195 2454 307 2490 rebus
331 2465 407 2489 non
435 2454 586 2499 patebat
611 2452 854 2498 effugium

124 2504 265 2547 143‚30.
285 2522 330 2527 ——
355 2501 483 2537 Unum
508 2503 633 2536 tamen
658 2503 763 2545 patet
790 2528 797 2536 .
818 2527 825 2535 .
846 2527 853 2535 .

123 2548 284 2595 undique
318 2548 505 2594 impeditis
541 2548 650 2583 rebus
676 2547 854 2592 effugium

123 2598 206 2641 179,
224 2607 270 2634 35.
306 2617 351 2622 —
386 2607 470 2631 cum
508 2595 654 2630 nullum
692 2594 854 2638 undique

123 2643 301 2679 conclusis
332 2643 509 2689 effug-ium
541 2645 686 2688 pateret
711 2644 795 2686 231,
810 2653 853 2678 so.

123 2711 169 2716 —-
202 2702 270 2726 nec
303 2691 522 2726 calamitatis
555 2690 670 2725 ullum
702 2700 855 2734 usquam

123 2739 274 2783 patebat
299 2738 477 2785 effugium
502 2740 646 2783 259,15.

170 2797 239 2821 nec
274 2786 390 2821 ullum
425 2796 578 2830 usquam
615 2783 855 2829 effugium

125 2833 337 2869 inveniebat
360 2835 504 2877 300‚10.
531 2853 575 2857 -
606 2835 648 2866 ut
675 2860 682 2867 .
710 2859 718 2867 .
746 2856 754 2865 .
780 2840 857 2864 ma·

124 2880 243 2915 turius
271 2879 448 2927 effugium
474 2879 657 2914 inveniret
681 2880 764 2922 337,
779 2888 823 2913 25.

952 2403 1030 2438 Liv.
1058 2403 1204 2446 XXIV,
1231 2403 1291 2438 26.
1328 2401 1357 2435 si
1392 2399 1635 2445 effugium

904 2450 1092 2496 patuisset.
