2014 3184
338 224 410 259 452

339 340 468 375 aetatis
503 351 667 376 accessus
699 342 782 386 246,
795 352 842 378 20.
879 361 920 366 —
957 340 1064 377 facile

338 387 479 471 {gigdips
496 388 709 432 procacitati
726 388 876 423 modum
902 388 1064 424 facturos

411 462 420 479 ,
453 463 462 472 .

387 482 533 518 Viderit
557 482 679 527 abbas,
705 494 752 517 an
773 483 810 518 vi
835 483 971 518 doloris
996 483 1063 518 im-

337 530 462 574 pulsus
495 530 645 565 iniurias
679 541 762 564 suas
792 531 956 566 acerbius
981 559 990 568 .
1018 560 1025 567 .
1054 560 1062 568 .

337 577 556 612 vindicando
590 577 777 612 modum
811 578 906 612 forte
941 589 1062 614 exces-

338 625 426 659 serit
449 627 507 669 87,
521 635 567 661 35.
595 645 637 650 —-
665 625 721 667 Cf.
747 625 941 662 vindicare.

386 671 476 706 nihil
510 672 662 707 ulterius
697 672 796 717 quod
832 684 934 708 secus
969 675 1063 710 esset

338 722 464 754 contra
488 731 614 765 regem
639 719 801 754 moliti
834 722 920 755 sunt
945 722 1002 762 72,
1019 731 1062 758 ιδ.

341 787 382 791 -
419 778 456 802 se
494 796 502 803 .
536 795 543 803 .
579 795 586 803 .
621 766 713 801 nihil
747 767 846 812 quod
879 778 983 803 secus
1017 767 1064 802 sit

337 814 458 848 moliri
499 814 671 849 adversus
712 825 795 849 eum
839 817 918 860 107,
932 826 977 851 20.
1018 835 1060 840 --

338 861 435 906 quod
452 862 617 906 iniquum
635 861 771 906 aliquid
792 865 919 897 contra
935 873 1062 907 regem

338 911 534 953 contraque
559 920 637 943 rem
662 909 845 954 publicam
871 910 1063 944 moliretur

340 959 419 1001 137,
433 967 477 992 20.
498 977 542 981 —
561 956 746 991 sinistrum
771 957 909 1002 aliquid
934 960 1062 992 contra

336 1015 414 1037 rem
432 1003 616 1048 publicam
641 1004 763 1038 moliri
781 1006 860 1049 144,
876 1015 919 1040 ³5.
942 1006 1021 1049 145,
1034 1016 1061 1041 1.

384 1051 543 1095 partium
561 1051 638 1086 eius
663 1051 753 1086 haut
770 1051 850 1086 leve
867 1063 1060 1087 momen-

337 1100 427 1132 tum
464 1101 543 1142 120,
559 1110 602 1134 15.
629 1120 676 1124 -
699 1110 768 1134 nec
801 1110 976 1145 magnum
1001 1099 1061 1134 vel

336 1145 392 1179 his
429 1146 487 1180 vel
523 1146 595 1180 illis
631 1146 796 1191 partibus
833 1148 1060 1181 momentum

336 1195 418 1237 231,
433 1204 477 1229 20.
506 1213 548 1219 —-
574 1205 749 1239 magnum
782 1194 886 1240 regni
913 1223 920 1230 .
940 1223 947 1230 .
968 1222 975 1230 .
1001 1205 1060 1228 ro-

336 1240 406 1274 bur
418 1251 460 1275 ac
473 1243 701 1275 momentum
714 1243 795 1286 256,
807 1252 834 1277 5.
851 1261 893 1267 —
909 1243 1061 1286 propter

336 1287 497 1332 inopiam
526 1288 580 1323 rei
605 1287 793 1323 familiaris
819 1317 827 1324 .
855 1316 863 1325 .
891 1317 899 1326 .
925 1289 1060 1323 nullius

336 1335 492 1369 nominis
533 1335 592 1370 vel
633 1336 810 1370 momenti
847 1338 928 1380 260,
949 1348 974 1372 1.
1015 1356 1057 1361 -

336 1393 491 1426 quorum
526 1382 780 1417 auctoritatem
814 1383 938 1428 magni
962 1382 1060 1427 apud

337 1441 420 1464 eum
445 1429 622 1464 momenti
647 1441 723 1464 esse
751 1441 826 1464 non
851 1430 1061 1475 ambigebat

335 1479 417 1520 290,
431 1488 476 1513 30.
512 1497 556 1502 -
591 1477 690 1521 quod
722 1477 846 1523 magni
882 1477 1060 1512 momenti

335 1524 408 1558 sint
431 1524 529 1568 apud
544 1523 663 1558 Deum
681 1524 757 1559 eius
773 1524 904 1559 merita
920 1527 1002 1569 335,
1014 1536 1059 1560 ιο.

337 1591 379 1596 -—
407 1571 495 1616 quid
518 1572 696 1606 momenti
729 1571 863 1607 habeat
887 1571 1058 1617 depreca-

335 1618 387 1653 tio
411 1620 534 1663 338,1.

382 1666 513 1710 quibus
539 1694 547 1702 .
567 1694 574 1702 .
595 1694 602 1702 .
628 1676 790 1710 perenne
816 1694 823 1702 .
844 1694 851 1702 .
872 1695 879 1703 .
906 1666 1058 1700 moni-

334 1716 543 1747 mentum
574 1716 698 1758 posset
722 1716 890 1748 extruere
915 1716 998 1757 325,
1008 1724 1057 1750 35.

335 1762 416 1805 326,
431 1773 457 1796 1.

381 1808 508 1842 relicto
545 1807 583 1842 in
617 1808 965 1843 monimentum
1002 1808 1058 1842 sui

334 1855 554 1890 monasterio
581 1858 637 1900 77,
651 1866 678 1891 5.
707 1875 749 1881 —
776 1856 823 1890 ob
854 1855 1056 1890 monimen·

334 1905 413 1936 tum
439 1902 494 1936 sui
519 1904 600 1946 348,
615 1914 659 1939 35.

381 1949 449 1983 viri
474 1950 511 1983 in
536 1952 723 1984 montes
749 1952 786 1984 et
803 1950 915 1984 saltus
932 1949 1057 1984 devios

334 2007 371 2030 se
409 1996 624 2031 abdiderant
662 1999 742 2039 115,
757 2008 801 2033 30.
841 2018 884 2023 —
923 1996 984 2031 alii
1018 1997 1056 2031 in

332 2043 518 2087 proximos
543 2046 686 2078 montes
712 2045 749 2078 et
773 2044 880 2078 silvas
903 2044 1056 2078 evadere

335 2092 415 2133 116,
428 2101 472 2126 25.
501 2110 543 2115 -
571 2089 714 2124 Caeteri
747 2090 785 2124 in
809 2091 994 2125 montibus
1020 2093 1057 2125 et

333 2137 431 2172 silvis
457 2148 494 2172 se
519 2137 739 2172 abdiderunt
765 2139 843 2182 171,
858 2148 903 2173 20.

380 2187 422 2218 ut
445 2184 680 2229 precipitaret
705 2195 860 2219 moras
886 2186 966 2230 331,
982 2196 1026 2220 10.

380 2337 417 2359 m
428 2337 449 2360 0
459 2338 478 2360 r
487 2337 508 2360 a
518 2337 534 2360 s
560 2337 686 2361 omnes
711 2326 887 2370 abrumpe
911 2328 994 2369 319,
1008 2337 1054 2362 20.

379 2655 466 2689 dum
524 2666 763 2690 morarum
815 2655 1053 2700 impacientes

331 2705 443 2736 ruunt
476 2705 557 2747 218,
571 2713 616 2738 25.
645 2722 687 2727 —
718 2713 903 2736 morarum
938 2703 1052 2747 impa-

332 2749 429 2784 ciens
453 2752 576 2794 232,1.
602 2752 684 2794 334,
698 2760 743 2785 25.

379 2854 447 2877 nec
463 2843 591 2887 procul
616 2843 662 2878 ab
685 2842 759 2878 fide
784 2843 910 2878 aberat
934 2842 1051 2877 filium

823 222 987 258 INDEX
1012 222 1362 260 LOCUTIONUM.

1158 485 1236 520 Liv.
1262 485 1458 528 XXVIII,
1484 487 1544 522 25.
1579 497 1627 521 ne
1652 511 1662 521 .
1689 514 1696 522 .
1724 514 1732 523 .
1758 485 1838 532 ipse

1110 531 1296 577 puniendo
1321 532 1508 567 modum
1533 532 1746 578 excederet3
1781 533 1837 578 H,

1110 581 1145 624 2,
1162 581 1196 616 2.
1221 579 1344 614 nescio
1366 591 1412 614 an
1429 579 1537 614 nimis
1555 606 1563 616 .
1583 608 1591 617 .
1609 609 1618 616 .
1635 580 1838 617 muniendo

1110 626 1262 661 modum
1296 627 1526 664 excesserint.
1558 647 1604 654 —
1636 629 1728 665 Sall.
1754 629 1835 673 luy.

1110 675 1168 710 20.
1195 673 1321 709 dolore
1345 677 1553 719 permotum
1578 674 1728 711 iniurias
1742 686 1839 711 suas

1110 732 1222 756 manu
1246 721 1528 758 vindicaturum.

1158 865 1192 899 2.
1218 863 1337 900 Mach.
1369 866 1403 908 3,
1429 865 1462 900 4.
1500 863 1666 909 iniquum
1697 863 1837 910 aliquid

1110 909 1149 944 in
1174 909 1322 945 civitate
1347 910 1525 948 moliri.

1157 1052 1235 1088 Dio.
1268 1053 1326 1095 ΙΙ,
1353 1055 1386 1096 7,
1418 1054 1475 1090 10.
1512 1055 1591 1088 tam
1626 1053 1699 1089 levi
1735 1064 1837 1089 mo-

1110 1102 1272 1134 mento
1298 1110 1381 1135 mea
1404 1099 1503 1145 apud
1526 1111 1590 1136 vos
1623 1100 1722 1136 fama
1744 1111 1836 1146 pen-

1110 1146 1193 1190 det3
1227 1147 1278 1190 X,
1298 1149 1354 1184 16.
1384 1147 1483 1182 haud
1507 1148 1632 1194 magni
1654 1147 1836 1184 momenti

1109 1172 1347 1228 finitimarum
1378 1195 1543 1241 gentium
1568 1195 1723 1240 auxilia,
1757 1195 1832 1240 ΠΙ,

1111 1243 1167 1285 12,
1185 1243 1217 1278 6.
1243 1241 1445 1277 maximum
1462 1245 1691 1279 momentum
1710 1253 1836 1279 rerum

1110 1288 1187 1323 eius
1218 1289 1394 1334 civitatis3
1428 1290 1506 1334 IX,
1534 1292 1566 1326 1.
1601 1301 1687 1326 cum
1709 1301 1834 1326 rerum

1108 1335 1351 1370 humanarum
1379 1336 1580 1371 maximum
1604 1339 1834 1372 momentum

1109 1383 1166 1427 sit,
1192 1387 1251 1419 dc.
1271 1403 1314 1408 -
1332 1384 1463 1420 lustin.
1488 1384 1603 1428 XIII,
1622 1386 1656 1429 6,
1677 1386 1732 1421 12.
1757 1395 1833 1420 ιιοιι

1108 1430 1290 1465 mediocre
1356 1433 1584 1466 momentum
1650 1431 1835 1477 partium,

1108 1477 1241 1521 XVII,
1274 1479 1314 1520 2,
1346 1479 1401 1514 11.
1438 1478 1568 1524 ingens
1603 1481 1833 1515 momentum

1108 1523 1284 1570 futurum,
1310 1525 1384 1560 utri
1407 1525 1504 1570 parti
1528 1525 1646 1561 socius
1662 1525 1834 1562 accessis—

1108 1573 1174 1616 set,
1204 1576 1262 1608 etc.

1155 1666 1247 1702 Hor.
1284 1667 1404 1703 Carm.
1437 1668 1516 1711 III,
1549 1669 1613 1711 30,
1645 1670 1678 1705 1.
1713 1667 1833 1715 Exegi

1107 1716 1467 1749 monumentum
1492 1725 1576 1750 aere
1599 1715 1807 1760 perennius.

1154 1807 1231 1843 Liv.
1258 1809 1295 1850 I,
1321 1810 1383 1850 55,
1412 1811 1444 1845 1.
1482 1811 1524 1844 ut
1553 1820 1834 1845 monumen·

1106 1856 1203 1888 tum
1221 1855 1342 1936 ¹:regni
1376 1856 1431 1891 sui
1464 1856 1694 1902 nominisque
1717 1856 1832 1893 relin-

1107 1912 1219 1946 quere
1239 1931 1246 1938 .

1159 2186 1260 2229 Verq.
1290 2187 1378 2222 Aen.
1409 2187 1506 2230 XII,
1534 2189 1616 2224 699.
1649 2187 1831 2233 praecipi·

1104 2234 1230 2276 tatque
1254 2244 1429 2278 moras;
1471 2234 1579 2279 VIII,
1605 2236 1688 2271 449.
1721 2245 1832 2280 prae-

1104 2279 1254 2323 cipitate
1279 2290 1409 2316 moras.

1160 2327 1262 2368 Verq.
1290 2327 1375 2362 Aen.
1410 2327 1480 2371 IV,
1508 2329 1589 2363 569.
1622 2333 1655 2363 et
1687 2329 1828 2365 Lucan.

1104 2373 1156 2416 II,
1184 2375 1264 2409 525.
1289 2384 1420 2417 rumpe
1444 2384 1610 2410 moras.
1638 2394 1681 2400 —-
1707 2375 1828 2412 ΑΜ.

1103 2420 1218 2456 Marc.
1253 2421 1337 2464 XV,
1367 2423 1404 2463 1,
1433 2422 1464 2456 1.
1501 2431 1622 2455 moras
1651 2432 1828 2467 rumpens

1102 2466 1394 2511 intempestivas3
1420 2468 1552 2512 XVII,
1582 2469 1644 2511 13,
1673 2470 1707 2505 8.
1739 2479 1827 2504 cum

1102 2525 1222 2548 moras
1258 2525 1429 2559 rumpere
1465 2515 1530 2549 lux
1564 2518 1742 2552 moneret.

1102 2562 1216 2596 Senec.
1247 2562 1382 2597 Troad.
1409 2564 1488 2598 939.
1515 2563 1732 2608 abrumpere
1757 2591 1766 2599 .
1785 2590 1794 2600 .
1813 2591 1825 2599 .

1101 2619 1232 2644 moraS.

1149 2657 1267 2691 Amm.
1298 2656 1413 2692 Marc.
1447 2657 1560 2700 XIX,
1586 2659 1626 2700 6,
1653 2659 1686 2693 7.
1725 2656 1826 2692 Galli

1101 2713 1321 2736 morarum
1338 2703 1585 2748 impatientes,
1603 2705 1710 2747 XXI,
1720 2706 1776 2748 10,
1788 2706 1823 2742 2.

1100 2761 1285 2784 morarum
1302 2749 1512 2794 impatiens,
1537 2729 1727 2795 XXVIII,
1741 2754 1773 2794 1,
1788 2753 1827 2812 9.

1100 2807 1286 2831 morarum
1310 2797 1527 2841 inpatientes
1551 2797 1602 2834 hi.

1147 2844 1225 2880 Liv
1251 2844 1282 2886 I,
1308 2846 1366 2888 32,
1392 2847 1425 2880 2.
1463 2844 1560 2879 facta
1585 2855 1665 2889 spes
1698 2844 1738 2879 in
1763 2844 1826 2880 avi
