2014 3184
98 779 195 806 Eoeod.
207 781 250 813 28,
265 782 310 807 40.

204 2252 284 2287 970.

334 230 406 266 348
501 230 773 270 LAMPERTI
796 235 1092 275 INSTITUTIO
1116 241 1511 283 HERVELDENSIS
1535 247 1674 286 EOOL.

333 350 525 393 fuerunt
566 357 724 397 nostro
766 362 1042 403 monasterio
1088 366 1134 404 et
1176 365 1360 409 honori:
1410 369 1628 413 Balthart
1675 374 1830 426 abbas,

333 409 466 452 Buno
499 412 653 463 abbas,
698 415 970 460 Brunvvarta
1008 422 1162 469 abbas,
1206 425 1366 480 Dri’lgo
1399 429 1552 480 abbas,
1596 431 1832 476 Hardarat

331 469 485 521 abbas,
530 472 749 516 Diethart
781 477 923 519 abbas
939 479 964 530 ¹,
1007 480 1120 523 item
1153 483 1372 527 Diethart
1404 488 1546 530 abbas
1583 493 1630 532 et
1663 493 1830 547 episco-

331 543 415 582 pus
432 530 457 578 ⁶2,
502 531 733 575 Burchart
775 536 916 578 abbas
959 543 1005 580 et
1047 541 1287 597 episcopus
1302 545 1328 594 3,
1372 546 1624 629 Megengoz
1672 551 1827 603 abbas,

328 587 527 642 Hagano
570 592 723 644 abbas,
770 594 1039 639 Guntherus
1081 601 1235 652 abbas,
1279 603 1456 658 Egilolf
1521 608 1674 661 abbas,
1719 609 1859 655 Goz-ts

328 646 512 690 bertuso
551 651 706 693 abbas.
770 654 806 694 E
840 656 1006 709 quibus
1038 658 1265 714 Hagano4
1297 664 1487 707 calicem
1519 681 1738 722 magnum
1771 671 1827 714 de

327 719 438 748 auro
471 710 728 762 purissimo,
773 713 943 757 electro
986 719 1032 758 et
1073 721 1264 773 gemmis
1298 724 1514 776 preciosis
1546 726 1595 767 in
1626 729 1827 772 ministe-

325 765 445 807 rium
478 767 666 810 Domini
707 771 754 811 in
787 773 982 826 gloriam
1015 778 1061 818 et
1094 778 1304 821 decorem
1338 782 1437 824 fieri
1468 784 1596 826 fecit.
1659 787 1826 831 Umbo-

324 839 429 866 nem
461 840 568 868 vero
606 831 802 883 patenae
844 832 1094 878 latitudine
1135 852 1252 892 pene
1290 841 1427 883 unius
1460 843 1640 897 palmae
1672 848 1826 890 totum

323 897 405 938 per
447 886 691 929 circuitum
732 889 965 944 lapidibus
1007 896 1352 948 preciosissimis
1395 903 1441 943 et
1473 903 1721 948 unionibus
1754 921 1824 950 ve·
1838 925 1873 951 10

322 944 465 985 stivit.

464 1004 636 1046 Verum
678 1021 760 1049 nos
803 1023 857 1051 ea
898 1025 1014 1065 quae
1055 1015 1195 1068 paulo
1237 1019 1344 1060 ante
1383 1022 1588 1062 nostram
1620 1026 1822 1067 aetatem

319 1064 450 1115 gesta
483 1067 590 1105 sunt
624 1065 835 1117 breviter,
875 1074 1013 1124 prout
1046 1087 1099 1115 ea
1132 1075 1355 1130 expiscari
1394 1080 1640 1132 potuimus,
1684 1084 1820 1126 attin-

319 1123 480 1174 gentes
495 1123 521 1174 ⁵,
565 1124 692 1176 haec,
736 1141 852 1181 quae
893 1132 1062 1173 nostris
1095 1135 1230 1176 modo
1263 1137 1547 1191 temporibus
1579 1144 1816 1195 geruntur,
1870 1176 1874 1180 -

318 1180 615 1225 lamentando
648 1186 803 1239 potius
844 1202 979 1242 quam
1013 1191 1233 1235 dictando
1265 1196 1606 1240 subnectamus.
1667 1201 1729 1243 Et
1759 1217 1818 1245 ne
1833 1221 1866 1248 ιο

317 1240 418 1292 quis
450 1242 583 1283 nobis
616 1244 797 1286 crimini
830 1248 982 1299 ducat,
1027 1252 1148 1304 quod
1190 1255 1399 1308 tempora
1436 1271 1596 1311 regum
1628 1260 1701 1302 vel
1731 1261 1816 1303 Ro-

315 1313 556 1341 manorum
588 1303 919 1357 imperatorum
952 1323 1034 1363 per
1066 1313 1375 1355 successiones
1408 1329 1512 1357 suas
1544 1317 1653 1359 huic
1686 1333 1815 1374 opus-

315 1358 418 1399 culo
452 1361 748 1404 subtexentes
789 1379 883 1406 non
924 1381 1081 1409 eorum
1120 1384 1300 1425 quoque
1341 1373 1543 1417 feliciter
1578 1377 1652 1418 vel
1684 1391 1814 1421 secus

312 1419 443 1470 gesta
475 1419 695 1462 historiae
725 1437 850 1466 more
873 1427 1046 1479 pariter
1066 1428 1332 1482 inseramus,
1367 1433 1454 1474 hoc
1488 1435 1575 1476 sibi
1606 1439 1814 1492 responsi

311 1476 482 1518 habeat
505 1479 780 1535 quicumque
813 1484 927 1526 haec
960 1485 1112 1540 legere
1139 1489 1343 1531 animum
1375 1491 1580 1545 inducat,
1614 1509 1696 1537 nos
1718 1511 1812 1539 non
1825 1512 1860 1538 20

311 1536 527 1579 statuisse
550 1539 704 1581 omnia
730 1542 940 1594 scribere,
975 1559 1091 1599 quae
1123 1547 1172 1588 in
1203 1563 1252 1590 re
1275 1550 1462 1604 publica
1493 1553 1566 1595 vel
1588 1555 1812 1598 aecclesia

308 1597 440 1648 gesta
481 1599 589 1638 sunt
631 1601 712 1640 aut
753 1605 990 1655 geruntur,
1034 1607 1197 1660 utpote
1234 1611 1502 1652 monasterii
1534 1626 1714 1656 carcere
1745 1616 1809 1657 in·
1842 1636 1847 1642 ·

309 1653 459 1696 clusos
500 1670 585 1698 nec
617 1658 857 1702 hominum
890 1666 1101 1717 expertos
1143 1680 1226 1708 nec
1259 1668 1392 1711 valde
1431 1671 1646 1714 curiosos.
1709 1673 1807 1729 Ego

307 1713 422 1754 mihi
454 1715 574 1757 hanc
606 1718 791 1760 tantum
823 1734 1008 1775 operam
1041 1724 1232 1776 iniunxi,
1267 1729 1320 1768 ut
1351 1731 1536 1772 nostrae
1568 1731 1635 1774 rei
1661 1733 1807 1787 publi-

307 1785 385 1814 cae
431 1775 659 1827 consules,
709 1778 796 1820 hoc
830 1776 918 1822 *est
965 1785 1231 1826 monasterii
1278 1788 1424 1828 nostri
1471 1791 1625 1844 patres
1666 1794 1805 1847 atque
1818 1808 1854 1834 25

304 1834 517 1884 rectores,
553 1848 657 1876 cum
684 1837 1040 1892 calamitatibus,
1075 1857 1191 1896 quae
1221 1859 1303 1886 nos
1330 1847 1560 1890 modernis
1592 1844 1939 1906 tempori-*2¹⁴⁰-

304 1890 389 1932 bus
416 1899 754 1947 oppresserunt,
790 1898 886 1939 stili
912 1900 1066 1943 officio
1099 1903 1158 1943 ad
1187 1907 1394 1958 posteros
1425 1908 1802 1952 transmitterem.

302 1949 422 1990 Nam
469 1952 591 1993 idem
639 1953 755 2009 ipsid
802 1958 1019 2001 nimirum
1066 1961 1366 2016 imperatores
1414 1979 1599 2008 suorum
1647 1982 1802 2012 secum

302 2008 477 2050 habent
518 2026 737 2065 precones
779 2017 1060 2070 meritorum,
1105 2023 1400 2076 experientia,
1443 2027 1497 2066 ut
1537 2027 1604 2068 ita
1636 2028 1798 2080 dicam,

299 2070 548 2110 vernacula
580 2072 644 2112 eis
677 2074 919 2117 scribenda
941 2078 1148 2121 dictante
1182 2083 1228 2122 et
1259 2082 1402 2124 falsas
1429 2085 1668 2138 opiniones
1689 2089 1848 2130 veri-ao

299 2127 397 2168 tate
439 2128 722 2183 astipulante
764 2133 947 2188 longius
980 2138 1282 2192 propellente.
1347 2142 1518 2184 Verum
1550 2145 1663 2188 haec
1696 2147 1798 2189 hac·

298 2186 447 2227 tenus.

442 2246 596 2300 Igitur
637 2247 917 2292 Grozbertuse
957 2253 1110 2305 abbas,
1155 2257 1241 2297 etsi
1282 2272 1375 2299 non
1415 2275 1606 2312 morum,
1653 2264 1796 2305 studii

298 2305 454 2346 tamen
496 2306 567 2347 sui
608 2321 717 2362 erga
757 2309 908 2352 locum
951 2312 1312 2357 Herveldensem
1354 2319 1466 2360 satis
1508 2320 1693 2363 evidens
1735 2323 1794 2364 ad

296 2376 379 2404 nos
426 2365 681 2408 transmisit
729 2369 1074 2422 documentum,
1123 2388 1338 2428 magnam
1389 2377 1566 2420 scilicet
1614 2381 1792 2434 copiam
1805 2399 1839 2425 35

296 2420 520 2464 librorum
551 2439 632 2466 suo
664 2428 849 2470 nomine
882 2430 939 2471 ob
966 2432 1300 2474 monimentum
1333 2435 1404 2476 sui
1430 2437 1790 2481 attitulatorum.

294 2479 502 2523 Plurima
533 2498 712 2539 quoque
745 2491 1015 2530 ornamenta
1046 2491 1095 2531 in
1127 2505 1238 2533 auro
1271 2495 1317 2534 et
1349 2497 1553 2548 argento,
1587 2497 1637 2538 in
1657 2500 1789 2540 vesti-

294 2539 379 2580 bus
411 2542 563 2593 sacris,
607 2545 772 2597 quibus
803 2549 1047 2589 uterentur
1077 2550 1127 2590 in
1157 2550 1351 2604 gloriam
1383 2554 1633 2608 ingressuri
1665 2571 1788 2600 sanc-

291 2652 320 2686 a)
339 2654 515 2681 brunwarth
534 2664 558 2682 c.
633 2659 662 2690 b)
681 2659 788 2692 Egilof
803 2668 827 2687 ε.
901 2662 928 2696 6)
946 2664 1124 2695 gosberthus
1144 2673 1168 2690 c.
1243 2664 1272 2698 d)
1292 2666 1356 2698 ipse
1375 2674 1399 2694 c.
1474 2668 1502 2702 e)
1520 2671 1676 2702 gosbertus
1695 2680 1719 2698 o.

291 2736 326 2778 1)
343 2736 396 2769 De
415 2737 536 2773 Ottone
552 2740 674 2775 abbate
696 2743 785 2777 laico
809 2744 919 2778 huius
938 2748 1137 2789 provisoris
1161 2752 1312 2791 tempore
1335 2750 1412 2784 vide
1428 2762 1543 2794 supra
1561 2764 1602 2796 p.
1620 2755 1677 2796 30,
1700 2765 1735 2790 n.
1749 2756 1783 2791 4.
1795 2767 1831 2792 40

288 2783 324 2826 2)
342 2783 679 2829 Hildesheimensi8;
702 2791 749 2831 cf.
767 2802 882 2835 supra
899 2804 937 2836 p.
953 2795 1018 2834 34,·
1045 2794 1175 2830 chron.
1189 2795 1348 2832 Hildesh.
1368 2808 1395 2832 c.
1409 2799 1443 2840 9,
1471 2799 1534 2834 SS.
1551 2800 1632 2843 VII,
1646 2813 1685 2845 p.
1699 2803 1782 2838 852.

287 2831 323 2872 3)
343 2830 654 2876 Wz'rziburyensis.
751 2839 788 2881 4)
817 2839 889 2879 Qui
909 2840 999 2873 sedit
1022 2851 1057 2877 α.
1075 2843 1287 2882 956—959;
1310 2855 1425 2888 supra
1445 2858 1483 2890 p.
1507 2848 1564 2882 38.
1662 2849 1698 2892 5)
1722 2849 1779 2891 Cf.

284 2887 399 2920 supra
420 2890 457 2922 p.
475 2882 556 2924 345,
584 2883 607 2918 l.
626 2885 753 2920 9—12.

2010 2883 2014 2913 1-
2006 2842 2014 2869 1.
1998 2783 2014 2831 «91.Δ
2004 2716 2014 2770 Ἀ
1990 2460 2014 2704 ,ὲὺ-Ἀωηκ...
2010 2397 2014 2436 ..1
