<?xml version="1.0" encoding="UTF-8"?>
<!DOCTYPE html PUBLIC "-//W3C//DTD XHTML 1.0 Transitional//EN"
    "http://www.w3.org/TR/xhtml1/DTD/xhtml1-transitional.dtd">
<html xmlns="http://www.w3.org/1999/xhtml" xml:lang="en" lang="en">
 <head>
  <title>
</title>
<meta http-equiv="Content-Type" content="text/html;charset=utf-8" />
  <meta name='ocr-system' content='tesseract 3.04.00' />
  <meta name='ocr-capabilities' content='ocr_page ocr_carea ocr_par ocr_line ocrx_word'/>
</head>
<body>
  <div class='ocr_page' id='page_1' title='image "./lampertimonachih00lambuoft/lampertimonachih00lambuoft_0073.png"; bbox 0 0 1968 3164; ppageno 0'>
   <div class='ocr_carea' id='block_1_1' title="bbox 717 221 1688 262">
    <p class='ocr_par' dir='ltr' id='par_1_1' title="bbox 717 221 1688 262">
     <span class='ocr_line' id='line_1_1' title="bbox 717 221 1688 262; baseline 0.004 -4"><span class='ocrx_word' id='word_1_1' title='bbox 717 221 1021 261; x_wconf 77' lang='lat' dir='ltr'><em>PRAEFATIO</em></span> <span class='ocrx_word' id='word_1_2' title='bbox 1047 222 1087 260; x_wconf 85' lang='lat' dir='ltr'><em>G.</em></span> <span class='ocrx_word' id='word_1_3' title='bbox 1102 222 1149 260; x_wconf 91' lang='lat' dir='ltr'><em>V.</em></span> <span class='ocrx_word' id='word_1_4' title='bbox 1577 225 1688 262; x_wconf 87' lang='lat' dir='ltr'><em>LXV</em></span> 
     </span>
    </p>
   </div>
   <div class='ocr_carea' id='block_1_2' title="bbox 121 343 1686 2484">
    <p class='ocr_par' dir='ltr' id='par_1_2' title="bbox 121 343 1686 2484">
     <span class='ocr_line' id='line_1_2' title="bbox 177 343 1686 400; baseline 0.001 -12"><span class='ocrx_word' id='word_1_5' title='bbox 177 349 219 388; x_wconf 86' lang='lat' dir='ltr'><em>et</em></span> <span class='ocrx_word' id='word_1_6' title='bbox 247 343 424 400; x_wconf 82' lang='lat' dir='ltr'><em>Lipsiae</em></span> <span class='ocrx_word' id='word_1_7' title='bbox 458 348 586 387; x_wconf 87' lang='grc'><strong>1797.</strong></span> <span class='ocrx_word' id='word_1_8' title='bbox 630 344 691 387; x_wconf 88' lang='lat'><em>8⁰.</em></span> <span class='ocrx_word' id='word_1_9' title='bbox 733 344 882 399; x_wconf 80' lang='lat' dir='ltr'><em>edidit,</em></span> <span class='ocrx_word' id='word_1_10' title='bbox 925 344 1104 396; x_wconf 76' lang='lat' dir='ltr'><em>studuit,</em></span> <span class='ocrx_word' id='word_1_11' title='bbox 1147 349 1194 388; x_wconf 90' lang='lat' dir='ltr'><em>ut</em></span> <span class='ocrx_word' id='word_1_12' title='bbox 1232 359 1301 388; x_wconf 89' lang='lat' dir='ltr'><em>eos</em></span> <span class='ocrx_word' id='word_1_13' title='bbox 1341 346 1686 390; x_wconf 75' lang='lat' dir='ltr'><em>adnotationibus</em></span> 
     </span>
     <span class='ocr_line' id='line_1_3' title="bbox 178 403 1623 460; baseline 0.001 -13"><span class='ocrx_word' id='word_1_14' title='bbox 178 404 414 448; x_wconf 80' lang='lat' dir='ltr'><em>illustraret</em></span> <span class='ocrx_word' id='word_1_15' title='bbox 443 418 495 448; x_wconf 88' lang='lat' dir='ltr'><em>ac</em></span> <span class='ocrx_word' id='word_1_16' title='bbox 525 403 763 459; x_wconf 75' lang='lat' dir='ltr'><em>corriyeret,</em></span> <span class='ocrx_word' id='word_1_17' title='bbox 796 405 872 447; x_wconf 88' lang='lat' dir='ltr'><em>sed</em></span> <span class='ocrx_word' id='word_1_18' title='bbox 891 418 1055 459; x_wconf 89' lang='lat' dir='ltr'><em>parum</em></span> <span class='ocrx_word' id='word_1_19' title='bbox 1085 406 1198 458; x_wconf 80' lang='lat' dir='ltr'><em>quod</em></span> <span class='ocrx_word' id='word_1_20' title='bbox 1218 406 1439 460; x_wconf 74' lang='lat' dir='ltr'><em>prodesset</em></span> <span class='ocrx_word' id='word_1_21' title='bbox 1468 406 1623 448; x_wconf 88' lang='lat' dir='ltr'><em>attulit.</em></span> 
     </span>
     <span class='ocr_line' id='line_1_4' title="bbox 320 463 1682 520; baseline 0.001 -13"><span class='ocrx_word' id='word_1_22' title='bbox 320 463 476 507; x_wconf 73' lang='lat' dir='ltr'><em>Prima</em></span> <span class='ocrx_word' id='word_1_23' title='bbox 505 463 633 507; x_wconf 88' lang='lat' dir='ltr'><em>editio</em></span> <span class='ocrx_word' id='word_1_24' title='bbox 665 463 808 507; x_wconf 88' lang='lat' dir='ltr'><em>critice</em></span> <span class='ocrx_word' id='word_1_25' title='bbox 836 468 1001 519; x_wconf 88' lang='lat' dir='ltr'><em>parata</em></span> <span class='ocrx_word' id='word_1_26' title='bbox 1040 463 1205 508; x_wconf 87' lang='lat' dir='ltr'><em>collatis</em></span> <span class='ocrx_word' id='word_1_27' title='bbox 1236 464 1429 508; x_wconf 90' lang='lat' dir='ltr'><em>omnibus</em></span> <span class='ocrx_word' id='word_1_28' title='bbox 1460 465 1682 520; x_wconf 77' lang='lat' dir='ltr'><em>codicibus,</em></span> 
     </span>
     <span class='ocr_line' id='line_1_5' title="bbox 176 523 1685 590; baseline 0.002 -25"><span class='ocrx_word' id='word_1_29' title='bbox 176 536 280 578; x_wconf 79' lang='lat' dir='ltr'><em>quos</em></span> <span class='ocrx_word' id='word_1_30' title='bbox 307 537 441 590; x_wconf 77' lang='lat' dir='ltr'><em>supra</em></span> <span class='ocrx_word' id='word_1_31' title='bbox 471 523 609 578; x_wconf 88' lang='lat' dir='ltr'><em>attuli,</em></span> <span class='ocrx_word' id='word_1_32' title='bbox 633 527 810 578; x_wconf 86' lang='lat' dir='ltr'><em>praeter</em></span> <span class='ocrx_word' id='word_1_33' title='bbox 828 524 924 566; x_wconf 81' lang='lat' dir='ltr'><strong>A2.</strong></span> <span class='ocrx_word' id='word_1_34' title='bbox 947 524 992 566; x_wconf 96' lang='lat' dir='ltr'><em>A</em></span> <span class='ocrx_word' id='word_1_35' title='bbox 1005 528 1075 566; x_wconf 86' lang='lat' dir='ltr'><em>2a.</em></span> <span class='ocrx_word' id='word_1_36' title='bbox 1097 523 1201 567; x_wconf 90' lang='lat' dir='ltr'><em>Blc</em></span> <span class='ocrx_word' id='word_1_37' title='bbox 1231 528 1270 567; x_wconf 91' lang='lat' dir='ltr'><em>et</em></span> <span class='ocrx_word' id='word_1_38' title='bbox 1290 524 1494 567; x_wconf 78' lang='lat' dir='ltr'><em>Andreae</em></span> <span class='ocrx_word' id='word_1_39' title='bbox 1525 525 1685 569; x_wconf 89' lang='lat' dir='ltr'><em>codices</em></span> 
     </span>
     <span class='ocr_line' id='line_1_6' title="bbox 146 579 1685 639; baseline 0.001 -13"><span class='ocrx_word' id='word_1_40' title='bbox 146 598 164 625; x_wconf 76' lang='lat'><strong>⁶</strong></span> <span class='ocrx_word' id='word_1_41' title='bbox 178 579 244 635; x_wconf 83' lang='lat' dir='ltr'><em>(B</em></span> <span class='ocrx_word' id='word_1_42' title='bbox 257 583 324 639; x_wconf 90' lang='lat' dir='ltr'><em>le)</em></span> <span class='ocrx_word' id='word_1_43' title='bbox 355 582 406 626; x_wconf 87' lang='lat' dir='ltr'><em>in</em></span> <span class='ocrx_word' id='word_1_44' title='bbox 426 587 574 626; x_wconf 88' lang='lat' dir='ltr'><em>nostra</em></span> <span class='ocrx_word' id='word_1_45' title='bbox 595 582 832 626; x_wconf 80' lang='lat' dir='ltr'><em>collectione</em></span> <span class='ocrx_word' id='word_1_46' title='bbox 854 582 1032 638; x_wconf 89' lang='lat' dir='ltr'><em>prodiit,</em></span> <span class='ocrx_word' id='word_1_47' title='bbox 1066 587 1106 626; x_wconf 91' lang='lat' dir='ltr'><em>et</em></span> <span class='ocrx_word' id='word_1_48' title='bbox 1125 583 1293 637; x_wconf 77' lang='lat' dir='ltr'><em>quidem</em></span> <span class='ocrx_word' id='word_1_49' title='bbox 1305 583 1498 638; x_wconf 76' lang='lat' dir='ltr'><em>priorem</em></span> <span class='ocrx_word' id='word_1_50' title='bbox 1514 589 1685 639; x_wconf 86' lang='lat' dir='ltr'><em>partem</em></span> 
     </span>
     <span class='ocr_line' id='line_1_7' title="bbox 176 642 1682 698; baseline 0 -12"><span class='ocrx_word' id='word_1_51' title='bbox 176 642 230 686; x_wconf 82' lang='lat' dir='ltr'><em>ab</em></span> <span class='ocrx_word' id='word_1_52' title='bbox 251 642 416 698; x_wconf 76' lang='lat' dir='ltr'><em>oriyine</em></span> <span class='ocrx_word' id='word_1_53' title='bbox 439 642 591 686; x_wconf 84' lang='lat' dir='ltr'><em>mundi</em></span> <span class='ocrx_word' id='word_1_54' title='bbox 619 656 750 697; x_wconf 80' lang='lat' dir='ltr'><em>usque</em></span> <span class='ocrx_word' id='word_1_55' title='bbox 780 643 840 686; x_wconf 92' lang='lat' dir='ltr'><em>ad</em></span> <span class='ocrx_word' id='word_1_56' title='bbox 858 657 899 685; x_wconf 89' lang='lat' dir='ltr'><em>a.</em></span> <span class='ocrx_word' id='word_1_57' title='bbox 916 647 1044 686; x_wconf 86' lang='lat'><strong>1039.</strong></span> <span class='ocrx_word' id='word_1_58' title='bbox 1076 642 1210 686; x_wconf 80' lang='lat' dir='ltr'><em>edidit</em></span> <span class='ocrx_word' id='word_1_59' title='bbox 1245 642 1299 686; x_wconf 79' lang='lat' dir='ltr'><em>G.</em></span> <span class='ocrx_word' id='word_1_60' title='bbox 1322 643 1384 686; x_wconf 90' lang='grc' dir='ltr'><em>Η.</em></span> <span class='ocrx_word' id='word_1_61' title='bbox 1408 643 1537 687; x_wconf 69' lang='lat' dir='ltr'><em>Perte</em></span> <span class='ocrx_word' id='word_1_62' title='bbox 1568 645 1604 686; x_wconf 92' lang='lat' dir='ltr'><em>b.</em></span> <span class='ocrx_word' id='word_1_63' title='bbox 1626 659 1682 686; x_wconf 90' lang='lat' dir='ltr'><em>m.</em></span> 
     </span>
     <span class='ocr_line' id='line_1_8' title="bbox 175 701 1684 758; baseline 0.002 -14"><span class='ocrx_word' id='word_1_64' title='bbox 175 701 224 746; x_wconf 82' lang='lat' dir='ltr'><em>in</em></span> <span class='ocrx_word' id='word_1_65' title='bbox 256 702 520 758; x_wconf 80' lang='lat' dir='ltr'><em>Scriptorum</em></span> <span class='ocrx_word' id='word_1_66' title='bbox 549 706 578 745; x_wconf 91' lang='lat' dir='ltr'><em>t.</em></span> <span class='ocrx_word' id='word_1_67' title='bbox 601 702 703 756; x_wconf 85' lang='lat' dir='ltr'><em>III,</em></span> <span class='ocrx_word' id='word_1_68' title='bbox 737 717 784 757; x_wconf 90' lang='lat' dir='ltr'><em>p.</em></span> <span class='ocrx_word' id='word_1_69' title='bbox 813 706 1050 757; x_wconf 86' lang='lat'>18—102‚</span> <span class='ocrx_word' id='word_1_70' title='bbox 1093 702 1385 746; x_wconf 83' lang='lat' dir='ltr'><em>Hannoverae</em></span> <span class='ocrx_word' id='word_1_71' title='bbox 1420 707 1547 757; x_wconf 83' lang='lat'><em>1839,</em></span> <span class='ocrx_word' id='word_1_72' title='bbox 1591 718 1684 747; x_wconf 89' lang='lat' dir='ltr'><em>cum</em></span> 
     </span>
     <span class='ocr_line' id='line_1_9' title="bbox 175 761 1683 816; baseline 0.001 -12"><span class='ocrx_word' id='word_1_73' title='bbox 175 761 277 805; x_wconf 87' lang='lat' dir='ltr'><em>aliis</em></span> <span class='ocrx_word' id='word_1_74' title='bbox 296 762 528 806; x_wconf 81' lang='lat' dir='ltr'><em>annalibus</em></span> <span class='ocrx_word' id='word_1_75' title='bbox 548 763 622 816; x_wconf 80' lang='lat' dir='ltr'><em>qui</em></span> <span class='ocrx_word' id='word_1_76' title='bbox 637 761 886 805; x_wconf 83' lang='lat' dir='ltr'><em>Annalibus</em></span> <span class='ocrx_word' id='word_1_77' title='bbox 901 762 1280 815; x_wconf 80' lang='lat' dir='ltr'><em>Hersfeldensibus</em></span> <span class='ocrx_word' id='word_1_78' title='bbox 1300 762 1511 806; x_wconf 88' lang='lat' dir='ltr'><em>nituntur.</em></span> <span class='ocrx_word' id='word_1_79' title='bbox 1543 763 1683 807; x_wconf 87' lang='lat' dir='ltr'><em>Poste-</em></span> 
     </span>
     <span class='ocr_line' id='line_1_10' title="bbox 174 821 1680 876; baseline 0.001 -12"><span class='ocrx_word' id='word_1_80' title='bbox 174 821 307 865; x_wconf 79' lang='lat' dir='ltr'><em>rioris</em></span> <span class='ocrx_word' id='word_1_81' title='bbox 337 821 482 876; x_wconf 75' lang='lat' dir='ltr'><em>pasrtis</em></span> <span class='ocrx_word' id='word_1_82' title='bbox 517 836 558 864; x_wconf 90' lang='lat' dir='ltr'><em>a.</em></span> <span class='ocrx_word' id='word_1_83' title='bbox 586 825 770 864; x_wconf 78' lang='grc'><strong>1040-</strong></span> <span class='ocrx_word' id='word_1_84' title='bbox 782 826 909 864; x_wconf 89' lang='grc'><strong>1077.</strong></span> <span class='ocrx_word' id='word_1_85' title='bbox 942 822 1168 865; x_wconf 85' lang='lat' dir='ltr'><em>editionem</em></span> <span class='ocrx_word' id='word_1_86' title='bbox 1199 823 1252 865; x_wconf 93' lang='lat' dir='ltr'><em>L.</em></span> <span class='ocrx_word' id='word_1_87' title='bbox 1285 823 1366 865; x_wconf 87' lang='lat' dir='ltr'><em>Fr.</em></span> <span class='ocrx_word' id='word_1_88' title='bbox 1398 823 1534 866; x_wconf 86' lang='lat' dir='ltr'><em>Hesse</em></span> <span class='ocrx_word' id='word_1_89' title='bbox 1566 823 1601 865; x_wconf 94' lang='lat' dir='ltr'><em>b.</em></span> <span class='ocrx_word' id='word_1_90' title='bbox 1624 838 1680 866; x_wconf 84' lang='lat' dir='ltr'><em>m.</em></span> 
     </span>
     <span class='ocr_line' id='line_1_11' title="bbox 128 881 1683 937; baseline 0.001 -14"><span class='ocrx_word' id='word_1_91' title='bbox 128 898 163 923; x_wconf 88' lang='lat'><em>10</em></span> <span class='ocrx_word' id='word_1_92' title='bbox 166 885 533 936; x_wconf 80' lang='lat' dir='ltr'><em>praeparaverat</em></span> <span class='ocrx_word' id='word_1_93' title='bbox 563 882 676 936; x_wconf 78' lang='lat' dir='ltr'><em>quod</em></span> <span class='ocrx_word' id='word_1_94' title='bbox 695 895 788 924; x_wconf 86' lang='lat' dir='ltr'><em>cum</em></span> <span class='ocrx_word' id='word_1_95' title='bbox 808 881 952 925; x_wconf 90' lang='lat' dir='ltr'><em>minus</em></span> <span class='ocrx_word' id='word_1_96' title='bbox 982 881 1164 934; x_wconf 80' lang='lat' dir='ltr'><em>feliciter</em></span> <span class='ocrx_word' id='word_1_97' title='bbox 1193 882 1232 924; x_wconf 89' lang='lat' dir='ltr'><em>ei</em></span> <span class='ocrx_word' id='word_1_98' title='bbox 1258 881 1456 936; x_wconf 87' lang='lat' dir='ltr'><em>cessi,sset</em></span> <span class='ocrx_word' id='word_1_99' title='bbox 1489 883 1683 937; x_wconf 79' lang='lat' dir='ltr'><em>quamvis</em></span> 
     </span>
     <span class='ocr_line' id='line_1_12' title="bbox 174 939 1682 995; baseline 0.002 -12"><span class='ocrx_word' id='word_1_100' title='bbox 174 940 399 995; x_wconf 76' lang='lat' dir='ltr'><em>diliyenter</em></span> <span class='ocrx_word' id='word_1_101' title='bbox 427 939 477 984; x_wconf 88' lang='lat' dir='ltr'><em>in</em></span> <span class='ocrx_word' id='word_1_102' title='bbox 506 955 739 984; x_wconf 88' lang='lat' dir='ltr'><em>sermonem</em></span> <span class='ocrx_word' id='word_1_103' title='bbox 760 941 982 995; x_wconf 90' lang='lat' dir='ltr'><em>Lamperti</em></span> <span class='ocrx_word' id='word_1_104' title='bbox 1006 941 1307 995; x_wconf 78' lang='lat' dir='ltr'><em>inquisivisset,</em></span> <span class='ocrx_word' id='word_1_105' title='bbox 1341 942 1551 985; x_wconf 88' lang='lat' dir='ltr'><em>nonnulla</em></span> <span class='ocrx_word' id='word_1_106' title='bbox 1583 944 1682 986; x_wconf 91' lang='lat' dir='ltr'><em>bene</em></span> 
     </span>
     <span class='ocr_line' id='line_1_13' title="bbox 173 1000 1683 1054; baseline 0.001 -11"><span class='ocrx_word' id='word_1_107' title='bbox 173 1001 426 1054; x_wconf 84' lang='lat' dir='ltr'><em>adnotasset,</em></span> <span class='ocrx_word' id='word_1_108' title='bbox 460 1001 597 1044; x_wconf 87' lang='lat' dir='ltr'><em>denuo</em></span> <span class='ocrx_word' id='word_1_109' title='bbox 628 1000 793 1044; x_wconf 90' lang='lat' dir='ltr'><em>collatis</em></span> <span class='ocrx_word' id='word_1_110' title='bbox 824 1000 1034 1044; x_wconf 88' lang='lat' dir='ltr'><em>codicibus</em></span> <span class='ocrx_word' id='word_1_111' title='bbox 1065 1001 1170 1043; x_wconf 89' lang='lat' dir='ltr'><em>Blb</em></span> <span class='ocrx_word' id='word_1_112' title='bbox 1195 1005 1234 1043; x_wconf 91' lang='lat' dir='ltr'><em>et</em></span> <span class='ocrx_word' id='word_1_113' title='bbox 1263 1001 1341 1043; x_wconf 82' lang='lat' dir='ltr'><em>B2</em></span> <span class='ocrx_word' id='word_1_114' title='bbox 1374 1015 1468 1044; x_wconf 90' lang='lat' dir='ltr'><em>eam</em></span> <span class='ocrx_word' id='word_1_115' title='bbox 1499 1003 1683 1045; x_wconf 76' lang='lat' dir='ltr'><em>correoeit</em></span> 
     </span>
     <span class='ocr_line' id='line_1_14' title="bbox 180 1059 1683 1115; baseline 0.001 -13"><span class='ocrx_word' id='word_1_116' title='bbox 180 1059 391 1114; x_wconf 75' lang='lat' dir='ltr'><em>Georyius</em></span> <span class='ocrx_word' id='word_1_117' title='bbox 430 1059 575 1103; x_wconf 71' lang='lat' dir='ltr'><em>Waite</em></span> <span class='ocrx_word' id='word_1_118' title='bbox 615 1061 651 1103; x_wconf 90' lang='lat' dir='ltr'><em>b.</em></span> <span class='ocrx_word' id='word_1_119' title='bbox 683 1074 738 1102; x_wconf 91' lang='lat' dir='ltr'><em>m.</em></span> <span class='ocrx_word' id='word_1_120' title='bbox 748 1094 759 1114; x_wconf 91' lang='lat'><em>,</em></span> <span class='ocrx_word' id='word_1_121' title='bbox 797 1060 1091 1114; x_wconf 84' lang='lat' dir='ltr'><em>praefationis</em></span> <span class='ocrx_word' id='word_1_122' title='bbox 1122 1065 1250 1114; x_wconf 87' lang='lat' dir='ltr'><em>parte</em></span> <span class='ocrx_word' id='word_1_123' title='bbox 1289 1075 1450 1115; x_wconf 70' lang='lat' dir='ltr'><em>mayna</em></span> <span class='ocrx_word' id='word_1_124' title='bbox 1489 1066 1528 1104; x_wconf 91' lang='lat' dir='ltr'><em>et</em></span> <span class='ocrx_word' id='word_1_125' title='bbox 1565 1062 1683 1105; x_wconf 78' lang='lat' dir='ltr'><em>haud</em></span> 
     </span>
     <span class='ocr_line' id='line_1_15' title="bbox 164 1118 1681 1176; baseline 0.001 -14"><span class='ocrx_word' id='word_1_126' title='bbox 164 1119 322 1174; x_wconf 86' lang='lat' dir='ltr'><em>paucis</em></span> <span class='ocrx_word' id='word_1_127' title='bbox 341 1118 687 1163; x_wconf 86' lang='lat' dir='ltr'><em>adnotationibus</em></span> <span class='ocrx_word' id='word_1_128' title='bbox 707 1119 881 1162; x_wconf 88' lang='lat' dir='ltr'><em>additis.</em></span> <span class='ocrx_word' id='word_1_129' title='bbox 935 1121 1052 1174; x_wconf 75' lang='lat' dir='ltr'><em>Quae</em></span> <span class='ocrx_word' id='word_1_130' title='bbox 1083 1119 1209 1163; x_wconf 89' lang='lat' dir='ltr'><em>editio</em></span> <span class='ocrx_word' id='word_1_131' title='bbox 1231 1120 1400 1175; x_wconf 81' lang='lat' dir='ltr'><em>prodiit</em></span> <span class='ocrx_word' id='word_1_132' title='bbox 1429 1119 1478 1163; x_wconf 90' lang='lat' dir='ltr'><em>in</em></span> <span class='ocrx_word' id='word_1_133' title='bbox 1501 1121 1681 1176; x_wconf 76' lang='lat' dir='ltr'><em>Scripto-</em></span> 
     </span>
     <span class='ocr_line' id='line_1_16' title="bbox 125 1179 1680 1235; baseline 0.001 -13"><span class='ocrx_word' id='word_1_134' title='bbox 125 1195 160 1222; x_wconf 75' lang='lat'><em>15</em></span> <span class='ocrx_word' id='word_1_135' title='bbox 172 1193 270 1222; x_wconf 88' lang='lat' dir='ltr'><em>rum</em></span> <span class='ocrx_word' id='word_1_136' title='bbox 300 1182 408 1222; x_wconf 86' lang='lat' dir='ltr'><em>tomo</em></span> <span class='ocrx_word' id='word_1_137' title='bbox 440 1179 489 1232; x_wconf 87' lang='lat' dir='ltr'><em>V,</em></span> <span class='ocrx_word' id='word_1_138' title='bbox 522 1193 570 1233; x_wconf 89' lang='lat' dir='ltr'><em>p.</em></span> <span class='ocrx_word' id='word_1_139' title='bbox 598 1182 844 1233; x_wconf 81' lang='lat'><em>134—263,</em></span> <span class='ocrx_word' id='word_1_140' title='bbox 878 1180 1170 1222; x_wconf 79' lang='lat' dir='ltr'><em>Hannoverae</em></span> <span class='ocrx_word' id='word_1_141' title='bbox 1199 1180 1355 1222; x_wconf 85' lang='lat'><strong>18441.</strong></span> <span class='ocrx_word' id='word_1_142' title='bbox 1404 1180 1477 1222; x_wconf 71' lang='lat' dir='ltr'><em>Ea:</em></span> <span class='ocrx_word' id='word_1_143' title='bbox 1499 1180 1680 1235; x_wconf 75' lang='lat' dir='ltr'><em>Scripto-</em></span> 
     </span>
     <span class='ocr_line' id='line_1_17' title="bbox 172 1238 1680 1294; baseline 0.002 -14"><span class='ocrx_word' id='word_1_144' title='bbox 172 1252 269 1281; x_wconf 86' lang='lat' dir='ltr'><em>rum</em></span> <span class='ocrx_word' id='word_1_145' title='bbox 291 1242 319 1280; x_wconf 81' lang='lat' dir='ltr'><em>t.</em></span> <span class='ocrx_word' id='word_1_146' title='bbox 337 1238 440 1281; x_wconf 92' lang='lat' dir='ltr'><strong>III.</strong></span> <span class='ocrx_word' id='word_1_147' title='bbox 463 1242 503 1281; x_wconf 92' lang='lat' dir='ltr'><em>et</em></span> <span class='ocrx_word' id='word_1_148' title='bbox 527 1238 576 1281; x_wconf 90' lang='lat' dir='ltr'><em>V.</em></span> <span class='ocrx_word' id='word_1_149' title='bbox 598 1238 737 1282; x_wconf 86' lang='lat' dir='ltr'><em>recusi</em></span> <span class='ocrx_word' id='word_1_150' title='bbox 757 1242 857 1281; x_wconf 82' lang='lat' dir='ltr'><em>sunt</em></span> <span class='ocrx_word' id='word_1_151' title='bbox 877 1238 1100 1293; x_wconf 87' lang='lat' dir='ltr'><em>Lamperti</em></span> <span class='ocrx_word' id='word_1_152' title='bbox 1116 1239 1324 1292; x_wconf 89' lang='lat' dir='ltr'><em>Annales,</em></span> <span class='ocrx_word' id='word_1_153' title='bbox 1352 1239 1542 1282; x_wconf 80' lang='lat' dir='ltr'><em>breviata</em></span> <span class='ocrx_word' id='word_1_154' title='bbox 1554 1255 1680 1294; x_wconf 87' lang='lat' dir='ltr'><em>prae-</em></span> 
     </span>
     <span class='ocr_line' id='line_1_18' title="bbox 170 1297 1678 1353; baseline 0.001 -13"><span class='ocrx_word' id='word_1_155' title='bbox 170 1297 335 1351; x_wconf 76' lang='lat' dir='ltr'><em>satione</em></span> <span class='ocrx_word' id='word_1_156' title='bbox 340 1331 353 1351; x_wconf 89' lang='lat'><em>‚</em></span> <span class='ocrx_word' id='word_1_157' title='bbox 392 1297 561 1340; x_wconf 86' lang='lat' dir='ltr'><em>omissis</em></span> <span class='ocrx_word' id='word_1_158' title='bbox 603 1302 819 1352; x_wconf 61' lang='lat' dir='ltr'><em>afflaratu</em></span> <span class='ocrx_word' id='word_1_159' title='bbox 859 1298 1005 1341; x_wconf 89' lang='lat' dir='ltr'><em>critico</em></span> <span class='ocrx_word' id='word_1_160' title='bbox 1046 1303 1084 1341; x_wconf 93' lang='lat' dir='ltr'><em>et</em></span> <span class='ocrx_word' id='word_1_161' title='bbox 1129 1298 1274 1341; x_wconf 87' lang='lat' dir='ltr'><em>multis</em></span> <span class='ocrx_word' id='word_1_162' title='bbox 1319 1299 1678 1353; x_wconf 81' lang='lat' dir='ltr'><em>adnotationibus,</em></span> 
     </span>
     <span class='ocr_line' id='line_1_19' title="bbox 171 1356 1681 1412; baseline 0.002 -13"><span class='ocrx_word' id='word_1_163' title='bbox 171 1356 284 1400; x_wconf 89' lang='lat' dir='ltr'><em>inter</em></span> <span class='ocrx_word' id='word_1_164' title='bbox 315 1357 553 1412; x_wconf 64' lang='lat' dir='ltr'><em>Scriptovcs</em></span> <span class='ocrx_word' id='word_1_165' title='bbox 582 1371 726 1401; x_wconf 87' lang='lat' dir='ltr'><em>rerum</em></span> <span class='ocrx_word' id='word_1_166' title='bbox 763 1357 1123 1401; x_wconf 75' lang='lat' dir='ltr'><em>Germanicarum</em></span> <span class='ocrx_word' id='word_1_167' title='bbox 1155 1358 1446 1401; x_wconf 81' lang='lat' dir='ltr'><em>Hannoverae</em></span> <span class='ocrx_word' id='word_1_168' title='bbox 1481 1363 1609 1401; x_wconf 85' lang='lat'><strong>1843.</strong></span> <span class='ocrx_word' id='word_1_169' title='bbox 1642 1364 1681 1403; x_wconf 87' lang='lat' dir='ltr'><em>et</em></span> 
     </span>
     <span class='ocr_line' id='line_1_20' title="bbox 169 1416 1679 1472; baseline 0.001 -13"><span class='ocrx_word' id='word_1_170' title='bbox 169 1416 324 1460; x_wconf 83' lang='lat' dir='ltr'><em>iterum</em></span> <span class='ocrx_word' id='word_1_171' title='bbox 343 1417 634 1460; x_wconf 82' lang='lat' dir='ltr'><em>Hannoverae</em></span> <span class='ocrx_word' id='word_1_172' title='bbox 658 1421 785 1471; x_wconf 85' lang='lat'><em>1874,</em></span> <span class='ocrx_word' id='word_1_173' title='bbox 819 1417 1071 1472; x_wconf 80' lang='lat' dir='ltr'><em>quibusdam</em></span> <span class='ocrx_word' id='word_1_174' title='bbox 1102 1417 1346 1471; x_wconf 81' lang='lat' dir='ltr'><em>emendatis,</em></span> <span class='ocrx_word' id='word_1_175' title='bbox 1378 1419 1453 1461; x_wconf 84' lang='lat' dir='ltr'><em>sed</em></span> <span class='ocrx_word' id='word_1_176' title='bbox 1481 1423 1520 1461; x_wconf 86' lang='lat' dir='ltr'><em>et</em></span> <span class='ocrx_word' id='word_1_177' title='bbox 1544 1419 1679 1462; x_wconf 84' lang='lat' dir='ltr'><em>allata</em></span> 
     </span>
     <span class='ocr_line' id='line_1_21' title="bbox 123 1475 1473 1531; baseline 0 -11"><span class='ocrx_word' id='word_1_178' title='bbox 123 1475 297 1520; x_wconf 66' lang='lat' dir='ltr'><em>novaria</em></span> <span class='ocrx_word' id='word_1_179' title='bbox 327 1476 500 1520; x_wconf 87' lang='lat' dir='ltr'><em>lectione</em></span> <span class='ocrx_word' id='word_1_180' title='bbox 531 1476 686 1520; x_wconf 87' lang='lat' dir='ltr'><em>codicis</em></span> <span class='ocrx_word' id='word_1_181' title='bbox 716 1477 808 1530; x_wconf 82' lang='lat' dir='ltr'><em>A2,</em></span> <span class='ocrx_word' id='word_1_182' title='bbox 841 1490 949 1531; x_wconf 78' lang='lat' dir='ltr'><em>quae</em></span> <span class='ocrx_word' id='word_1_183' title='bbox 979 1477 1142 1521; x_wconf 85' lang='lat' dir='ltr'><em>nullius</em></span> <span class='ocrx_word' id='word_1_184' title='bbox 1171 1477 1371 1520; x_wconf 85' lang='lat' dir='ltr'><em>momenti</em></span> <span class='ocrx_word' id='word_1_185' title='bbox 1401 1482 1473 1520; x_wconf 87' lang='lat' dir='ltr'><em>est.</em></span> 
     </span>
     <span class='ocr_line' id='line_1_22' title="bbox 313 1535 1679 1592; baseline -0.001 -14"><span class='ocrx_word' id='word_1_186' title='bbox 313 1535 714 1579; x_wconf 79' lang='lat' dir='ltr'><em>Praestantissimos</em></span> <span class='ocrx_word' id='word_1_187' title='bbox 752 1536 997 1579; x_wconf 90' lang='lat' dir='ltr'><em>Annalium</em></span> <span class='ocrx_word' id='word_1_188' title='bbox 1037 1537 1146 1580; x_wconf 90' lang='lat' dir='ltr'><em>locos</em></span> <span class='ocrx_word' id='word_1_189' title='bbox 1185 1537 1358 1591; x_wconf 87' lang='lat' dir='ltr'><em>primus</em></span> <span class='ocrx_word' id='word_1_190' title='bbox 1397 1537 1446 1580; x_wconf 90' lang='lat' dir='ltr'><em>in</em></span> <span class='ocrx_word' id='word_1_191' title='bbox 1486 1537 1679 1592; x_wconf 67' lang='lat' dir='ltr'><em>linquam</em></span> 
     </span>
     <span class='ocr_line' id='line_1_23' title="bbox 177 1594 1678 1650; baseline 0.001 -12"><span class='ocrx_word' id='word_1_192' title='bbox 177 1594 482 1639; x_wconf 77' lang='lat' dir='ltr'><em>Germanicam</em></span> <span class='ocrx_word' id='word_1_193' title='bbox 510 1595 635 1639; x_wconf 85' lang='lat' dir='ltr'><em>vertit</em></span> <span class='ocrx_word' id='word_1_194' title='bbox 654 1596 714 1639; x_wconf 91' lang='lat' dir='ltr'><em>D.</em></span> <span class='ocrx_word' id='word_1_195' title='bbox 732 1594 794 1639; x_wconf 88' lang='lat' dir='ltr'><em>H.</em></span> <span class='ocrx_word' id='word_1_196' title='bbox 814 1595 1076 1650; x_wconf 72' lang='lat' dir='ltr'><em>Heyewiscli,</em></span> <span class='ocrx_word' id='word_1_197' title='bbox 1113 1596 1392 1640; x_wconf 75' lang='lat' dir='ltr'><em>‘Charactere</em></span> <span class='ocrx_word' id='word_1_198' title='bbox 1415 1599 1508 1640; x_wconf 90' lang='lat' dir='ltr'><em>und</em></span> <span class='ocrx_word' id='word_1_199' title='bbox 1529 1598 1678 1640; x_wconf 81' lang='lat' dir='ltr'><em>Sitten-</em></span> 
     </span>
     <span class='ocr_line' id='line_1_24' title="bbox 167 1655 1677 1708; baseline 0.001 -10"><span class='ocrx_word' id='word_1_200' title='bbox 167 1655 358 1708; x_wconf 79' lang='lat' dir='ltr'><em>9emc&#39;ilde</em></span> <span class='ocrx_word' id='word_1_201' title='bbox 395 1670 477 1699; x_wconf 87' lang='lat' dir='ltr'><em>aus</em></span> <span class='ocrx_word' id='word_1_202' title='bbox 516 1655 740 1699; x_wconf 75' lang='lat' dir='ltr'><em>deutschen</em></span> <span class='ocrx_word' id='word_1_203' title='bbox 784 1655 1250 1699; x_wconf 76' lang='lat' dir='ltr'><em>Geschichtschreibern</em></span> <span class='ocrx_word' id='word_1_204' title='bbox 1288 1657 1359 1698; x_wconf 85' lang='lat' dir='ltr'><em>des</em></span> <span class='ocrx_word' id='word_1_205' title='bbox 1391 1656 1677 1700; x_wconf 79' lang='lat' dir='ltr'><em>Mittelalters&#39;</em></span> 
     </span>
     <span class='ocr_line' id='line_1_25' title="bbox 172 1711 1679 1770; baseline 0.001 -14"><span class='ocrx_word' id='word_1_206' title='bbox 172 1711 370 1769; x_wconf 66' lang='lat' dir='ltr'><em>(Leipzig)</em></span> <span class='ocrx_word' id='word_1_207' title='bbox 406 1719 532 1757; x_wconf 88' lang='grc'><strong>1768.</strong></span> <span class='ocrx_word' id='word_1_208' title='bbox 568 1715 635 1769; x_wconf 87' lang='lat'><em>8⁰)</em></span> <span class='ocrx_word' id='word_1_209' title='bbox 670 1715 710 1769; x_wconf 95' lang='lat' dir='ltr'><em>I,</em></span> <span class='ocrx_word' id='word_1_210' title='bbox 735 1730 783 1769; x_wconf 88' lang='lat' dir='ltr'><em>p.</em></span> <span class='ocrx_word' id='word_1_211' title='bbox 808 1719 1058 1768; x_wconf 81' lang='lat'>93—200;</span> <span class='ocrx_word' id='word_1_212' title='bbox 1099 1716 1250 1758; x_wconf 86' lang='lat' dir='ltr'><em>deinde</em></span> <span class='ocrx_word' id='word_1_213' title='bbox 1280 1715 1485 1758; x_wconf 84' lang='lat' dir='ltr'><em>maiorem</em></span> <span class='ocrx_word' id='word_1_214' title='bbox 1508 1721 1679 1770; x_wconf 89' lang='lat' dir='ltr'><em>partem</em></span> 
     </span>
     <span class='ocr_line' id='line_1_26' title="bbox 121 1774 1678 1828; baseline 0.001 -11"><span class='ocrx_word' id='word_1_215' title='bbox 121 1791 157 1817; x_wconf 64' lang='grc' dir='ltr'><em>εδ</em></span> <span class='ocrx_word' id='word_1_216' title='bbox 170 1775 223 1816; x_wconf 91' lang='lat' dir='ltr'><em>ab</em></span> <span class='ocrx_word' id='word_1_217' title='bbox 254 1788 296 1816; x_wconf 91' lang='lat' dir='ltr'><em>a.</em></span> <span class='ocrx_word' id='word_1_218' title='bbox 322 1778 450 1816; x_wconf 90' lang='grc'><strong>1039.</strong></span> <span class='ocrx_word' id='word_1_219' title='bbox 499 1774 555 1816; x_wconf 88' lang='lat' dir='ltr'><strong>F.</strong></span> <span class='ocrx_word' id='word_1_220' title='bbox 577 1774 634 1816; x_wconf 91' lang='lat' dir='ltr'><em>B.</em></span> <span class='ocrx_word' id='word_1_221' title='bbox 657 1789 738 1817; x_wconf 79' lang='lat' dir='ltr'><em>von</em></span> <span class='ocrx_word' id='word_1_222' title='bbox 759 1774 992 1828; x_wconf 72' lang='lat' dir='ltr'><em>Bucliliole,</em></span> <span class='ocrx_word' id='word_1_223' title='bbox 1028 1774 1295 1817; x_wconf 78' lang='lat' dir='ltr'><em>‘Lambertus</em></span> <span class='ocrx_word' id='word_1_224' title='bbox 1326 1789 1406 1817; x_wconf 84' lang='lat' dir='ltr'><em>von</em></span> <span class='ocrx_word' id='word_1_225' title='bbox 1428 1775 1678 1827; x_wconf 79' lang='lat' dir='ltr'><em>Aschaffen-</em></span> 
     </span>
     <span class='ocr_line' id='line_1_27' title="bbox 171 1833 1678 1887; baseline 0.001 -12"><span class='ocrx_word' id='word_1_226' title='bbox 171 1834 295 1887; x_wconf 76' lang='lat' dir='ltr'><em>bury,</em></span> <span class='ocrx_word' id='word_1_227' title='bbox 344 1833 620 1876; x_wconf 76' lang='lat' dir='ltr'><em>Geschichten</em></span> <span class='ocrx_word' id='word_1_228' title='bbox 660 1835 736 1876; x_wconf 84' lang='lat' dir='ltr'><em>der</em></span> <span class='ocrx_word' id='word_1_229' title='bbox 774 1834 1036 1887; x_wconf 79' lang='lat' dir='ltr'><em>Deutschen,</em></span> <span class='ocrx_word' id='word_1_230' title='bbox 1079 1834 1196 1876; x_wconf 84' lang='lat' dir='ltr'><em>nebst</em></span> <span class='ocrx_word' id='word_1_231' title='bbox 1235 1834 1556 1877; x_wconf 75' lang='lat' dir='ltr'><em>Bruclestiicken</em></span> <span class='ocrx_word' id='word_1_232' title='bbox 1598 1850 1678 1877; x_wconf 81' lang='lat' dir='ltr'><em>aus</em></span> 
     </span>
     <span class='ocr_line' id='line_1_28' title="bbox 169 1891 1678 1948; baseline 0.001 -13"><span class='ocrx_word' id='word_1_233' title='bbox 169 1893 337 1935; x_wconf 85' lang='lat' dir='ltr'><em>andern</em></span> <span class='ocrx_word' id='word_1_234' title='bbox 364 1891 639 1935; x_wconf 79' lang='lat' dir='ltr'><em>Chroniken&#39;.</em></span> <span class='ocrx_word' id='word_1_235' title='bbox 684 1893 933 1946; x_wconf 65' lang='lat' dir='ltr'><em>Frankfurt</em></span> <span class='ocrx_word' id='word_1_236' title='bbox 965 1908 1006 1935; x_wconf 91' lang='lat' dir='ltr'><em>a.</em></span> <span class='ocrx_word' id='word_1_237' title='bbox 1029 1894 1097 1935; x_wconf 87' lang='lat' dir='ltr'><em>M.</em></span> <span class='ocrx_word' id='word_1_238' title='bbox 1136 1897 1262 1935; x_wconf 89' lang='grc'><strong>1819.</strong></span> <span class='ocrx_word' id='word_1_239' title='bbox 1297 1893 1357 1934; x_wconf 88' lang='lat'><em>8⁰.</em></span> <span class='ocrx_word' id='word_1_240' title='bbox 1405 1894 1678 1948; x_wconf 76' lang='lat' dir='ltr'><em>Inteyrorum</em></span> 
     </span>
     <span class='ocr_line' id='line_1_29' title="bbox 170 1951 1677 1997; baseline 0.001 -3"><span class='ocrx_word' id='word_1_241' title='bbox 170 1951 398 1995; x_wconf 88' lang='lat' dir='ltr'><em>annalium</em></span> <span class='ocrx_word' id='word_1_242' title='bbox 452 1951 686 1995; x_wconf 80' lang='lat' dir='ltr'><em>versionem</em></span> <span class='ocrx_word' id='word_1_243' title='bbox 738 1957 968 1995; x_wconf 84' lang='lat' dir='ltr'><em>correctam</em></span> <span class='ocrx_word' id='word_1_244' title='bbox 1019 1967 1048 1995; x_wconf 92' lang='lat' dir='ltr'><em>a</em></span> <span class='ocrx_word' id='word_1_245' title='bbox 1090 1954 1138 1995; x_wconf 90' lang='lat' dir='ltr'><strong>V.</strong></span> <span class='ocrx_word' id='word_1_246' title='bbox 1178 1953 1246 1996; x_wconf 78' lang='lat' dir='ltr'><em>Ol.</em></span> <span class='ocrx_word' id='word_1_247' title='bbox 1289 1953 1357 1996; x_wconf 91' lang='lat' dir='ltr'><strong>W.</strong></span> <span class='ocrx_word' id='word_1_248' title='bbox 1399 1953 1677 1997; x_wconf 76' lang='lat' dir='ltr'><em>Wattenbach</em></span> 
     </span>
     <span class='ocr_line' id='line_1_30' title="bbox 172 2010 1677 2056; baseline 0.002 -3"><span class='ocrx_word' id='word_1_249' title='bbox 172 2010 287 2054; x_wconf 83' lang='lat' dir='ltr'><em>dedit</em></span> <span class='ocrx_word' id='word_1_250' title='bbox 316 2011 397 2054; x_wconf 85' lang='lat' dir='ltr'><strong>Fr.</strong></span> <span class='ocrx_word' id='word_1_251' title='bbox 415 2012 469 2054; x_wconf 92' lang='lat' dir='ltr'><em>L.</em></span> <span class='ocrx_word' id='word_1_252' title='bbox 487 2012 624 2054; x_wconf 86' lang='lat' dir='ltr'><em>Hesse</em></span> <span class='ocrx_word' id='word_1_253' title='bbox 655 2012 704 2055; x_wconf 85' lang='lat' dir='ltr'><em>in</em></span> <span class='ocrx_word' id='word_1_254' title='bbox 737 2011 1189 2056; x_wconf 77' lang='lat' dir='ltr'><em>‘Geschichtschreiber</em></span> <span class='ocrx_word' id='word_1_255' title='bbox 1220 2014 1296 2054; x_wconf 81' lang='lat' dir='ltr'><em>der</em></span> <span class='ocrx_word' id='word_1_256' title='bbox 1327 2013 1550 2056; x_wconf 77' lang='lat' dir='ltr'><em>deutschen</em></span> <span class='ocrx_word' id='word_1_257' title='bbox 1578 2014 1677 2056; x_wconf 85' lang='lat' dir='ltr'><em>Vor-</em></span> 
     </span>
     <span class='ocr_line' id='line_1_31' title="bbox 122 2070 1676 2127; baseline -0.001 -11"><span class='ocrx_word' id='word_1_258' title='bbox 122 2089 158 2116; x_wconf 76' lang='lat' dir='ltr'><em>so</em></span> <span class='ocrx_word' id='word_1_259' title='bbox 170 2070 264 2113; x_wconf 71' lang='lat' dir='ltr'><em>zeit&#39;</em></span> <span class='ocrx_word' id='word_1_260' title='bbox 295 2070 474 2125; x_wconf 69' lang='lat' dir='ltr'><em>Leipzig]</em></span> <span class='ocrx_word' id='word_1_261' title='bbox 509 2075 635 2126; x_wconf 87' lang='lat'><em>1855,</em></span> <span class='ocrx_word' id='word_1_262' title='bbox 677 2070 790 2114; x_wconf 86' lang='lat' dir='ltr'><em>inter</em></span> <span class='ocrx_word' id='word_1_263' title='bbox 830 2085 933 2126; x_wconf 80' lang='lat' dir='ltr'><em>quos</em></span> <span class='ocrx_word' id='word_1_264' title='bbox 970 2072 1149 2115; x_wconf 86' lang='lat' dir='ltr'><em>alteram</em></span> <span class='ocrx_word' id='word_1_265' title='bbox 1181 2071 1404 2115; x_wconf 85' lang='lat' dir='ltr'><em>editionem</em></span> <span class='ocrx_word' id='word_1_266' title='bbox 1435 2086 1528 2116; x_wconf 88' lang='lat' dir='ltr'><em>cum</em></span> <span class='ocrx_word' id='word_1_267' title='bbox 1559 2073 1676 2127; x_wconf 77' lang='lat' dir='ltr'><em>fray-</em></span> 
     </span>
     <span class='ocr_line' id='line_1_32' title="bbox 169 2129 1678 2175; baseline 0.002 -3"><span class='ocrx_word' id='word_1_268' title='bbox 169 2129 322 2173; x_wconf 85' lang='lat' dir='ltr'><em>mentis</em></span> <span class='ocrx_word' id='word_1_269' title='bbox 352 2130 483 2173; x_wconf 86' lang='lat' dir='ltr'><em>libelli</em></span> <span class='ocrx_word' id='word_1_270' title='bbox 513 2132 563 2174; x_wconf 86' lang='lat' dir='ltr'><em>de</em></span> <span class='ocrx_word' id='word_1_271' title='bbox 594 2130 858 2174; x_wconf 86' lang='lat' dir='ltr'><em>institutione</em></span> <span class='ocrx_word' id='word_1_272' title='bbox 889 2131 1085 2175; x_wconf 85' lang='lat' dir='ltr'><em>ecclesiae</em></span> <span class='ocrx_word' id='word_1_273' title='bbox 1106 2131 1410 2175; x_wconf 79' lang='lat' dir='ltr'><em>Herveldensis</em></span> <span class='ocrx_word' id='word_1_274' title='bbox 1440 2133 1678 2175; x_wconf 71' lang='lat' dir='ltr'><em>emendavit</em></span> 
     </span>
     <span class='ocr_line' id='line_1_33' title="bbox 179 2188 1676 2246; baseline 0.001 -14"><span class='ocrx_word' id='word_1_275' title='bbox 179 2189 247 2232; x_wconf 92' lang='lat' dir='ltr'><em>W.</em></span> <span class='ocrx_word' id='word_1_276' title='bbox 274 2190 551 2234; x_wconf 79' lang='lat' dir='ltr'><em>Wattenbach</em></span> <span class='ocrx_word' id='word_1_277' title='bbox 585 2188 784 2245; x_wconf 70' lang='lat' dir='ltr'><em>(Leipeiy</em></span> <span class='ocrx_word' id='word_1_278' title='bbox 820 2193 968 2246; x_wconf 81' lang='lat'><em>1883),</em></span> <span class='ocrx_word' id='word_1_279' title='bbox 1003 2205 1110 2245; x_wconf 78' lang='lat' dir='ltr'><em>quae</em></span> <span class='ocrx_word' id='word_1_280' title='bbox 1141 2191 1293 2234; x_wconf 85' lang='lat' dir='ltr'><em>iterum</em></span> <span class='ocrx_word' id='word_1_281' title='bbox 1317 2191 1484 2245; x_wconf 82' lang='lat' dir='ltr'><em>prodiit</em></span> <span class='ocrx_word' id='word_1_282' title='bbox 1500 2192 1676 2246; x_wconf 85' lang='lat' dir='ltr'><em>Lipsiae</em></span> 
     </span>
     <span class='ocr_line' id='line_1_34' title="bbox 175 2248 1672 2305; baseline 0.002 -14"><span class='ocrx_word' id='word_1_283' title='bbox 175 2253 302 2292; x_wconf 88' lang='grc'><strong>1893.</strong></span> <span class='ocrx_word' id='word_1_284' title='bbox 343 2249 392 2292; x_wconf 88' lang='lat' dir='ltr'><em>in</em></span> <span class='ocrx_word' id='word_1_285' title='bbox 435 2248 786 2293; x_wconf 76' lang='lat' dir='ltr'><em>‘Geschichtschr.</em></span> <span class='ocrx_word' id='word_1_286' title='bbox 830 2255 870 2293; x_wconf 84' lang='lat'><em>2.</em></span> <span class='ocrx_word' id='word_1_287' title='bbox 908 2250 1328 2305; x_wconf 70' lang='lat' dir='ltr'><em>Gesammtausyabe&#39;</em></span> <span class='ocrx_word' id='word_1_288' title='bbox 1367 2251 1446 2294; x_wconf 74' lang='lat' dir='ltr'><strong>vol.</strong></span> <span class='ocrx_word' id='word_1_289' title='bbox 1482 2252 1672 2294; x_wconf 90' lang='lat' dir='ltr'><strong>XLIII.</strong></span> 
     </span>
     <span class='ocr_line' id='line_1_35' title="bbox 313 2309 1676 2365; baseline 0.001 -14"><span class='ocrx_word' id='word_1_290' title='bbox 313 2309 445 2352; x_wconf 88' lang='lat' dir='ltr'><em>Hanc</em></span> <span class='ocrx_word' id='word_1_291' title='bbox 485 2323 638 2352; x_wconf 70' lang='lat' dir='ltr'><em>noi-am</em></span> <span class='ocrx_word' id='word_1_292' title='bbox 669 2314 881 2364; x_wconf 86' lang='lat' dir='ltr'><em>parantes</em></span> <span class='ocrx_word' id='word_1_293' title='bbox 920 2310 1144 2353; x_wconf 86' lang='lat' dir='ltr'><em>editionem</em></span> <span class='ocrx_word' id='word_1_294' title='bbox 1176 2325 1344 2365; x_wconf 86' lang='lat' dir='ltr'><em>paucas</em></span> <span class='ocrx_word' id='word_1_295' title='bbox 1382 2311 1676 2353; x_wconf 81' lang='lat' dir='ltr'><em>adnotationes</em></span> 
     </span>
     <span class='ocr_line' id='line_1_36' title="bbox 122 2368 1675 2422; baseline -0.001 -9"><span class='ocrx_word' id='word_1_296' title='bbox 122 2386 158 2413; x_wconf 74' lang='lat'><em>⁸5</em></span> <span class='ocrx_word' id='word_1_297' title='bbox 164 2368 333 2422; x_wconf 87' lang='lat' dir='ltr'><em>prioris</em></span> <span class='ocrx_word' id='word_1_298' title='bbox 363 2368 629 2421; x_wconf 84' lang='lat' dir='ltr'><em>retinuimus,</em></span> <span class='ocrx_word' id='word_1_299' title='bbox 663 2383 872 2412; x_wconf 75' lang='lat' dir='ltr'><em>novarum</em></span> <span class='ocrx_word' id='word_1_300' title='bbox 893 2371 1191 2413; x_wconf 83' lang='lat' dir='ltr'><em>addendarum</em></span> <span class='ocrx_word' id='word_1_301' title='bbox 1222 2370 1432 2413; x_wconf 85' lang='lat' dir='ltr'><em>rationem</em></span> <span class='ocrx_word' id='word_1_302' title='bbox 1464 2370 1675 2413; x_wconf 68' lang='lat' dir='ltr'><em>diversam</em></span> 
     </span>
     <span class='ocr_line' id='line_1_37' title="bbox 171 2427 1672 2484; baseline 0.001 -14"><span class='ocrx_word' id='word_1_303' title='bbox 171 2427 220 2470; x_wconf 89' lang='lat' dir='ltr'><em>in</em></span> <span class='ocrx_word' id='word_1_304' title='bbox 251 2427 431 2470; x_wconf 77' lang='lat' dir='ltr'><em>dii-ersis</em></span> <span class='ocrx_word' id='word_1_305' title='bbox 460 2428 662 2482; x_wconf 88' lang='lat' dir='ltr'><em>partibus</em></span> <span class='ocrx_word' id='word_1_306' title='bbox 702 2442 779 2471; x_wconf 88' lang='lat' dir='ltr'><em>nos</em></span> <span class='ocrx_word' id='word_1_307' title='bbox 818 2429 936 2483; x_wconf 78' lang='lat' dir='ltr'><em>sequi</em></span> <span class='ocrx_word' id='word_1_308' title='bbox 976 2429 1171 2483; x_wconf 82' lang='lat' dir='ltr'><em>oportuit.</em></span> <span class='ocrx_word' id='word_1_309' title='bbox 1235 2430 1310 2472; x_wconf 85' lang='lat' dir='ltr'><em>Ad</em></span> <span class='ocrx_word' id='word_1_310' title='bbox 1340 2429 1531 2484; x_wconf 61' lang='lat' dir='ltr'><em>priorem</em></span> <span class='ocrx_word' id='word_1_311' title='bbox 1562 2430 1672 2473; x_wconf 79' lang='lat' dir='ltr'><em>enim</em></span> 
     </span>
    </p>
   </div>
   <div class='ocr_carea' id='block_1_3' title="bbox 123 2556 1675 2931">
    <p class='ocr_par' dir='ltr' id='par_1_3' title="bbox 170 2556 1674 2697">
     <span class='ocr_line' id='line_1_38' title="bbox 173 2556 1672 2603; baseline 0 -12"><span class='ocrx_word' id='word_1_312' title='bbox 173 2557 208 2600; x_wconf 89' lang='lat'><em>1)</em></span> <span class='ocrx_word' id='word_1_313' title='bbox 240 2556 347 2590; x_wconf 84' lang='lat' dir='ltr'><em>Hanc</em></span> <span class='ocrx_word' id='word_1_314' title='bbox 379 2557 589 2591; x_wconf 74' lang='lat' dir='ltr'><em>collectionis</em></span> <span class='ocrx_word' id='word_1_315' title='bbox 619 2561 764 2591; x_wconf 84' lang='lat' dir='ltr'><em>nostrae</em></span> <span class='ocrx_word' id='word_1_316' title='bbox 798 2557 983 2592; x_wconf 78' lang='lat' dir='ltr'><em>editionem</em></span> <span class='ocrx_word' id='word_1_317' title='bbox 1023 2568 1100 2591; x_wconf 89' lang='lat' dir='ltr'><em>cum</em></span> <span class='ocrx_word' id='word_1_318' title='bbox 1139 2558 1450 2603; x_wconf 62' lang='lat' dir='ltr'><em>gffaefatimtibus,</em></span> <span class='ocrx_word' id='word_1_319' title='bbox 1490 2563 1672 2602; x_wconf 70' lang='lat' dir='ltr'><em>apparatae</em></span> 
     </span>
     <span class='ocr_line' id='line_1_39' title="bbox 170 2603 1674 2649; baseline 0.001 -11"><span class='ocrx_word' id='word_1_320' title='bbox 170 2604 305 2647; x_wconf 77' lang='lat' dir='ltr'><em>critico,</em></span> <span class='ocrx_word' id='word_1_321' title='bbox 320 2603 621 2648; x_wconf 80' lang='lat' dir='ltr'><em>adnotationibus,</em></span> <span class='ocrx_word' id='word_1_322' title='bbox 639 2605 700 2638; x_wconf 76' lang='lat' dir='ltr'><em>sed</em></span> <span class='ocrx_word' id='word_1_323' title='bbox 716 2605 841 2638; x_wconf 73' lang='lat' dir='ltr'><em>multis</em></span> <span class='ocrx_word' id='word_1_324' title='bbox 858 2605 994 2639; x_wconf 68' lang='lat' dir='ltr'><em>mertdis</em></span> <span class='ocrx_word' id='word_1_325' title='bbox 1009 2607 1185 2649; x_wconf 79' lang='lat' dir='ltr'><em>vitiatam,</em></span> <span class='ocrx_word' id='word_1_326' title='bbox 1204 2607 1315 2640; x_wconf 72' lang='lat' dir='ltr'><em>ninzis</em></span> <span class='ocrx_word' id='word_1_327' title='bbox 1331 2606 1512 2649; x_wconf 52' lang='lat' dir='ltr'><em>aicdactem</em></span> <span class='ocrx_word' id='word_1_328' title='bbox 1534 2607 1674 2640; x_wconf 78' lang='lat' dir='ltr'><em>licentia</em></span> 
     </span>
     <span class='ocr_line' id='line_1_40' title="bbox 171 2651 1674 2697; baseline 0.002 -13"><span class='ocrx_word' id='word_1_329' title='bbox 171 2661 280 2695; x_wconf 79' lang='lat' dir='ltr'><em>neque</em></span> <span class='ocrx_word' id='word_1_330' title='bbox 314 2651 359 2685; x_wconf 88' lang='lat' dir='ltr'><em>ab</em></span> <span class='ocrx_word' id='word_1_331' title='bbox 391 2652 586 2686; x_wconf 77' lang='lat' dir='ltr'><em>editoribus</em></span> <span class='ocrx_word' id='word_1_332' title='bbox 619 2663 728 2697; x_wconf 75' lang='lat' dir='ltr'><em>neque</em></span> <span class='ocrx_word' id='word_1_333' title='bbox 761 2663 784 2686; x_wconf 88' lang='lat' dir='ltr'><em>a</em></span> <span class='ocrx_word' id='word_1_334' title='bbox 810 2653 996 2696; x_wconf 78' lang='lat' dir='ltr'><em>bibliopola</em></span> <span class='ocrx_word' id='word_1_335' title='bbox 1023 2655 1150 2697; x_wconf 79' lang='lat' dir='ltr'><em>petita,</em></span> <span class='ocrx_word' id='word_1_336' title='bbox 1185 2654 1321 2688; x_wconf 82' lang='lat' dir='ltr'><em>recudit</em></span> <span class='ocrx_word' id='word_1_337' title='bbox 1348 2653 1386 2689; x_wconf 85' lang='lat' dir='ltr'><em>J.</em></span> <span class='ocrx_word' id='word_1_338' title='bbox 1413 2654 1453 2688; x_wconf 93' lang='lat' dir='ltr'><em>P.</em></span> <span class='ocrx_word' id='word_1_339' title='bbox 1480 2654 1602 2697; x_wconf 72' lang='lat' dir='ltr'><em>Miyne</em></span> <span class='ocrx_word' id='word_1_340' title='bbox 1635 2655 1674 2687; x_wconf 86' lang='lat' dir='ltr'><em>in</em></span> 
     </span>
    </p>

    <p class='ocr_par' dir='ltr' id='par_1_4' title="bbox 123 2698 1675 2931">
     <span class='ocr_line' id='line_1_41' title="bbox 123 2698 1675 2746; baseline 0.001 -14"><span class='ocrx_word' id='word_1_341' title='bbox 123 2698 399 2742; x_wconf 75' lang='lat' dir='ltr'><em>40Patrolo9iae</em></span> <span class='ocrx_word' id='word_1_342' title='bbox 422 2700 576 2734; x_wconf 78' lang='lat' dir='ltr'><em>Latinae</em></span> <span class='ocrx_word' id='word_1_343' title='bbox 609 2711 718 2733; x_wconf 83' lang='lat' dir='ltr'><em>cursu</em></span> <span class='ocrx_word' id='word_1_344' title='bbox 752 2700 928 2744; x_wconf 80' lang='lat' dir='ltr'><em>completo,</em></span> <span class='ocrx_word' id='word_1_345' title='bbox 963 2711 1004 2734; x_wconf 85' lang='lat' dir='ltr'><em>ac</em></span> <span class='ocrx_word' id='word_1_346' title='bbox 1034 2701 1175 2745; x_wconf 78' lang='lat' dir='ltr'><em>quidem</em></span> <span class='ocrx_word' id='word_1_347' title='bbox 1206 2712 1256 2746; x_wconf 70' lang='lat' dir='ltr'><em>pt·</em></span> <span class='ocrx_word' id='word_1_348' title='bbox 1259 2702 1367 2735; x_wconf 79' lang='lat' dir='ltr'><em>ioren</em></span> <span class='ocrx_word' id='word_1_349' title='bbox 1399 2706 1540 2746; x_wconf 80' lang='lat' dir='ltr'><em>partem</em></span> <span class='ocrx_word' id='word_1_350' title='bbox 1565 2712 1675 2745; x_wconf 75' lang='lat' dir='ltr'><em>usqne</em></span> 
     </span>
     <span class='ocr_line' id='line_1_42' title="bbox 171 2745 1674 2794; baseline 0.001 -15"><span class='ocrx_word' id='word_1_351' title='bbox 171 2745 221 2779; x_wconf 82' lang='lat' dir='ltr'><em>ad</em></span> <span class='ocrx_word' id='word_1_352' title='bbox 245 2755 278 2781; x_wconf 88' lang='lat' dir='ltr'><em>a.</em></span> <span class='ocrx_word' id='word_1_353' title='bbox 298 2747 402 2782; x_wconf 86' lang='lat'><strong>1039.</strong></span> <span class='ocrx_word' id='word_1_354' title='bbox 426 2748 488 2789; x_wconf 72' lang='lat' dir='ltr'><em>(esc</em></span> <span class='ocrx_word' id='word_1_355' title='bbox 512 2746 578 2783; x_wconf 86' lang='lat' dir='ltr'><em>SS.</em></span> <span class='ocrx_word' id='word_1_356' title='bbox 603 2751 627 2783; x_wconf 79' lang='lat' dir='ltr'><em>t.</em></span> <span class='ocrx_word' id='word_1_357' title='bbox 646 2747 724 2794; x_wconf 91' lang='lat' dir='ltr'><strong>III)</strong></span> <span class='ocrx_word' id='word_1_358' title='bbox 749 2749 789 2782; x_wconf 81' lang='lat' dir='ltr'><em>in</em></span> <span class='ocrx_word' id='word_1_359' title='bbox 814 2751 906 2782; x_wconf 86' lang='lat' dir='ltr'><em>tomo</em></span> <span class='ocrx_word' id='word_1_360' title='bbox 933 2748 1065 2792; x_wconf 86' lang='lat' dir='ltr'><em>CXLI,</em></span> <span class='ocrx_word' id='word_1_361' title='bbox 1091 2749 1154 2784; x_wconf 86' lang='lat' dir='ltr'><em>col.</em></span> <span class='ocrx_word' id='word_1_362' title='bbox 1172 2750 1290 2784; x_wconf 89' lang='grc'><strong>443-</strong></span> <span class='ocrx_word' id='word_1_363' title='bbox 1293 2749 1375 2790; x_wconf 78' lang='lat'><em>582,</em></span> <span class='ocrx_word' id='word_1_364' title='bbox 1400 2750 1540 2782; x_wconf 84' lang='lat' dir='ltr'><em>nomine</em></span> <span class='ocrx_word' id='word_1_365' title='bbox 1566 2759 1674 2793; x_wconf 80' lang='lat' dir='ltr'><em>prae-</em></span> 
     </span>
     <span class='ocr_line' id='line_1_43' title="bbox 171 2774 1673 2840; baseline 0.002 -14"><span class='ocrx_word' id='word_1_366' title='bbox 171 2793 247 2835; x_wconf 78' lang='lat' dir='ltr'><em>fiaeo</em></span> <span class='ocrx_word' id='word_1_367' title='bbox 280 2792 465 2828; x_wconf 73' lang='lat' dir='ltr'><em>Lamberti</em></span> <span class='ocrx_word' id='word_1_368' title='bbox 494 2794 855 2838; x_wconf 74' lang='lat' dir='ltr'><em>Schatnaburyensis,</em></span> <span class='ocrx_word' id='word_1_369' title='bbox 887 2774 1122 2839; x_wconf 59' lang='lat' dir='ltr'><em>posteriorem</em></span> <span class='ocrx_word' id='word_1_370' title='bbox 1151 2800 1294 2840; x_wconf 82' lang='lat' dir='ltr'><em>partem</em></span> <span class='ocrx_word' id='word_1_371' title='bbox 1330 2799 1391 2839; x_wconf 74' lang='lat' dir='ltr'><em>(ex</em></span> <span class='ocrx_word' id='word_1_372' title='bbox 1416 2796 1482 2832; x_wconf 89' lang='lat' dir='ltr'><em>SS.</em></span> <span class='ocrx_word' id='word_1_373' title='bbox 1508 2801 1532 2831; x_wconf 83' lang='lat' dir='ltr'><em>t</em></span> <span class='ocrx_word' id='word_1_374' title='bbox 1555 2797 1588 2829; x_wconf 73' lang='lat'>1</span> <span class='ocrx_word' id='word_1_375' title='bbox 1581 2800 1601 2838; x_wconf 89' lang='lat'><em>)</em></span> <span class='ocrx_word' id='word_1_376' title='bbox 1636 2797 1673 2829; x_wconf 82' lang='lat' dir='ltr'><em>in</em></span> 
     </span>
     <span class='ocr_line' id='line_1_44' title="bbox 171 2840 1674 2887; baseline 0.002 -14"><span class='ocrx_word' id='word_1_377' title='bbox 171 2843 265 2874; x_wconf 80' lang='lat' dir='ltr'><em>tomo</em></span> <span class='ocrx_word' id='word_1_378' title='bbox 282 2840 449 2882; x_wconf 84' lang='lat' dir='ltr'><em>CXLVI,</em></span> <span class='ocrx_word' id='word_1_379' title='bbox 473 2841 532 2877; x_wconf 85' lang='lat' dir='ltr'><em>col.</em></span> <span class='ocrx_word' id='word_1_380' title='bbox 549 2844 688 2878; x_wconf 83' lang='lat'><strong>1027-</strong></span> <span class='ocrx_word' id='word_1_381' title='bbox 694 2844 798 2886; x_wconf 84' lang='lat'><em>1247,</em></span> <span class='ocrx_word' id='word_1_382' title='bbox 823 2844 1023 2887; x_wconf 80' lang='lat' dir='ltr'><em>praemisso</em></span> <span class='ocrx_word' id='word_1_383' title='bbox 1040 2845 1180 2878; x_wconf 84' lang='lat' dir='ltr'><em>nomine</em></span> <span class='ocrx_word' id='word_1_384' title='bbox 1193 2843 1379 2878; x_wconf 75' lang='lat' dir='ltr'><em>Lambern·</em></span> <span class='ocrx_word' id='word_1_385' title='bbox 1395 2844 1674 2886; x_wconf 73' lang='lat' dir='ltr'><em>Hersfeldensis,</em></span> 
     </span>
     <span class='ocr_line' id='line_1_45' title="bbox 171 2887 1453 2931; baseline 0.004 -10"><span class='ocrx_word' id='word_1_386' title='bbox 171 2889 237 2931; x_wconf 78' lang='lat' dir='ltr'><em>qui</em></span> <span class='ocrx_word' id='word_1_387' title='bbox 257 2888 329 2922; x_wconf 81' lang='lat' dir='ltr'><em>duo</em></span> <span class='ocrx_word' id='word_1_388' title='bbox 353 2887 538 2923; x_wconf 75' lang='lat' dir='ltr'><em>Lamberti’</em></span> <span class='ocrx_word' id='word_1_389' title='bbox 559 2891 598 2924; x_wconf 78' lang='lat' dir='ltr'><em>in</em></span> <span class='ocrx_word' id='word_1_390' title='bbox 623 2890 803 2925; x_wconf 74' lang='lat' dir='ltr'><em>indicibus</em></span> <span class='ocrx_word' id='word_1_391' title='bbox 826 2892 913 2925; x_wconf 77' lang='lat' dir='ltr'><em>tomi</em></span> <span class='ocrx_word' id='word_1_392' title='bbox 937 2890 1143 2926; x_wconf 79' lang='lat' dir='ltr'><em>CCXVIII</em></span> <span class='ocrx_word' id='word_1_393' title='bbox 1170 2893 1334 2926; x_wconf 79' lang='lat' dir='ltr'><em>recensiti</em></span> <span class='ocrx_word' id='word_1_394' title='bbox 1356 2896 1453 2928; x_wconf 74' lang='lat' dir='ltr'><em>sunt.</em></span> 
     </span>
    </p>
   </div>
   <div class='ocr_carea' id='block_1_4' title="bbox 1351 2961 1387 2997">
    <p class='ocr_par' dir='ltr' id='par_1_5' title="bbox 1351 2961 1387 2997">
     <span class='ocr_line' id='line_1_46' title="bbox 1351 2961 1387 2997; baseline 0 0"><span class='ocrx_word' id='word_1_395' title='bbox 1351 2961 1387 2997; x_wconf 84' lang='lat' dir='ltr'><strong>V</strong></span> 
     </span>
    </p>
   </div>
  </div>
 </body>
</html>
