2014 3184
640 237 805 274 INDEX
828 237 1126 275 LOOUTIONU
1127 237 1181 273 M.

207 357 473 404 pacianturque
488 368 583 402 equo
599 367 655 391 an
665 356 756 392 imo
775 359 855 402 106,
863 367 891 393 5.

163 426 206 432 —
233 404 435 442 dummodo
460 415 555 450 equo
574 404 697 439 animo
722 407 892 450 pateren-

160 455 224 489 tur
255 454 339 498 278,
353 465 399 490 so.
425 473 470 478 —
502 463 596 497 equo
631 451 754 487 animo
789 454 891 497 pate-

160 503 291 537 rentur
312 502 396 546 290,
410 512 437 537 1.
464 502 545 545 321,
560 512 587 536 1.

207 643 293 680 Rex
315 642 626 680 concertationem
650 642 746 678 hanc
766 642 893 688 iniquo

160 692 269 728 valde
305 691 462 727 animo
501 690 644 726 serebat
679 692 819 735 129,15.
845 709 892 715 —

160 742 420 786 patratumque
450 765 459 774 .
490 765 499 774 .
530 767 538 776 .
569 738 730 784 graviter
760 740 798 773 et
825 737 894 772 ini-

162 799 235 834 quo
265 787 388 823 animo
420 786 518 822 ferre
555 789 635 830 185,
647 797 676 822 5.
703 807 749 812 -
773 785 894 831 gravi-

161 838 221 872 ter
254 838 292 872 et
318 835 445 880 iniquo
470 834 579 869 nimis
603 833 727 869 animo
752 833 894 869 ferebat

160 885 244 928 268,
257 895 303 920 ιο.

209 929 373 978 negocio
391 956 400 966 .
419 959 427 967 .
447 958 455 966 .
473 929 534 965 cui
557 941 623 964 rex
646 931 724 964 tam
753 928 894 964 fervide

161 978 371 1014 animum
396 977 586 1013 adiecisset
611 979 692 1022 106,
707 988 752 1013 ιο.
777 997 820 1002 -
847 976 895 1011 ad

161 1026 287 1062 omnia
327 1025 460 1072 quibus
500 1025 665 1060 animum
703 1023 895 1060 adiecisset

160 1077 243 1120 327,
257 1085 303 1111 so.
584 1075 588 1079 ’

208 1121 438 1158 Induxerant
458 1149 466 1158 .
482 1149 490 1158 .
506 1149 514 1157 .
531 1121 571 1155 in
593 1121 801 1155 animum
815 1147 824 1156 .
840 1149 847 1156 .
864 1146 893 1164 .,

161 1173 204 1205 ut
221 1199 230 1207 .
250 1198 259 1206 .
279 1198 286 1207 .
305 1180 433 1205 omnes
449 1168 678 1204 trucidarent
696 1170 776 1213 190,
787 1179 832 1204 20.
850 1189 892 1193 —-

163 1216 413 1263 Propositum,
441 1245 448 1253 .
477 1245 485 1253 .
513 1245 521 1253 .
548 1216 648 1262 quod
671 1215 709 1250 in
729 1215 894 1251 animum

162 1265 362 1301 induxerat
385 1267 468 1309 326,
483 1276 510 1301 1.
530 1285 572 1290 -
591 1263 737 1299 induxit
755 1263 794 1298 in
817 1263 893 1298 ani-

161 1324 265 1349 mum
285 1341 294 1351 .
312 1341 321 1350 .
341 1341 350 1350 .
369 1312 560 1348 consulere
585 1314 668 1357 331,
682 1323 727 1348 25.
747 1332 790 1337 -—
816 1311 894 1346 ani-

160 1373 263 1396 mum
295 1360 493 1396 induxerat
521 1371 600 1395 rem
627 1388 635 1396 .
664 1388 672 1396 .
700 1388 708 1396 .
735 1359 894 1405 experiri

162 1411 244 1454 128,
258 1419 304 1446 2⁶.
333 1429 380 1434 —
411 1407 654 1454 Nequaquam
681 1436 687 1444 .
715 1436 724 1444 .
752 1436 759 1444 .
786 1407 894 1452 nugis

161 1468 205 1492 ac
228 1456 400 1492 lasciviae
417 1456 582 1491 animum
606 1455 752 1490 induxit
768 1458 851 1499 307,
865 1465 893 1491 5.

163 1525 206 1531 —-
233 1504 455 1550 quicumque
478 1503 570 1539 haec
587 1503 711 1550 legere
729 1503 894 1538 animum

161 1552 312 1588 inducat
337 1553 418 1595 348,
433 1563 478 1589 20.
625 1592 632 1595 ,

209 1599 280 1635 His
305 1599 427 1635 verbis
462 1598 628 1634 cecidere
658 1597 894 1644 popularium

162 1647 312 1683 animi
337 1649 420 1691 321,
433 1657 462 1683 5.

208 1695 311 1741 pleni
351 1694 619 1730 animorum
660 1695 813 1738 222,1o.
850 1712 892 1718 —-

160 1743 293 1789 plenus
317 1741 525 1778 animorum
553 1743 637 1785 289,
652 1752 678 1776 1.

210 1789 559 1826 annitentibus
594 1788 635 1823 in
668 1787 738 1822 hoc
775 1787 895 1832 ipsum

162 1838 303 1874 cunctis
327 1837 434 1884 regni
456 1836 685 1883 principibus
712 1838 833 1879 135,1.
851 1855 894 1860 --

161 1886 364 1932 plurimum
398 1885 438 1920 in
466 1885 536 1920 hoc
559 1884 681 1930 ipsum
707 1883 895 1917 annitente

163 1933 256 1970 duce
289 1936 373 1978 217,
388 1945 413 1970 1.
451 1953 494 1959 -—
530 1932 718 1967 annitente
752 1931 790 1965 in
825 1930 896 1965 hoc

162 1981 286 2027 ipsum
308 1981 344 2018 b.
370 1981 482 2016 Lullo
507 1982 589 2024 325,
603 1991 649 2016 so.

211 2029 401 2064 Annum
434 2028 533 2063 hune
567 2027 693 2062 multis
731 2025 896 2061 cladibus

163 2077 345 2123 insignem
361 2076 592 2122 potissimum
602 2074 798 2120 lugubrem
809 2073 897 2108 fecit

164 2124 286 2160 obitus
310 2123 480 2159 Annonis
505 2125 646 2168 242,10.

213 2362 377 2406 remotis,
402 2363 444 2396 ut
470 2361 599 2406 fertur,
629 2360 799 2396 omnibus
824 2371 896 2395 ar—

165 2410 316 2446 bitris
345 2411 488 2454 315,1o.
514 2430 561 2435 —
587 2411 629 2444 ut
655 2437 662 2445 .
691 2437 698 2445 .
727 2437 734 2444 .
761 2408 898 2452 absque

166 2458 314 2494 arbitris
331 2469 394 2494 eos
410 2468 519 2503 agere
535 2458 752 2503 paterentur
775 2458 858 2500 275,
870 2466 896 2492 5.

215 2600 310 2635 hanc
336 2599 507 2644 deinceps
531 2599 621 2634 belli
644 2598 780 2643 sedem,
805 2597 900 2632 hanc

168 2648 275 2694 regni
315 2658 473 2683 arcem
511 2675 519 2683 .
547 2674 556 2683 .
584 2675 591 2682 .
629 2646 765 2681 habere
802 2645 900 2690 cepit

172 2698 252 2740 169,
266 2706 312 2732 20.
340 2714 382 2720 —
410 2705 521 2739 quam
547 2722 555 2730 .
584 2721 592 2730 .
620 2722 627 2730 .
654 2705 777 2729 arcem
811 2692 900 2728 belli

172 2771 180 2781 .
208 2771 215 2780 .
244 2770 252 2780 .
276 2741 415 2777 fecerat
438 2743 520 2786 282,
536 2752 580 2777 ιο.

218 2790 265 2826 ad
287 2788 547 2824 arcendam
562 2788 639 2823 vim
655 2787 817 2823 hostium
835 2815 843 2823 .
864 2815 899 2823 ..

171 2838 381 2874 discurrunt
417 2839 475 2880 94,
489 2847 534 2872 25.
571 2855 614 2861 —
647 2847 694 2870 ex
731 2834 901 2870 omnibus

1600 239 1673 274 405

1246 359 1267 371 ‚-

989 358 1068 393 Liv.
1105 358 1201 401 prol.
1251 371 1278 393 c.
1328 356 1516 402 patiantur
1556 367 1673 401 aequo

940 404 1066 438 anim
1077 415 1119 448 ος
1139 405 1179 446 V,
1192 406 1227 447 4,
1240 406 1274 440 6.
1292 415 1408 449 aequo
1422 404 1535 450 igitur
1550 404 1673 438 animo

938 451 1117 496 patiatur3
1143 452 1193 494 X,
1210 454 1268 488 41.
1295 462 1412 497 aequo
1430 452 1552 486 animo
1569 454 1676 496 pate-

939 502 1080 544 rentur,
1105 503 1163 535 etc.
1193 519 1234 525 —
1263 500 1353 535 Sall.
1371 500 1451 543 luy.
1470 501 1528 535 31.
1554 510 1672 544 aequo

939 546 1063 581 animo
1085 549 1252 591 paterer3
1277 549 1335 583 68.
1361 546 1492 582 decere
1507 546 1590 581 illos
1608 574 1616 582 .
1636 574 1644 584 .
1666 574 1673 582 .

940 605 1058 639 aequo
1084 594 1208 628 animo
1232 594 1321 638 pati.

995 642 1135 678 Terent.
1160 642 1307 678 Phorm.
1334 642 1401 685 IV,
1419 643 1459 685 6,
1478 643 1535 678 36.
1573 652 1674 676 eum-

941 701 1012 734 que
1055 689 1213 724 animo
1254 689 1380 734 iniquo
1425 689 1496 724 hoc
1537 688 1674 734 oppido

941 736 1038 773 ferre
1064 737 1178 773 aiunt.

990 881 1070 916 Ia'v.
1095 880 1284 923 XXVIII,
1306 882 1365 916 33.
1391 891 1486 915 novo
1506 908 1513 915 .
1533 907 1540 916 .
1561 907 1569 916 .
1589 890 1676 914 con-

943 928 1024 963 silio
1051 927 1186 963 adiecit
1210 928 1439 971 animum3
1466 927 1549 971 XL,
1568 929 1602 963 4.
1628 927 1675 961 ad

943 987 1022 1011 rem
1036 978 1198 1010 atrocem
1217 975 1380 1010 animum
1394 975 1537 1019 adiecit,
1551 980 1609 1010 etc.
1631 995 1673 999 -

949 1025 1085 1060 Terent.
1112 1024 1210 1059 Eun.
1237 1024 1268 1066 I,
1287 1025 1322 1066 2,
1340 1025 1398 1060 63.
1424 1025 1469 1059 ad
1493 1022 1673 1068 virginem

944 1072 1108 1106 animum
1133 1070 1277 1106 adiecit.

991 1120 1083 1155 Sall.
1095 1119 1171 1154 Cat.
1183 1121 1240 1156 54.
1259 1118 1392 1153 Caesar
1408 1118 1447 1152 in
1465 1129 1485 1152 a
1496 1129 1520 1151 n
1531 1113 1590 1151 1‘m
1602 1129 1626 1152 u
1636 1129 1674 1151 m

943 1167 1141 1202 induxerat
1153 1167 1331 1202 laborare.
1342 1187 1382 1191 -
1399 1167 1534 1201 Terent.
1543 1166 1673 1200 Heaul.

938 1216 1037 1260 prol.
1054 1216 1113 1252 48.
1140 1226 1225 1249 eum
1242 1217 1434 1260 quaestum
1456 1214 1494 1248 in
1512 1213 1675 1248 animum

941 1263 1089 1307 induxi3
1113 1264 1155 1306 V,
1172 1265 1207 1305 4,
1225 1265 1257 1300 5.
1284 1274 1330 1299 ne
1346 1261 1440 1296 istuc
1456 1261 1494 1295 in
1512 1261 1676 1295 animum

943 1311 1096 1345 inducas
1113 1313 1230 1354 tuum,
1247 1314 1306 1346 etc.
1327 1330 1368 1335 -—
1389 1309 1468 1346 Liv.
1482 1309 1555 1352 III,
1569 1310 1626 1351 71,
1639 1311 1674 1344 8.

943 1358 1118 1394 inducere
1135 1358 1173 1392 in
1192 1358 1367 1402 animum,
1392 1362 1452 1392 ete.
1474 1377 1515 1381 -
1536 1357 1674 1392 Terent.

944 1407 1063 1442 Andr.
1086 1407 1126 1451 V,
1144 1409 1176 1450 1,
1197 1408 1253 1443 15.
1279 1407 1322 1440 ut
1342 1415 1389 1439 ne
1414 1404 1487 1439 illis
1512 1404 1674 1438 animum

943 1454 1095 1489 inducas
1121 1453 1294 1497 credere3
1330 1453 1427 1488 Eun.
1454 1453 1528 1496 ΙΙΙ,
1555 1454 1589 1493 2,
1616 1453 1673 1488 37.

944 1501 1007 1547 qui
1031 1501 1118 1536 huic
1137 1503 1302 1536 animum
1325 1499 1502 1535 assentari
1523 1499 1675 1534 induxe-

943 1550 1005 1593 ris,
1030 1554 1089 1586 etc.

992 1598 1070 1633 Liv.
1096 1598 1150 1640 II,
1170 1598 1228 1639 65,
1247 1598 1278 1632 7.
1315 1594 1413 1640 quod
1443 1594 1516 1629 iam
1536 1622 1542 1630 .
1564 1622 1570 1630 .
1591 1622 1598 1630 .
1618 1605 1676 1629 ce-

944 1644 1110 1679 ciderant
1135 1655 1191 1678 an
1202 1642 1294 1680 imi.

993 1787 1080 1822 Sall.
1094 1786 1172 1821 Cat.
1184 1787 1240 1822 19.
1259 1796 1280 1819 a
1290 1784 1315 1819 d
1324 1797 1349 1819 n
1359 1784 1372 1818 i
1382 1787 1398 1819 t
1408 1795 1427 1819 e
1435 1795 1460 1818 n
1470 1786 1486 1818 t
1496 1795 1515 1819 e
1533 1782 1675 1820 Crasso.

946 1855 991 1859 —
1019 1835 1076 1876 Cf.
1103 1833 1182 1869 niti.

993 2025 1071 2060 Liv.
1089 2024 1159 2065 IV,
1172 2025 1230 2065 45,
1247 2025 1278 2058 1.
1305 2021 1472 2057 Annus
1490 2019 1676 2057 ...clade

944 2071 1116 2154 ἓῗέἷὲἷῗῧ
1134 2068 1676 2153 {ffsfflfiff'fssnnfflissffuiiif

948 2170 1005 2212 12,
1030 2169 1063 2203 6.
1102 2177 1219 2200 annus
1245 2194 1253 2202 .
1281 2191 1289 2200 .
1317 2194 1325 2201 .
1351 2142 1676 2209 multiplici'cladc}

946 2227 988 2250 ac
1021 2214 1186 2260 periculo
1219 2212 1388 2259 insignis3
1422 2213 1503 2253 VII,
1529 2215 1560 2248 1.
1596 2222 1677 2246 eam

945 2262 1194 2308 pestilentiam
1235 2261 1416 2306 insignem
1458 2271 1557 2294 mors
1596 2287 1603 2294 .
1632 2285 1640 2292 .
1668 2285 1676 2294 .

945 2310 1048 2346 Furii
1074 2309 1172 2353 fecit,
1198 2314 1257 2344 etc.

994 2359 1073 2393 Liv.
1104 2358 1156 2399 ΙΙ,
1173 2358 1207 2399 4,
1228 2359 1260 2392 5.
1288 2356 1362 2398 ΙΙΙ,
1380 2357 1439 2398 36,
1458 2357 1491 2390 2.
1527 2352 1678 2388 remotis

947 2405 1178 2447 arbitris,
1221 2404 1273 2446 ΙΙ,
1301 2405 1359 2444 37,
1392 2405 1426 2438 3.
1469 2401 1529 2443 VI,
1556 2402 1615 2444 33,
1642 2403 1676 2436 3.

955 2454 1036 2496 VII,
1056 2455 1089 2488 4.
1117 2451 1243 2492 XXX,
1260 2453 1315 2486 15.
1342 2448 1529 2491 XXXIX,
1548 2450 1603 2484 11.
1621 2458 1677 2481 ar-

947 2501 1052 2536 bitris
1068 2499 1231 2535 remotis.
1252 2518 1293 2522 —-
1315 2499 1402 2533 Gen.
1420 2499 1477 2539 39,
1496 2498 1550 2532 11.
1574 2494 1678 2539 quid-

948 2559 1059 2593 quam
1085 2548 1221 2590 absque
1247 2545 1393 2579 arbitris
1418 2544 1564 2578 faceret.

997 2597 1132 2630 Lucan.
1148 2595 1200 2635 ΙΙ,
1210 2595 1292 2630 394.
1315 2591 1419 2626 Haec
1436 2590 1574 2635 placuit
1591 2589 1678 2624 belli

949 2643 1064 2678 sedes.
1093 2662 1135 2667 -
1163 2642 1240 2677 Liv.
1259 2640 1401 2682 XLIV,
1421 2641 1478 2674 31.
1505 2649 1587 2672 eam
1610 2636 1679 2671 sibi

949 2693 1097 2735 ceperat
1121 2689 1223 2723 velut
1243 2687 1348 2733 regni
1372 2686 1484 2721 totius
1510 2695 1677 2720 arcem.

952 2759 994 2764 —
1022 2737 1111 2772 Sall.
1139 2737 1216 2779 luy.
1242 2737 1300 2772 56.
1336 2744 1456 2768 arcem
1482 2732 1597 2778 regni.

999 2786 1076 2821 Liv.
1103 2784 1182 2825 ΙΙΙ,
1207 2787 1247 2825 8,
1274 2784 1307 2818 7.
1350 2792 1459 2826 quam
1498 2779 1596 2825 quod
1633 2779 1680 2813 ad

950 2830 1206 2867 arcendam
1248 2829 1322 2864 vim
1367 2839 1498 2873 parum
1547 2827 1682 2862 virium

170 2885 336 2932 partibus
377 2884 424 2919 ad
465 2883 660 2919 arcendam
700 2882 775 2918 vim
817 2882 901 2917 ilico
950 2882 1055 2915 esset.
