1950 3302
312 339 407 374 XIV
865 333 1159 370 PRAEFATIO
1185 332 1224 369 C.
1250 332 1281 368 Ι.

313 474 408 502 rum
448 459 610 502 incolae
650 457 751 500 illuc
791 455 942 499 litteris
981 453 1195 496 imbuendi
1237 452 1513 503 mitterentur,
1563 455 1601 494 et
1645 451 1808 504 fratres

314 518 638 571 Hersfeldenses
687 518 737 558 in
788 516 961 558 laribus
1013 513 1333 570 philosophiae
1386 511 1618 554 obversati
1668 510 1807 566 longe

314 578 684 620 transmitterent
711 576 897 618 odorem
919 574 1118 616 noticiae
1151 586 1272 623 suae,
1307 574 1483 613 testatur
1507 570 1764 623 Lampertws
1776 568 1805 610 ².

458 636 517 678 In
559 636 709 677 horum
754 633 886 687 iyitur
931 632 1166 675 societatem
1205 631 1460 684 Lampertus
1500 643 1541 671 a.
1579 631 1706 671 1058.
1746 641 1807 670 re-

315 699 453 748 ceptus
474 699 544 748 est,
577 694 662 736 sive
685 693 762 746 pio
792 690 1012 746 reliyionis
1032 691 1197 743 fervore
1228 689 1411 732 seculum
1442 692 1674 741 aversatus,
1706 685 1838 740 sive,⁵

316 755 427 807 quod
445 754 626 806 fortasse
648 751 830 807 propius
860 766 888 793 a
916 764 1012 793 vero
1036 751 1160 802 abest,
1193 747 1363 791 vivendi
1394 747 1560 790 ratione
1590 750 1714 800 atque
1744 745 1807 789 in·

315 813 527 856 stitutione
557 810 790 864 naufrayio
821 810 934 862 facto
966 812 1268 862 conquassatus
1298 807 1409 849 vitae
1439 805 1644 849 secularis
1669 803 1808 848 taedio

316 876 461 925 captus
499 871 566 913 sit.
636 870 753 913 Certe
793 873 1006 922 tantopere
1046 867 1216 910 animus
1247 866 1337 909 eius
1368 869 1593 908 commotus
1629 878 1680 908 ac
1710 877 1808 918 per-

316 945 460 974 cussus
486 934 589 983 erat,
621 933 667 971 ut
697 943 784 970 non
814 927 896 970 sibi
925 927 1190 979 satisfaceret
1216 926 1420 968 tradendo
1441 939 1496 978 se,
1529 928 1576 967 ut
1605 923 1695 978 ipse
1725 935 1808 966 cre-

317 991 447 1042 debat,
480 988 649 1031 servitio
670 987 768 1040 Dei,
800 988 874 1029 sed
897 986 949 1028 ab
972 985 1122 1039 oppido
1142 985 1460 1038 Ascafnaburq,
1492 983 1565 1026 ubi
1586 983 1808 1037 presbyter
1822 999 1856 1025 ιο

317 1051 579 1091 consecratus
603 1051 706 1099 erat,
739 1061 779 1088 a.
807 1049 932 1088 1058.
958 1046 1082 1098 Sept„
1116 1058 1203 1086 non
1223 1057 1415 1086 reversus
1435 1043 1484 1085 in
1504 1041 1808 1084 monasterium

315 1121 454 1160 suum,
496 1105 630 1148 inscio
666 1105 793 1147 etiam
824 1103 1076 1158 Meyinhero
1116 1104 1263 1145 abbate
1302 1102 1350 1144 in
1387 1102 1567 1145 Terram
1604 1101 1808 1143 Sanctam

307 1166 525 1220 profectus
555 1169 614 1207 est
636 1178 717 1218 per
751 1163 990 1216 Unyariam
1020 1166 1058 1205 et
1087 1161 1359 1215 Bulyariam,
1392 1161 1441 1203 in
1471 1160 1592 1203 cuius
1622 1157 1809 1212 confinio

317 1230 494 1278 tempore
524 1222 762 1265 nativitatis
792 1221 973 1264 Domini
1004 1236 1044 1262 a.
1079 1225 1205 1262 1058.
1238 1221 1484 1262 morabatur
1500 1221 1528 1260 2.
1590 1218 1648 1260 A.
1679 1222 1806 1260 1059.

318 1284 384 1325 die
418 1283 528 1335 Sept.
556 1286 622 1334 17,
655 1281 728 1334 qui
759 1285 818 1323 est
851 1281 895 1323 S.
928 1279 1146 1321 Lamberti
1177 1278 1266 1321 dies
1296 1278 1483 1331 festivus,
1517 1277 1556 1320 ei
1585 1277 1635 1319 in
1664 1291 1807 1320 mona·
1822 1295 1857 1320 ιε,

318 1341 491 1383 sterium
530 1353 693 1382 reverso
733 1339 858 1381 venia
898 1340 1000 1380 data
1039 1342 1099 1380 est
1140 1336 1446 1379 inobedientiae
1486 1351 1514 1378 a
1554 1335 1808 1390 Meyinbero

318 1401 475 1452 abbate,
509 1399 582 1452 qui
612 1413 705 1441 eum
737 1397 905 1440 comiter
935 1411 985 1439 ac
1016 1396 1190 1450 beniyne
1219 1395 1410 1448 suscepit.

461 1458 647 1500 Prorsus
676 1457 934 1510 iynoramus,
968 1455 1072 1508 quid
1100 1454 1363 1508 sequentibus
1393 1454 1524 1496 annis
1554 1454 1808 1507 Lampertus

318 1517 367 1559 in
405 1515 658 1559 monasterio
687 1515 878 1569 yesserit,
921 1528 1000 1567 quo
1041 1514 1185 1566 officio
1216 1514 1388 1565 functus
1418 1513 1486 1555 sit.
1551 1513 1636 1556 Sed
1663 1512 1807 1555 verisi-

318 1575 541 1618 millimum
580 1579 656 1628 est,
698 1576 808 1627 quod
845 1574 912 1616 W.
944 1573 1220 1616 Wattenbach
1261 1572 1435 1615 coniecit
1450 1573 1477 1626 3,
1519 1586 1612 1614 eum
1651 1571 1808 1614 scolam
1820 1584 1856 1609 20

320 1634 511 1676 abbatiae
550 1633 720 1676 reoeisse.
783 1633 913 1674 Hane
952 1631 1064 1674 enim
1100 1631 1226 1673 etiam
1256 1631 1481 1673 Ruthardo
1511 1635 1550 1673 et
1580 1629 1807 1684 Hartwiyo

321 1693 537 1735 abbatibus
576 1692 772 1744 floruisse
803 1695 939 1744 patet,
982 1705 1074 1733 cum
1114 1690 1374 1732 Ekkebertus
1411 1690 1642 1732 monachus
1681 1689 1808 1732 huius

321 1751 504 1795 coenobii
534 1752 582 1793 in
605 1751 782 1804 proloyo
819 1750 940 1792 Vitae
970 1749 1230 1792 Haimeradi
1245 1749 1274 1802 4,
1312 1762 1439 1802 quam
1469 1749 1581 1791 inter
1611 1763 1652 1790 a.
1679 1751 1805 1790 1074.

320 1815 358 1852 et
392 1814 517 1852 1090.
552 1809 793 1863 composuit,
836 1813 1004 1851 testetur
1033 1809 1184 1850 multos
1223 1812 1322 1850 tunc
1360 1807 1422 1850 ibi
1452 1807 1636 1850 eoetitisse
1665 1821 1807 1849 mona-

321 1870 416 1912 chos
453 1868 672 1922 praeclari
711 1867 891 1922 inqenii,
935 1869 1152 1910 educatos
1192 1868 1242 1908 in
1281 1868 1449 1909 faustis
1492 1867 1807 1923 penetralibus
1819 1878 1856 1904 25

321 1929 656 1984 philosophiae,
690 1942 782 1969 cum
813 1926 938 1969 etiam
970 1926 1186 1978 Rudolfus
1215 1926 1345 1967 abbas
1377 1926 1422 1968 S.
1460 1925 1674 1968 Trudonis
1705 1939 1807 1968 com-

319 1991 506 2028 moratus
537 1986 767 2038 aliquando
799 1987 915 2038 apud
943 1985 1215 2027 Fridericum
1246 1985 1434 2027 abbatem
1463 1985 1808 2037 Hersfeldensem

322 2043 657 2098 (1091—1099)
681 2045 943 2086 liberalium
971 2045 1139 2086 artium
1168 2045 1291 2099 apud
1312 2045 1480 2086 fratres
1511 2043 1638 2086 huius
1665 2057 1808 2086 mona-

321 2103 440 2145 sterii
480 2104 731 2144 studiosam
770 2103 1023 2144 efficaciam
1069 2102 1308 2143 admiratus
1343 2102 1399 2143 sit
1415 2103 1443 2142 ⁵.
1518 2102 1633 2144 Sane
1669 2106 1808 2144 autem

321 2162 447 2203 etiam
485 2161 597 2202 inter
637 2161 711 2202 lios
747 2160 937 2213 adprime
977 2160 1162 2201 eruditos
1201 2160 1378 2213 fratres,
1419 2160 1533 2202 inter
1570 2173 1673 2213 quos
1711 2159 1807 2202 emi·
1821 2173 1856 2198 30

322 2220 417 2262 nuit
447 2219 485 2261 is
515 2219 682 2273 iynotus
711 2218 952 2271 monachus,
990 2218 1063 2270 qui
1093 2232 1134 2259 a.
1172 2215 1348 2273 1092s3.
1381 2218 1536 2260 librum
1566 2219 1616 2260 de
1645 2218 1808 2260 unitate

322 2277 515 2321 ecclesiae
546 2278 834 2320 conservanda
865 2276 1111 2330 conscripsit
1126 2277 1153 2329 ⁶,
1196 2290 1315 2318 nemo
1355 2277 1484 2329 facile
1514 2276 1702 2319 inveniri
1733 2290 1807 2330 po-

322 2337 483 2390 tuisset,
523 2336 595 2389 qui
626 2335 765 2389 aptior
795 2335 930 2378 scolae
965 2336 1171 2388 reyendae
1201 2334 1353 2387 fuisset
1382 2348 1509 2388 quam
1540 2336 1806 2389 Lampertus.

322 2396 382 2437 Et
412 2396 510 2437 bene
541 2394 831 2447 explicaretur,
872 2395 982 2435 unde
1013 2393 1204 2447 evenerit,
1236 2398 1283 2436 ut
1313 2394 1574 2436 Ekkebertus
1604 2398 1661 2436 tot
1690 2394 1807 2446 flori-

323 2455 398 2495 bus
442 2453 531 2495 stili
571 2452 791 2506 Lamperti
830 2467 931 2494 usus
971 2452 1026 2494 sit
1043 2453 1068 2505 7,
1116 2452 1154 2493 si
1195 2453 1247 2494 ab
1288 2452 1362 2495 hoe
1401 2453 1604 2506 mayistro
1643 2455 1808 2496 edoctus
1821 2466 1855 2492 ³5

321 2512 483 2564 fuisset.

325 2605 359 2647 1)
382 2604 492 2646 Infra
518 2614 562 2646 p..
583 2605 664 2645 350,
699 2603 762 2635 ubi
783 2613 957 2635 summam
983 2603 1049 2636 loci
1071 2613 1094 2636 a
1119 2602 1231 2636 Paulo
1256 2603 1397 2645 Lanyio
1419 2604 1594 2648 eoescripti
1619 2604 1810 2638 monachus

323 2650 621 2684 Hamerslebensis
645 2650 737 2683 male
760 2650 916 2682 reddidit
939 2649 1074 2683 verbis:
1109 2648 1254 2683 Scolam
1287 2649 1533 2694 instituit,
1567 2661 1646 2684 cum
1670 2651 1810 2694 Μαρέη-

323 2698 462 2731 hardus
493 2708 565 2731 non
597 2697 727 2730 scolam
751 2696 1036 2737 Hersfeldensem
1069 2698 1284 2739 instituerit,
1320 2697 1379 2730 sed
1411 2707 1488 2731 eam
1521 2699 1596 2731 iam
1628 2699 1808 2740 florentem

323 2745 460 2786 foverit.
573 2745 609 2787 2)
635 2743 747 2784 Infra
771 2754 810 2786 p.
830 2745 884 2778 74.
911 2743 1143 2786 Ekkebestm,
1177 2745 1258 2776 Vita
1282 2743 1500 2777 Haimeradi
1522 2755 1550 2780 c.
1576 2747 1639 2788 32,
1667 2745 1731 2780 SS.
1757 2745 1805 2788 X,
1819 2755 1856 2780 40

319 2803 357 2835 p.
376 2793 456 2826 606.
481 2791 594 2823 tradit
618 2791 796 2833 quondam
821 2790 1081 2831 Meqinfridum
1100 2790 1322 2833 praefectum
1347 2791 1640 2834 (buryqravium)
1662 2792 1808 2834 Μαράθ-

324 2838 527 2880 burgensem
560 2847 637 2869 oum
670 2837 794 2870 multis
827 2837 913 2869 aliis
936 2837 1222 2879 Hierosolymam
1253 2838 1449 2881 profectam
1482 2849 1562 2874 esse.
1611 2839 1734 2873 Nescio
1757 2850 1807 2873 an

323 2895 443 2918 eorum
477 2885 590 2918 socius
623 2883 735 2924 fuerit
768 2883 994 2926 Lampertus.
1098 2885 1134 2927 3)
1160 2885 1461 2920 ‘Geschichtschr.’
1485 2886 1537 2921 ed.
1563 2888 1602 2929 2,
1639 2887 1808 2920 Lambert

321 2943 358 2976 p,
378 2937 451 2961 XII.
560 2930 596 2972 4)
620 2930 684 2965 SS.
709 2931 762 2972 X,
791 2941 830 2972 p.
856 2931 935 2965 598.
1048 2930 1084 2974 5)
1111 2931 1215 2963 Gesta
1245 2931 1321 2965 abb.
1352 2932 1509 2967 Trudon.
1535 2933 1571 2975 I,
1599 2934 1632 2975 5,
1666 2933 1732 2969 SS.
1757 2933 1806 2974 X,

318 2990 358 3021 p.
384 2980 464 3013 232.
578 2978 614 3020 6)
637 2976 769 3009 Libelli
799 2977 857 3019 II,
888 2988 926 3019 p.
954 2978 1167 3012 173—284.
1280 2978 1315 3021 7)
1344 2979 1435 3020 Quos
1462 2990 1577 3023 supra
1606 2992 1645 3024 p.
1666 2986 1751 3012 VIII.
1777 2984 1855 3014 et45
