<?xml version="1.0" encoding="UTF-8"?>
<!DOCTYPE html PUBLIC "-//W3C//DTD XHTML 1.0 Transitional//EN"
    "http://www.w3.org/TR/xhtml1/DTD/xhtml1-transitional.dtd">
<html xmlns="http://www.w3.org/1999/xhtml" xml:lang="en" lang="en">
 <head>
  <title>
</title>
<meta http-equiv="Content-Type" content="text/html;charset=utf-8" />
  <meta name='ocr-system' content='tesseract 3.04.00' />
  <meta name='ocr-capabilities' content='ocr_page ocr_carea ocr_par ocr_line ocrx_word'/>
</head>
<body>
  <div class='ocr_page' id='page_1' title='image "./lampertimonachih00lambuoft_0548.png"; bbox 0 0 2014 3184; ppageno 0'>
   <div class='ocr_carea' id='block_1_1' title="bbox 340 194 411 230">
    <p class='ocr_par' dir='ltr' id='par_1_1' title="bbox 340 194 411 230">
     <span class='ocr_line' id='line_1_1' title="bbox 340 194 411 230; baseline 0.028 -2"><span class='ocrx_word' id='word_1_1' title='bbox 340 194 411 230; x_wconf 86' lang='grc'><strong>472</strong></span> 
     </span>
    </p>
   </div>
   <div class='ocr_carea' id='block_1_2' title="bbox 337 312 1836 426">
    <p class='ocr_par' dir='ltr' id='par_1_2' title="bbox 337 312 1836 426">
     <span class='ocr_line' id='line_1_2' title="bbox 337 312 1449 370; baseline 0.021 -26"><span class='ocrx_word' id='word_1_2' title='bbox 337 321 416 345; x_wconf 85' lang='lat' dir='ltr'><strong>ram</strong></span> <span class='ocrx_word' id='word_1_3' title='bbox 441 312 554 349; x_wconf 86' lang='lat' dir='ltr'><strong>vitam</strong></span> <span class='ocrx_word' id='word_1_4' title='bbox 582 316 674 352; x_wconf 89' lang='lat' dir='ltr'><strong>nihil</strong></span> <span class='ocrx_word' id='word_1_5' title='bbox 699 319 943 365; x_wconf 89' lang='lat' dir='ltr'><strong>reliquum</strong></span> <span class='ocrx_word' id='word_1_6' title='bbox 969 322 1062 359; x_wconf 86' lang='lat' dir='ltr'><strong>fece·</strong></span> <span class='ocrx_word' id='word_1_7' title='bbox 1112 337 1182 370; x_wconf 90' lang='lat' dir='ltr'><strong>que</strong></span> <span class='ocrx_word' id='word_1_8' title='bbox 1216 327 1360 364; x_wconf 84' lang='lat' dir='ltr'><strong>luxuria</strong></span> <span class='ocrx_word' id='word_1_9' title='bbox 1395 359 1403 367; x_wconf 90' lang='lat'>.</span> <span class='ocrx_word' id='word_1_10' title='bbox 1440 359 1449 368; x_wconf 94' lang='lat'>.</span> 
     </span>
     <span class='ocr_line' id='line_1_3' title="bbox 730 369 1836 426; baseline 0.018 -25"><span class='ocrx_word' id='word_1_11' title='bbox 730 369 855 411; x_wconf 89' lang='lat' dir='ltr'><strong>preter</strong></span> <span class='ocrx_word' id='word_1_12' title='bbox 890 370 1059 406; x_wconf 85' lang='lat' dir='ltr'><strong>miseram</strong></span> <span class='ocrx_word' id='word_1_13' title='bbox 1111 372 1294 419; x_wconf 79' lang='lat' dir='ltr'><strong>fecerant3</strong></span> <span class='ocrx_word' id='word_1_14' title='bbox 1319 379 1376 414; x_wconf 94' lang='lat'><strong>20.</strong></span> <span class='ocrx_word' id='word_1_15' title='bbox 1403 379 1491 424; x_wconf 88' lang='lat' dir='ltr'><strong>quid</strong></span> <span class='ocrx_word' id='word_1_16' title='bbox 1511 381 1643 426; x_wconf 77' lang='lat' dir='ltr'><strong>reliqui</strong></span> <span class='ocrx_word' id='word_1_17' title='bbox 1659 382 1836 420; x_wconf 82' lang='lat' dir='ltr'><strong>habemus</strong></span> 
     </span>
    </p>
   </div>
   <div class='ocr_carea' id='block_1_3' title="bbox 325 361 1061 983">
    <p class='ocr_par' dir='ltr' id='par_1_3' title="bbox 329 361 1061 791">
     <span class='ocr_line' id='line_1_4' title="bbox 337 361 692 406; baseline 0.028 -15"><span class='ocrx_word' id='word_1_18' title='bbox 337 361 421 393; x_wconf 84' lang='lat' dir='ltr'><strong>rant</strong></span> <span class='ocrx_word' id='word_1_19' title='bbox 459 363 544 406; x_wconf 88' lang='lat'>116,</span> <span class='ocrx_word' id='word_1_20' title='bbox 566 374 609 398; x_wconf 92' lang='lat'>10.</span> <span class='ocrx_word' id='word_1_21' title='bbox 650 385 692 390; x_wconf 83' lang='lat'>—</span> 
     </span>
     <span class='ocr_line' id='line_1_5' title="bbox 336 405 1061 456; baseline 0.022 -17"><span class='ocrx_word' id='word_1_22' title='bbox 336 405 448 441; x_wconf 90' lang='lat' dir='ltr'><strong>vitam</strong></span> <span class='ocrx_word' id='word_1_23' title='bbox 474 408 564 444; x_wconf 87' lang='lat' dir='ltr'>nihil</span> <span class='ocrx_word' id='word_1_24' title='bbox 581 411 762 456; x_wconf 89' lang='lat' dir='ltr'><strong>reliquum</strong></span> <span class='ocrx_word' id='word_1_25' title='bbox 779 414 935 452; x_wconf 82' lang='lat' dir='ltr'><strong>faciebat</strong></span> <span class='ocrx_word' id='word_1_26' title='bbox 956 418 1061 454; x_wconf 91' lang='lat' dir='ltr'><strong>inno-</strong></span> 
     </span>
     <span class='ocr_line' id='line_1_6' title="bbox 336 454 1058 507; baseline 0.021 -21"><span class='ocrx_word' id='word_1_27' title='bbox 336 454 500 490; x_wconf 78' lang='lat' dir='ltr'><strong>centibus</strong></span> <span class='ocrx_word' id='word_1_28' title='bbox 526 459 606 502; x_wconf 91' lang='lat'>177,</span> <span class='ocrx_word' id='word_1_29' title='bbox 620 469 647 495; x_wconf 83' lang='lat'>5.</span> <span class='ocrx_word' id='word_1_30' title='bbox 676 480 718 484; x_wconf 86' lang='lat'>—</span> <span class='ocrx_word' id='word_1_31' title='bbox 745 462 917 507; x_wconf 90' lang='lat' dir='ltr'><strong>quicquid</strong></span> <span class='ocrx_word' id='word_1_32' title='bbox 946 464 1058 501; x_wconf 83' lang='lat' dir='ltr'><strong>Saxo-</strong></span> 
     </span>
     <span class='ocr_line' id='line_1_7' title="bbox 334 500 1059 557; baseline 0.021 -23"><span class='ocrx_word' id='word_1_33' title='bbox 334 500 417 536; x_wconf 82' lang='lat' dir='ltr'><strong>niae</strong></span> <span class='ocrx_word' id='word_1_34' title='bbox 436 530 442 537; x_wconf 96' lang='lat'>.</span> <span class='ocrx_word' id='word_1_35' title='bbox 463 528 471 537; x_wconf 88' lang='lat'>.</span> <span class='ocrx_word' id='word_1_36' title='bbox 491 531 498 539; x_wconf 94' lang='lat'>.</span> <span class='ocrx_word' id='word_1_37' title='bbox 517 503 655 540; x_wconf 87' lang='lat' dir='ltr'><strong>hostilis</strong></span> <span class='ocrx_word' id='word_1_38' title='bbox 673 509 853 544; x_wconf 87' lang='lat' dir='ltr'><strong>exercitus</strong></span> <span class='ocrx_word' id='word_1_39' title='bbox 878 512 1059 557; x_wconf 88' lang='lat' dir='ltr'><strong>reliquum</strong></span> 
     </span>
     <span class='ocr_line' id='line_1_8' title="bbox 334 547 1058 599; baseline 0.021 -18"><span class='ocrx_word' id='word_1_40' title='bbox 334 547 479 584; x_wconf 77' lang='lat' dir='ltr'><strong>fecisset</strong></span> <span class='ocrx_word' id='word_1_41' title='bbox 504 553 584 596; x_wconf 90' lang='lat'>233,</span> <span class='ocrx_word' id='word_1_42' title='bbox 598 563 625 588; x_wconf 82' lang='lat'>5.</span> <span class='ocrx_word' id='word_1_43' title='bbox 645 574 690 580; x_wconf 82' lang='lat'>-</span> <span class='ocrx_word' id='word_1_44' title='bbox 713 556 777 599; x_wconf 93' lang='lat' dir='ltr'><strong>qui</strong></span> <span class='ocrx_word' id='word_1_45' title='bbox 801 557 835 592; x_wconf 90' lang='lat' dir='ltr'><strong>ei</strong></span> <span class='ocrx_word' id='word_1_46' title='bbox 859 559 949 594; x_wconf 90' lang='lat' dir='ltr'><strong>nihil</strong></span> <span class='ocrx_word' id='word_1_47' title='bbox 974 561 1058 595; x_wconf 89' lang='lat' dir='ltr'><strong>reli-</strong></span> 
     </span>
     <span class='ocr_line' id='line_1_9' title="bbox 333 595 1056 648; baseline 0.019 -19"><span class='ocrx_word' id='word_1_48' title='bbox 333 595 396 639; x_wconf 86' lang='lat' dir='ltr'><strong>qui</strong></span> <span class='ocrx_word' id='word_1_49' title='bbox 412 595 579 633; x_wconf 88' lang='lat' dir='ltr'><strong>fecerunt</strong></span> <span class='ocrx_word' id='word_1_50' title='bbox 594 603 718 644; x_wconf 90' lang='lat' dir='ltr'><strong>preter</strong></span> <span class='ocrx_word' id='word_1_51' title='bbox 733 604 890 648; x_wconf 83' lang='lat' dir='ltr'><strong>parietes</strong></span> <span class='ocrx_word' id='word_1_52' title='bbox 916 609 952 641; x_wconf 84' lang='lat' dir='ltr'><strong>et</strong></span> <span class='ocrx_word' id='word_1_53' title='bbox 970 619 1056 643; x_wconf 86' lang='lat' dir='ltr'><strong>saxa</strong></span> 
     </span>
     <span class='ocr_line' id='line_1_10' title="bbox 332 644 1055 692; baseline 0.018 -14"><span class='ocrx_word' id='word_1_54' title='bbox 332 644 413 686; x_wconf 85' lang='lat'>344,</span> <span class='ocrx_word' id='word_1_55' title='bbox 423 655 450 679; x_wconf 81' lang='lat'>5.</span> <span class='ocrx_word' id='word_1_56' title='bbox 479 665 522 670; x_wconf 92' lang='lat'>—</span> <span class='ocrx_word' id='word_1_57' title='bbox 548 649 693 692; x_wconf 80' lang='lat' dir='ltr'><strong>angusti</strong></span> <span class='ocrx_word' id='word_1_58' title='bbox 726 653 870 687; x_wconf 89' lang='lat' dir='ltr'><strong>tantum</strong></span> <span class='ocrx_word' id='word_1_59' title='bbox 899 655 1055 690; x_wconf 81' lang='lat' dir='ltr'><strong>tramitis</strong></span> 
     </span>
     <span class='ocr_line' id='line_1_11' title="bbox 330 690 1053 744; baseline 0.021 -21"><span class='ocrx_word' id='word_1_60' title='bbox 330 690 460 725; x_wconf 86' lang='lat' dir='ltr'><strong>callem</strong></span> <span class='ocrx_word' id='word_1_61' title='bbox 485 692 741 731; x_wconf 81' lang='lat' dir='ltr'><strong>itinerantibus</strong></span> <span class='ocrx_word' id='word_1_62' title='bbox 759 699 940 744; x_wconf 87' lang='lat' dir='ltr'><strong>reliquum</strong></span> <span class='ocrx_word' id='word_1_63' title='bbox 958 701 1053 738; x_wconf 88' lang='lat' dir='ltr'><strong>fece-</strong></span> 
     </span>
     <span class='ocr_line' id='line_1_12' title="bbox 329 739 908 791; baseline 0.024 -21"><span class='ocrx_word' id='word_1_64' title='bbox 329 739 388 771; x_wconf 90' lang='lat' dir='ltr'><strong>rat</strong></span> <span class='ocrx_word' id='word_1_65' title='bbox 410 741 586 783; x_wconf 86' lang='lat' dir='ltr'><strong>aquarum</strong></span> <span class='ocrx_word' id='word_1_66' title='bbox 613 742 740 779; x_wconf 85' lang='lat' dir='ltr'><strong>effusio</strong></span> <span class='ocrx_word' id='word_1_67' title='bbox 764 748 845 791; x_wconf 86' lang='lat'>339,</span> <span class='ocrx_word' id='word_1_68' title='bbox 863 759 908 783; x_wconf 84' lang='lat'>20.</span> 
     </span>
    </p>

    <p class='ocr_par' dir='ltr' id='par_1_4' title="bbox 325 787 1052 983">
     <span class='ocr_line' id='line_1_13' title="bbox 377 787 1052 832; baseline 0.019 -13"><span class='ocrx_word' id='word_1_69' title='bbox 377 790 460 820; x_wconf 85' lang='lat' dir='ltr'><strong>cum</strong></span> <span class='ocrx_word' id='word_1_70' title='bbox 495 787 594 823; x_wconf 83' lang='lat' dir='ltr'><strong>aliud</strong></span> <span class='ocrx_word' id='word_1_71' title='bbox 628 791 782 827; x_wconf 88' lang='lat' dir='ltr'><strong>turbatis</strong></span> <span class='ocrx_word' id='word_1_72' title='bbox 816 794 924 830; x_wconf 88' lang='lat' dir='ltr'><strong>rebus</strong></span> <span class='ocrx_word' id='word_1_73' title='bbox 953 796 1052 832; x_wconf 87' lang='lat' dir='ltr'><strong>inve-</strong></span> 
     </span>
     <span class='ocr_line' id='line_1_14' title="bbox 328 831 1050 888; baseline 0.024 -24"><span class='ocrx_word' id='word_1_74' title='bbox 328 831 406 866; x_wconf 83' lang='lat' dir='ltr'><strong>nire</strong></span> <span class='ocrx_word' id='word_1_75' title='bbox 423 844 497 868; x_wconf 90' lang='lat' dir='ltr'><strong>non</strong></span> <span class='ocrx_word' id='word_1_76' title='bbox 514 839 637 879; x_wconf 87' lang='lat' dir='ltr'><strong>posset</strong></span> <span class='ocrx_word' id='word_1_77' title='bbox 653 849 778 875; x_wconf 86' lang='lat' dir='ltr'><strong>reme</strong></span> <span class='ocrx_word' id='word_1_78' title='bbox 790 840 836 875; x_wconf 88' lang='lat' dir='ltr'><strong>di</strong></span> <span class='ocrx_word' id='word_1_79' title='bbox 849 853 922 876; x_wconf 91' lang='lat' dir='ltr'><strong>um</strong></span> <span class='ocrx_word' id='word_1_80' title='bbox 940 845 1050 888; x_wconf 86' lang='lat'>91,10.</span> 
     </span>
     <span class='ocr_line' id='line_1_15' title="bbox 328 882 1051 935; baseline 0.018 -22"><span class='ocrx_word' id='word_1_81' title='bbox 328 898 373 904; x_wconf 89' lang='lat'><strong>—</strong></span> <span class='ocrx_word' id='word_1_82' title='bbox 399 882 440 914; x_wconf 91' lang='lat' dir='ltr'><strong>ut</strong></span> <span class='ocrx_word' id='word_1_83' title='bbox 466 909 473 917; x_wconf 95' lang='lat'>.</span> <span class='ocrx_word' id='word_1_84' title='bbox 502 910 509 917; x_wconf 96' lang='lat'>.</span> <span class='ocrx_word' id='word_1_85' title='bbox 538 911 545 918; x_wconf 91' lang='lat'>.</span> <span class='ocrx_word' id='word_1_86' title='bbox 572 884 727 920; x_wconf 87' lang='lat' dir='ltr'><strong>turbatis</strong></span> <span class='ocrx_word' id='word_1_87' title='bbox 760 888 869 923; x_wconf 90' lang='lat' dir='ltr'><strong>rebus</strong></span> <span class='ocrx_word' id='word_1_88' title='bbox 904 890 1051 935; x_wconf 89' lang='lat' dir='ltr'><strong>aliquod</strong></span> 
     </span>
     <span class='ocr_line' id='line_1_16' title="bbox 325 927 1050 983; baseline 0.022 -24"><span class='ocrx_word' id='word_1_89' title='bbox 325 927 528 963; x_wconf 89' lang='lat' dir='ltr'><strong>remedium</strong></span> <span class='ocrx_word' id='word_1_90' title='bbox 537 930 700 968; x_wconf 88' lang='lat' dir='ltr'><strong>invenire</strong></span> <span class='ocrx_word' id='word_1_91' title='bbox 709 938 929 972; x_wconf 83' lang='lat' dir='ltr'><strong>conarentur</strong></span> <span class='ocrx_word' id='word_1_92' title='bbox 940 940 1050 983; x_wconf 88' lang='lat'>162‚1.</span> 
     </span>
    </p>
   </div>
   <div class='ocr_carea' id='block_1_4' title="bbox 318 1211 1044 1311">
    <p class='ocr_par' dir='ltr' id='par_1_5' title="bbox 318 1211 1044 1311">
     <span class='ocr_line' id='line_1_17' title="bbox 368 1211 1044 1262; baseline 0.021 -18"><span class='ocrx_word' id='word_1_93' title='bbox 368 1211 459 1246; x_wconf 89' lang='lat' dir='ltr'><strong>nihil</strong></span> <span class='ocrx_word' id='word_1_94' title='bbox 484 1212 551 1248; x_wconf 87' lang='lat' dir='ltr'><strong>sibi</strong></span> <span class='ocrx_word' id='word_1_95' title='bbox 581 1215 752 1262; x_wconf 86' lang='lat' dir='ltr'><strong>deinceps</strong></span> <span class='ocrx_word' id='word_1_96' title='bbox 777 1220 846 1254; x_wconf 91' lang='lat' dir='ltr'><strong>ocii</strong></span> <span class='ocrx_word' id='word_1_97' title='bbox 880 1224 943 1256; x_wconf 84' lang='lat' dir='ltr'><strong>aut</strong></span> <span class='ocrx_word' id='word_1_98' title='bbox 968 1234 1044 1258; x_wconf 88' lang='lat' dir='ltr'><strong>re-</strong></span> 
     </span>
     <span class='ocr_line' id='line_1_18' title="bbox 318 1258 851 1311; baseline 0.026 -21"><span class='ocrx_word' id='word_1_99' title='bbox 318 1258 453 1293; x_wconf 83' lang='lat' dir='ltr'><strong>missi</strong></span> <span class='ocrx_word' id='word_1_100' title='bbox 477 1260 686 1298; x_wconf 85' lang='lat' dir='ltr'><strong>habendum</strong></span> <span class='ocrx_word' id='word_1_101' title='bbox 714 1268 792 1311; x_wconf 84' lang='lat'>158,</span> <span class='ocrx_word' id='word_1_102' title='bbox 806 1279 851 1304; x_wconf 81' lang='lat'>20.</span> 
     </span>
    </p>
   </div>
   <div class='ocr_carea' id='block_1_5' title="bbox 315 1399 1040 1593">
    <p class='ocr_par' dir='ltr' id='par_1_6' title="bbox 316 1399 1040 1495">
     <span class='ocr_line' id='line_1_19' title="bbox 364 1399 1040 1448; baseline 0.019 -15"><span class='ocrx_word' id='word_1_103' title='bbox 364 1399 450 1434; x_wconf 88' lang='lat' dir='ltr'><strong>licet</strong></span> <span class='ocrx_word' id='word_1_104' title='bbox 467 1401 512 1436; x_wconf 91' lang='lat' dir='ltr'><strong>ab</strong></span> <span class='ocrx_word' id='word_1_105' title='bbox 530 1404 637 1448; x_wconf 82' lang='lat' dir='ltr'><strong>culpa</strong></span> <span class='ocrx_word' id='word_1_106' title='bbox 660 1408 1040 1446; x_wconf 88' lang='lat' dir='ltr'><strong>remotissimum</strong></span> 
     </span>
     <span class='ocr_line' id='line_1_20' title="bbox 316 1447 652 1495; baseline 0.024 -15"><span class='ocrx_word' id='word_1_107' title='bbox 316 1456 353 1480; x_wconf 89' lang='lat' dir='ltr'><strong>se</strong></span> <span class='ocrx_word' id='word_1_108' title='bbox 379 1447 488 1482; x_wconf 87' lang='lat' dir='ltr'><strong>sciret</strong></span> <span class='ocrx_word' id='word_1_109' title='bbox 515 1452 593 1495; x_wconf 91' lang='lat'>137,</span> <span class='ocrx_word' id='word_1_110' title='bbox 608 1462 652 1487; x_wconf 81' lang='lat'>25.</span> 
     </span>
    </p>

    <p class='ocr_par' dir='ltr' id='par_1_7' title="bbox 315 1493 1037 1593">
     <span class='ocr_line' id='line_1_21' title="bbox 361 1493 1037 1543; baseline 0.018 -15"><span class='ocrx_word' id='word_1_111' title='bbox 361 1493 399 1527; x_wconf 90' lang='lat' dir='ltr'><strong>id</strong></span> <span class='ocrx_word' id='word_1_112' title='bbox 435 1522 443 1530; x_wconf 97' lang='lat'>.</span> <span class='ocrx_word' id='word_1_113' title='bbox 471 1524 478 1532; x_wconf 89' lang='lat'>.</span> <span class='ocrx_word' id='word_1_114' title='bbox 506 1523 513 1532; x_wconf 95' lang='lat'>.</span> <span class='ocrx_word' id='word_1_115' title='bbox 548 1502 780 1543; x_wconf 86' lang='lat' dir='ltr'><strong>repetens</strong></span> <span class='ocrx_word' id='word_1_116' title='bbox 814 1502 947 1538; x_wconf 85' lang='lat' dir='ltr'><strong>iterum</strong></span> <span class='ocrx_word' id='word_1_117' title='bbox 972 1505 1037 1540; x_wconf 86' lang='lat' dir='ltr'><strong>ite-</strong></span> 
     </span>
     <span class='ocr_line' id='line_1_22' title="bbox 315 1546 822 1593; baseline 0.024 -19"><span class='ocrx_word' id='word_1_118' title='bbox 315 1551 470 1585; x_wconf 91' lang='lat' dir='ltr'><strong>rumque</strong></span> <span class='ocrx_word' id='word_1_119' title='bbox 494 1546 657 1590; x_wconf 84' lang='lat' dir='ltr'><strong>precepit</strong></span> <span class='ocrx_word' id='word_1_120' title='bbox 681 1549 763 1593; x_wconf 89' lang='lat'>290,</span> <span class='ocrx_word' id='word_1_121' title='bbox 778 1560 822 1585; x_wconf 83' lang='lat'>15.</span> 
     </span>
    </p>
   </div>
   <div class='ocr_carea' id='block_1_6' title="bbox 360 1587 1058 1643">
    <p class='ocr_par' dir='ltr' id='par_1_8' title="bbox 360 1587 1058 1643">
     <span class='ocr_line' id='line_1_23' title="bbox 360 1587 1058 1643; baseline 0.021 -21"><span class='ocrx_word' id='word_1_122' title='bbox 360 1587 434 1623; x_wconf 89' lang='lat' dir='ltr'><strong>Sed</strong></span> <span class='ocrx_word' id='word_1_123' title='bbox 450 1594 711 1636; x_wconf 85' lang='lat' dir='ltr'><strong>reputabat</strong></span> <span class='ocrx_word' id='word_1_124' title='bbox 727 1599 879 1632; x_wconf 83' lang='lat' dir='ltr'><strong>econtra</strong></span> <span class='ocrx_word' id='word_1_125' title='bbox 900 1601 978 1643; x_wconf 90' lang='lat'>160,</span> <span class='ocrx_word' id='word_1_126' title='bbox 990 1611 1034 1637; x_wconf 82' lang='lat'>25.</span> <span class='ocrx_word' id='word_1_127' title='bbox 1055 1624 1058 1627; x_wconf 78' lang='lat'><em>,</em></span> 
     </span>
    </p>
   </div>
   <div class='ocr_carea' id='block_1_7' title="bbox 310 1635 1037 1735">
    <p class='ocr_par' dir='ltr' id='par_1_9' title="bbox 310 1635 1037 1735">
     <span class='ocr_line' id='line_1_24' title="bbox 312 1635 1037 1690; baseline 0.023 -22"><span class='ocrx_word' id='word_1_128' title='bbox 312 1655 356 1660; x_wconf 92' lang='lat'><strong>—-</strong></span> <span class='ocrx_word' id='word_1_129' title='bbox 383 1635 456 1671; x_wconf 87' lang='lat' dir='ltr'><strong>Sed</strong></span> <span class='ocrx_word' id='word_1_130' title='bbox 482 1642 609 1674; x_wconf 86' lang='lat' dir='ltr'><strong>contra</strong></span> <span class='ocrx_word' id='word_1_131' title='bbox 632 1645 805 1686; x_wconf 85' lang='lat' dir='ltr'><strong>reputans</strong></span> <span class='ocrx_word' id='word_1_132' title='bbox 830 1647 911 1690; x_wconf 91' lang='lat'>262,</span> <span class='ocrx_word' id='word_1_133' title='bbox 927 1658 971 1683; x_wconf 82' lang='lat'>30.</span> <span class='ocrx_word' id='word_1_134' title='bbox 989 1668 1037 1673; x_wconf 83' lang='lat'>—</span> 
     </span>
     <span class='ocr_line' id='line_1_25' title="bbox 310 1682 886 1735; baseline 0.023 -19"><span class='ocrx_word' id='word_1_135' title='bbox 310 1682 375 1717; x_wconf 89' lang='lat' dir='ltr'><strong>sed</strong></span> <span class='ocrx_word' id='word_1_136' title='bbox 399 1688 571 1730; x_wconf 85' lang='lat' dir='ltr'><strong>reputans</strong></span> <span class='ocrx_word' id='word_1_137' title='bbox 597 1699 721 1723; x_wconf 89' lang='lat' dir='ltr'><strong>secum</strong></span> <span class='ocrx_word' id='word_1_138' title='bbox 747 1693 828 1735; x_wconf 93' lang='lat'>317,</span> <span class='ocrx_word' id='word_1_139' title='bbox 844 1703 886 1728; x_wconf 85' lang='lat'>15.</span> 
     </span>
    </p>
   </div>
   <div class='ocr_carea' id='block_1_8' title="bbox 291 1919 1030 2868">
    <p class='ocr_par' dir='ltr' id='par_1_10' title="bbox 302 1919 1030 2112">
     <span class='ocr_line' id='line_1_26' title="bbox 351 1919 1030 1974; baseline 0.019 -21"><span class='ocrx_word' id='word_1_140' title='bbox 351 1919 452 1955; x_wconf 89' lang='lat' dir='ltr'><strong>Illud</strong></span> <span class='ocrx_word' id='word_1_141' title='bbox 469 1924 612 1958; x_wconf 79' lang='lat' dir='ltr'><strong>tantum</strong></span> <span class='ocrx_word' id='word_1_142' title='bbox 629 1925 698 1960; x_wconf 90' lang='lat' dir='ltr'><strong>sibi</strong></span> <span class='ocrx_word' id='word_1_143' title='bbox 714 1937 735 1960; x_wconf 88' lang='lat' dir='ltr'><strong>a</strong></span> <span class='ocrx_word' id='word_1_144' title='bbox 751 1938 810 1962; x_wconf 86' lang='lat' dir='ltr'><strong>me</strong></span> <span class='ocrx_word' id='word_1_145' title='bbox 833 1940 907 1964; x_wconf 86' lang='lat' dir='ltr'><strong>res</strong></span> <span class='ocrx_word' id='word_1_146' title='bbox 917 1941 941 1974; x_wconf 92' lang='lat' dir='ltr'><strong>p</strong></span> <span class='ocrx_word' id='word_1_147' title='bbox 953 1941 974 1964; x_wconf 94' lang='lat' dir='ltr'><strong>o</strong></span> <span class='ocrx_word' id='word_1_148' title='bbox 985 1942 1030 1965; x_wconf 89' lang='lat' dir='ltr'><strong>n-</strong></span> 
     </span>
     <span class='ocr_line' id='line_1_27' title="bbox 305 1968 1030 2020; baseline 0.018 -20"><span class='ocrx_word' id='word_1_149' title='bbox 305 1977 402 2001; x_wconf 92' lang='lat' dir='ltr'><strong>sum</strong></span> <span class='ocrx_word' id='word_1_150' title='bbox 437 1968 571 2004; x_wconf 86' lang='lat' dir='ltr'><strong>habeat</strong></span> <span class='ocrx_word' id='word_1_151' title='bbox 605 1971 750 2016; x_wconf 90' lang='lat' dir='ltr'><strong>iniquus</strong></span> <span class='ocrx_word' id='word_1_152' title='bbox 780 1974 840 2010; x_wconf 88' lang='lat' dir='ltr'><strong>ille</strong></span> <span class='ocrx_word' id='word_1_153' title='bbox 866 1977 1030 2020; x_wconf 87' lang='lat' dir='ltr'><strong>quicum-</strong></span> 
     </span>
     <span class='ocr_line' id='line_1_28' title="bbox 304 2015 1030 2069; baseline 0.017 -21"><span class='ocrx_word' id='word_1_154' title='bbox 304 2015 376 2057; x_wconf 79' lang='lat' dir='ltr'><strong>que</strong></span> <span class='ocrx_word' id='word_1_155' title='bbox 409 2018 490 2060; x_wconf 86' lang='lat'>340,</span> <span class='ocrx_word' id='word_1_156' title='bbox 507 2028 550 2053; x_wconf 84' lang='lat'>10.</span> <span class='ocrx_word' id='word_1_157' title='bbox 588 2038 630 2043; x_wconf 84' lang='lat'><strong>-—</strong></span> <span class='ocrx_word' id='word_1_158' title='bbox 665 2019 734 2054; x_wconf 91' lang='lat' dir='ltr'><strong>hoc</strong></span> <span class='ocrx_word' id='word_1_159' title='bbox 770 2022 837 2057; x_wconf 90' lang='lat' dir='ltr'><strong>sibi</strong></span> <span class='ocrx_word' id='word_1_160' title='bbox 866 2026 1030 2069; x_wconf 87' lang='lat' dir='ltr'><strong>responsi</strong></span> 
     </span>
     <span class='ocr_line' id='line_1_29' title="bbox 302 2060 844 2112; baseline 0.022 -18"><span class='ocrx_word' id='word_1_161' title='bbox 302 2060 436 2096; x_wconf 84' lang='lat' dir='ltr'><strong>habeat</strong></span> <span class='ocrx_word' id='word_1_162' title='bbox 460 2064 679 2109; x_wconf 89' lang='lat' dir='ltr'><strong>quicumque</strong></span> <span class='ocrx_word' id='word_1_163' title='bbox 703 2070 844 2112; x_wconf 79' lang='lat'>348,15.</span> 
     </span>
    </p>

    <p class='ocr_par' dir='ltr' id='par_1_11' title="bbox 295 2110 1027 2584">
     <span class='ocr_line' id='line_1_30' title="bbox 350 2110 1027 2156; baseline 0.018 -14"><span class='ocrx_word' id='word_1_164' title='bbox 350 2110 512 2155; x_wconf 88' lang='lat' dir='ltr'><strong>caeteris,</strong></span> <span class='ocrx_word' id='word_1_165' title='bbox 547 2112 678 2156; x_wconf 88' lang='lat' dir='ltr'><strong>quibus</strong></span> <span class='ocrx_word' id='word_1_166' title='bbox 713 2126 821 2150; x_wconf 86' lang='lat' dir='ltr'><strong>curae</strong></span> <span class='ocrx_word' id='word_1_167' title='bbox 850 2120 928 2151; x_wconf 90' lang='lat' dir='ltr'><strong>erat</strong></span> <span class='ocrx_word' id='word_1_168' title='bbox 952 2130 1027 2154; x_wconf 89' lang='lat' dir='ltr'><strong>res</strong></span> 
     </span>
     <span class='ocr_line' id='line_1_31' title="bbox 300 2155 1025 2210; baseline 0.017 -22"><span class='ocrx_word' id='word_1_169' title='bbox 300 2155 500 2199; x_wconf 87' lang='lat' dir='ltr'><strong>publica</strong></span> <span class='ocrx_word' id='word_1_170' title='bbox 536 2161 655 2204; x_wconf 87' lang='lat'>101‚5.</span> <span class='ocrx_word' id='word_1_171' title='bbox 694 2181 736 2186; x_wconf 94' lang='lat'><strong>—</strong></span> <span class='ocrx_word' id='word_1_172' title='bbox 772 2163 817 2198; x_wconf 87' lang='lat' dir='ltr'><strong>ab</strong></span> <span class='ocrx_word' id='word_1_173' title='bbox 847 2165 1025 2210; x_wconf 83' lang='lat' dir='ltr'><strong>omnibus,</strong></span> 
     </span>
     <span class='ocr_line' id='line_1_32' title="bbox 301 2202 1026 2251; baseline 0.015 -15"><span class='ocrx_word' id='word_1_174' title='bbox 301 2202 432 2246; x_wconf 89' lang='lat' dir='ltr'><strong>quibus</strong></span> <span class='ocrx_word' id='word_1_175' title='bbox 473 2215 531 2240; x_wconf 90' lang='lat' dir='ltr'><strong>res</strong></span> <span class='ocrx_word' id='word_1_176' title='bbox 579 2207 727 2251; x_wconf 88' lang='lat' dir='ltr'><strong>publica</strong></span> <span class='ocrx_word' id='word_1_177' title='bbox 776 2221 883 2245; x_wconf 81' lang='lat' dir='ltr'><strong>curae</strong></span> <span class='ocrx_word' id='word_1_178' title='bbox 933 2216 1026 2248; x_wconf 87' lang='lat' dir='ltr'><strong>esset</strong></span> 
     </span>
     <span class='ocr_line' id='line_1_33' title="bbox 300 2251 1024 2302; baseline 0.014 -17"><span class='ocrx_word' id='word_1_179' title='bbox 300 2251 381 2294; x_wconf 88' lang='lat'>239,</span> <span class='ocrx_word' id='word_1_180' title='bbox 396 2262 441 2288; x_wconf 91' lang='lat'>10.</span> <span class='ocrx_word' id='word_1_181' title='bbox 470 2272 511 2277; x_wconf 89' lang='lat'><strong>—-</strong></span> <span class='ocrx_word' id='word_1_182' title='bbox 539 2254 670 2298; x_wconf 89' lang='lat' dir='ltr'><strong>quibus</strong></span> <span class='ocrx_word' id='word_1_183' title='bbox 701 2256 754 2291; x_wconf 86' lang='lat' dir='ltr'><strong>rei</strong></span> <span class='ocrx_word' id='word_1_184' title='bbox 778 2258 946 2302; x_wconf 85' lang='lat' dir='ltr'><strong>publicae</strong></span> <span class='ocrx_word' id='word_1_185' title='bbox 972 2260 1024 2294; x_wconf 90' lang='lat' dir='ltr'><strong>di-</strong></span> 
     </span>
     <span class='ocr_line' id='line_1_34' title="bbox 298 2297 1023 2350; baseline 0.017 -20"><span class='ocrx_word' id='word_1_186' title='bbox 298 2297 418 2341; x_wconf 83' lang='lat' dir='ltr'><strong>gnitas</strong></span> <span class='ocrx_word' id='word_1_187' title='bbox 436 2310 544 2335; x_wconf 85' lang='lat' dir='ltr'><strong>curae</strong></span> <span class='ocrx_word' id='word_1_188' title='bbox 562 2300 631 2336; x_wconf 86' lang='lat' dir='ltr'><strong>fuit</strong></span> <span class='ocrx_word' id='word_1_189' title='bbox 655 2305 737 2345; x_wconf 83' lang='lat'>284,</span> <span class='ocrx_word' id='word_1_190' title='bbox 751 2315 796 2341; x_wconf 83' lang='lat'>20.</span> <span class='ocrx_word' id='word_1_191' title='bbox 817 2326 859 2331; x_wconf 93' lang='lat'>—</span> <span class='ocrx_word' id='word_1_192' title='bbox 878 2306 1023 2350; x_wconf 90' lang='lat' dir='ltr'><strong>quibus-</strong></span> 
     </span>
     <span class='ocr_line' id='line_1_35' title="bbox 298 2349 1024 2393; baseline 0.015 -15"><span class='ocrx_word' id='word_1_193' title='bbox 298 2355 455 2389; x_wconf 88' lang='lat' dir='ltr'><strong>cumque</strong></span> <span class='ocrx_word' id='word_1_194' title='bbox 495 2359 552 2382; x_wconf 90' lang='lat' dir='ltr'><strong>res</strong></span> <span class='ocrx_word' id='word_1_195' title='bbox 593 2349 740 2393; x_wconf 87' lang='lat' dir='ltr'><strong>publica</strong></span> <span class='ocrx_word' id='word_1_196' title='bbox 780 2363 888 2388; x_wconf 84' lang='lat' dir='ltr'><strong>curae</strong></span> <span class='ocrx_word' id='word_1_197' title='bbox 929 2354 1024 2390; x_wconf 86' lang='lat' dir='ltr'><strong>foret</strong></span> 
     </span>
     <span class='ocr_line' id='line_1_36' title="bbox 297 2393 1022 2443; baseline 0.015 -17"><span class='ocrx_word' id='word_1_198' title='bbox 297 2393 379 2436; x_wconf 90' lang='lat'>301,</span> <span class='ocrx_word' id='word_1_199' title='bbox 393 2404 438 2429; x_wconf 83' lang='lat'>20.</span> <span class='ocrx_word' id='word_1_200' title='bbox 467 2414 509 2419; x_wconf 92' lang='lat'><em>—</em></span> <span class='ocrx_word' id='word_1_201' title='bbox 536 2397 715 2442; x_wconf 88' lang='lat' dir='ltr'><strong>omnibus,</strong></span> <span class='ocrx_word' id='word_1_202' title='bbox 745 2400 874 2443; x_wconf 89' lang='lat' dir='ltr'><strong>quibus</strong></span> <span class='ocrx_word' id='word_1_203' title='bbox 899 2412 1022 2436; x_wconf 89' lang='lat' dir='ltr'><strong>rerum</strong></span> 
     </span>
     <span class='ocr_line' id='line_1_37' title="bbox 295 2439 1022 2492; baseline 0.017 -20"><span class='ocrx_word' id='word_1_204' title='bbox 295 2439 525 2482; x_wconf 85' lang='lat' dir='ltr'><strong>publicarum</strong></span> <span class='ocrx_word' id='word_1_205' title='bbox 560 2443 764 2480; x_wconf 87' lang='lat' dir='ltr'><strong>sollicitudo</strong></span> <span class='ocrx_word' id='word_1_206' title='bbox 798 2447 919 2492; x_wconf 87' lang='lat' dir='ltr'><strong>aliqua</strong></span> <span class='ocrx_word' id='word_1_207' title='bbox 944 2452 1022 2484; x_wconf 88' lang='lat' dir='ltr'><strong>erat</strong></span> 
     </span>
     <span class='ocr_line' id='line_1_38' title="bbox 297 2487 1020 2540; baseline 0.015 -20"><span class='ocrx_word' id='word_1_208' title='bbox 297 2487 353 2528; x_wconf 90' lang='lat'>71,</span> <span class='ocrx_word' id='word_1_209' title='bbox 372 2498 417 2522; x_wconf 82' lang='lat'>20.</span> <span class='ocrx_word' id='word_1_210' title='bbox 458 2509 500 2512; x_wconf 97' lang='lat'><strong>—</strong></span> <span class='ocrx_word' id='word_1_211' title='bbox 538 2490 599 2523; x_wconf 86' lang='lat' dir='ltr'><strong>alii</strong></span> <span class='ocrx_word' id='word_1_212' title='bbox 637 2502 726 2535; x_wconf 89' lang='lat' dir='ltr'><strong>quos</strong></span> <span class='ocrx_word' id='word_1_213' title='bbox 763 2494 817 2528; x_wconf 91' lang='lat' dir='ltr'><strong>rei</strong></span> <span class='ocrx_word' id='word_1_214' title='bbox 853 2496 1020 2540; x_wconf 85' lang='lat' dir='ltr'><strong>publicae</strong></span> 
     </span>
     <span class='ocr_line' id='line_1_39' title="bbox 296 2532 842 2584; baseline 0.022 -18"><span class='ocrx_word' id='word_1_215' title='bbox 296 2532 483 2569; x_wconf 85' lang='lat' dir='ltr'><strong>calamitas</strong></span> <span class='ocrx_word' id='word_1_216' title='bbox 507 2538 679 2573; x_wconf 88' lang='lat' dir='ltr'><strong>movebat</strong></span> <span class='ocrx_word' id='word_1_217' title='bbox 702 2542 783 2584; x_wconf 87' lang='lat'>273,</span> <span class='ocrx_word' id='word_1_218' title='bbox 798 2552 842 2577; x_wconf 78' lang='lat'>25.</span> 
     </span>
    </p>

    <p class='ocr_par' dir='ltr' id='par_1_12' title="bbox 342 2581 1019 2626">
     <span class='ocr_line' id='line_1_40' title="bbox 342 2581 1019 2626; baseline 0.016 -12"><span class='ocrx_word' id='word_1_219' title='bbox 342 2581 442 2616; x_wconf 85' lang='lat' dir='ltr'><strong>cuius</strong></span> <span class='ocrx_word' id='word_1_220' title='bbox 476 2583 683 2620; x_wconf 88' lang='lat' dir='ltr'><strong>iracundiae</strong></span> <span class='ocrx_word' id='word_1_221' title='bbox 719 2587 927 2623; x_wconf 88' lang='lat' dir='ltr'><strong>incendium</strong></span> <span class='ocrx_word' id='word_1_222' title='bbox 952 2602 1019 2626; x_wconf 89' lang='lat' dir='ltr'><strong>nec</strong></span> 
     </span>
    </p>

    <p class='ocr_par' dir='ltr' id='par_1_13' title="bbox 291 2629 1016 2868">
     <span class='ocr_line' id='line_1_41' title="bbox 331 2629 717 2669; baseline 0.026 -9"><span class='ocrx_word' id='word_1_223' title='bbox 331 2653 338 2660; x_wconf 93' lang='lat'>.</span> <span class='ocrx_word' id='word_1_224' title='bbox 366 2653 374 2661; x_wconf 94' lang='lat'>.</span> <span class='ocrx_word' id='word_1_225' title='bbox 400 2629 618 2666; x_wconf 85' lang='lat' dir='ltr'><strong>inundantes</strong></span> <span class='ocrx_word' id='word_1_226' title='bbox 645 2661 652 2668; x_wconf 95' lang='lat'>.</span> <span class='ocrx_word' id='word_1_227' title='bbox 678 2661 685 2669; x_wconf 98' lang='lat'>.</span> <span class='ocrx_word' id='word_1_228' title='bbox 711 2662 717 2669; x_wconf 93' lang='lat'>.</span> 
     </span>
     <span class='ocr_line' id='line_1_42' title="bbox 292 2675 1015 2727; baseline 0.019 -20"><span class='ocrx_word' id='word_1_229' title='bbox 292 2675 604 2722; x_wconf 84' lang='lat' dir='ltr'><strong>restinguere</strong></span> <span class='ocrx_word' id='word_1_230' title='bbox 638 2681 840 2724; x_wconf 88' lang='lat' dir='ltr'><strong>potuissent</strong></span> <span class='ocrx_word' id='word_1_231' title='bbox 874 2686 1015 2727; x_wconf 86' lang='lat'>234‚15.</span> 
     </span>
     <span class='ocr_line' id='line_1_43' title="bbox 294 2725 1016 2766; baseline 0.017 -11"><span class='ocrx_word' id='word_1_232' title='bbox 294 2741 337 2745; x_wconf 91' lang='lat'>—</span> <span class='ocrx_word' id='word_1_233' title='bbox 364 2733 447 2756; x_wconf 87' lang='lat' dir='ltr'><strong>cum</strong></span> <span class='ocrx_word' id='word_1_234' title='bbox 470 2752 477 2760; x_wconf 93' lang='lat'>.</span> <span class='ocrx_word' id='word_1_235' title='bbox 496 2753 503 2759; x_wconf 94' lang='lat'>.</span> <span class='ocrx_word' id='word_1_236' title='bbox 523 2752 532 2760; x_wconf 92' lang='lat'>.</span> <span class='ocrx_word' id='word_1_237' title='bbox 555 2725 780 2763; x_wconf 87' lang='lat' dir='ltr'><strong>inexorabile</strong></span> <span class='ocrx_word' id='word_1_238' title='bbox 804 2757 811 2765; x_wconf 90' lang='lat'>.</span> <span class='ocrx_word' id='word_1_239' title='bbox 832 2758 838 2765; x_wconf 95' lang='lat'>.</span> <span class='ocrx_word' id='word_1_240' title='bbox 859 2759 867 2766; x_wconf 90' lang='lat'>.</span> <span class='ocrx_word' id='word_1_241' title='bbox 890 2731 1016 2766; x_wconf 92' lang='lat' dir='ltr'><strong>odium</strong></span> 
     </span>
     <span class='ocr_line' id='line_1_44' title="bbox 293 2773 1014 2823; baseline 0.015 -21"><span class='ocrx_word' id='word_1_242' title='bbox 293 2794 301 2803; x_wconf 97' lang='lat'>.</span> <span class='ocrx_word' id='word_1_243' title='bbox 329 2795 337 2803; x_wconf 94' lang='lat'>.</span> <span class='ocrx_word' id='word_1_244' title='bbox 366 2794 374 2802; x_wconf 93' lang='lat'>.</span> <span class='ocrx_word' id='word_1_245' title='bbox 399 2781 467 2804; x_wconf 92' lang='lat' dir='ltr'><strong>nec</strong></span> <span class='ocrx_word' id='word_1_246' title='bbox 492 2773 615 2807; x_wconf 85' lang='lat' dir='ltr'><strong>tantus</strong></span> <span class='ocrx_word' id='word_1_247' title='bbox 642 2800 650 2808; x_wconf 91' lang='lat'>.</span> <span class='ocrx_word' id='word_1_248' title='bbox 675 2802 682 2810; x_wconf 94' lang='lat'>.</span> <span class='ocrx_word' id='word_1_249' title='bbox 709 2803 716 2811; x_wconf 89' lang='lat'>.</span> <span class='ocrx_word' id='word_1_250' title='bbox 743 2775 843 2811; x_wconf 88' lang='lat' dir='ltr'><strong>fusus</strong></span> <span class='ocrx_word' id='word_1_251' title='bbox 869 2779 1014 2823; x_wconf 81' lang='lat' dir='ltr'><strong>sang-uis</strong></span> 
     </span>
     <span class='ocr_line' id='line_1_45' title="bbox 291 2815 1013 2868; baseline 0.018 -21"><span class='ocrx_word' id='word_1_252' title='bbox 291 2815 517 2853; x_wconf 84' lang='lat' dir='ltr'><strong>restinxisset</strong></span> <span class='ocrx_word' id='word_1_253' title='bbox 551 2822 692 2864; x_wconf 86' lang='lat'>272,15.</span> <span class='ocrx_word' id='word_1_254' title='bbox 719 2843 763 2848; x_wconf 85' lang='lat'>—</span> <span class='ocrx_word' id='word_1_255' title='bbox 789 2823 927 2868; x_wconf 76' lang='lat' dir='ltr'><strong>Quodsi</strong></span> <span class='ocrx_word' id='word_1_256' title='bbox 960 2826 1013 2861; x_wconf 91' lang='lat' dir='ltr'><strong>ira</strong></span> 
     </span>
    </p>
   </div>
   <div class='ocr_carea' id='block_1_9' title="bbox 744 2634 1147 2682">
    <p class='ocr_par' dir='ltr' id='par_1_14' title="bbox 744 2634 1147 2682">
     <span class='ocr_line' id='line_1_46' title="bbox 744 2634 1147 2682; baseline 0.02 -14"><span class='ocrx_word' id='word_1_257' title='bbox 744 2634 812 2669; x_wconf 86' lang='lat' dir='ltr'><strong>rivi</strong></span> <span class='ocrx_word' id='word_1_258' title='bbox 834 2638 1018 2682; x_wconf 80' lang='lat' dir='ltr'><strong>sanguinis</strong></span> <span class='ocrx_word' id='word_1_259' title='bbox 1068 2668 1075 2675; x_wconf 96' lang='lat'>.</span> <span class='ocrx_word' id='word_1_260' title='bbox 1105 2668 1111 2676; x_wconf 94' lang='lat'>.</span> <span class='ocrx_word' id='word_1_261' title='bbox 1140 2669 1147 2676; x_wconf 94' lang='lat'>.</span> 
     </span>
    </p>
   </div>
   <div class='ocr_carea' id='block_1_10' title="bbox 825 201 1362 249">
    <p class='ocr_par' dir='ltr' id='par_1_15' title="bbox 825 201 1362 249">
     <span class='ocr_line' id='line_1_47' title="bbox 825 201 1362 249; baseline 0.02 -12"><span class='ocrx_word' id='word_1_262' title='bbox 825 201 987 240; x_wconf 82' lang='lat' dir='ltr'>INDEX</span> <span class='ocrx_word' id='word_1_263' title='bbox 1011 205 1362 249; x_wconf 85' lang='lat' dir='ltr'>LOCUTIONUM.</span> 
     </span>
    </p>
   </div>
   <div class='ocr_carea' id='block_1_11' title="bbox 1484 333 1837 383">
    <p class='ocr_par' dir='ltr' id='par_1_16' title="bbox 1484 333 1837 383">
     <span class='ocr_line' id='line_1_48' title="bbox 1484 333 1837 383; baseline 0.014 -15"><span class='ocrx_word' id='word_1_264' title='bbox 1484 361 1492 369; x_wconf 92' lang='lat'>.</span> <span class='ocrx_word' id='word_1_265' title='bbox 1526 333 1617 369; x_wconf 88' lang='lat' dir='ltr'><strong>nihil</strong></span> <span class='ocrx_word' id='word_1_266' title='bbox 1651 335 1837 383; x_wconf 87' lang='lat' dir='ltr'><strong>reliqui</strong></span> 
     </span>
    </p>
   </div>
   <div class='ocr_carea' id='block_1_12' title="bbox 1105 424 1834 698">
    <p class='ocr_par' dir='ltr' id='par_1_17' title="bbox 1105 424 1834 698">
     <span class='ocr_line' id='line_1_49' title="bbox 1108 424 1834 476; baseline 0.019 -21"><span class='ocrx_word' id='word_1_267' title='bbox 1108 424 1255 466; x_wconf 82' lang='lat' dir='ltr'><strong>praeter</strong></span> <span class='ocrx_word' id='word_1_268' title='bbox 1278 424 1449 460; x_wconf 87' lang='lat' dir='ltr'><strong>miseram</strong></span> <span class='ocrx_word' id='word_1_269' title='bbox 1474 427 1652 474; x_wconf 76' lang='lat' dir='ltr'><strong>animam3</strong></span> <span class='ocrx_word' id='word_1_270' title='bbox 1685 432 1756 476; x_wconf 88' lang='grc'><strong>(20.</strong></span> <span class='ocrx_word' id='word_1_271' title='bbox 1781 433 1834 468; x_wconf 81' lang='lat' dir='ltr'><strong>vi-</strong></span> 
     </span>
     <span class='ocr_line' id='line_1_50' title="bbox 1108 470 1831 523; baseline 0.021 -21"><span class='ocrx_word' id='word_1_272' title='bbox 1108 470 1185 503; x_wconf 87' lang='lat' dir='ltr'><strong>tam</strong></span> <span class='ocrx_word' id='word_1_273' title='bbox 1209 470 1394 518; x_wconf 87' lang='lat' dir='ltr'><strong>miseram)</strong></span> <span class='ocrx_word' id='word_1_274' title='bbox 1416 478 1474 510; x_wconf 79' lang='lat' dir='ltr'><strong>eto.</strong></span> <span class='ocrx_word' id='word_1_275' title='bbox 1504 495 1545 500; x_wconf 94' lang='lat'>—</span> <span class='ocrx_word' id='word_1_276' title='bbox 1572 477 1650 513; x_wconf 72' lang='lat' dir='ltr'>Liv.</span> <span class='ocrx_word' id='word_1_277' title='bbox 1678 479 1760 523; x_wconf 85' lang='lat' dir='ltr'>VII,</span> <span class='ocrx_word' id='word_1_278' title='bbox 1774 481 1831 518; x_wconf 74' lang='lat'>35.</span> 
     </span>
     <span class='ocr_line' id='line_1_51' title="bbox 1109 522 1830 564; baseline 0.019 -14"><span class='ocrx_word' id='word_1_279' title='bbox 1109 526 1192 551; x_wconf 92' lang='lat' dir='ltr'><strong>cum</strong></span> <span class='ocrx_word' id='word_1_280' title='bbox 1226 522 1374 562; x_wconf 86' lang='lat' dir='ltr'><strong>praeter</strong></span> <span class='ocrx_word' id='word_1_281' title='bbox 1397 531 1500 556; x_wconf 86' lang='lat' dir='ltr'><strong>arma</strong></span> <span class='ocrx_word' id='word_1_282' title='bbox 1525 525 1562 558; x_wconf 88' lang='lat' dir='ltr'><strong>et</strong></span> <span class='ocrx_word' id='word_1_283' title='bbox 1586 523 1726 561; x_wconf 78' lang='lat' dir='ltr'><strong>animos</strong></span> <span class='ocrx_word' id='word_1_284' title='bbox 1751 552 1760 562; x_wconf 91' lang='lat'>.</span> <span class='ocrx_word' id='word_1_285' title='bbox 1786 555 1795 564; x_wconf 87' lang='lat'>.</span> <span class='ocrx_word' id='word_1_286' title='bbox 1823 556 1830 564; x_wconf 97' lang='lat'>.</span> 
     </span>
     <span class='ocr_line' id='line_1_52' title="bbox 1106 563 1830 619; baseline 0.018 -22"><span class='ocrx_word' id='word_1_287' title='bbox 1106 563 1198 598; x_wconf 87' lang='lat' dir='ltr'><strong>nihil</strong></span> <span class='ocrx_word' id='word_1_288' title='bbox 1223 566 1327 601; x_wconf 89' lang='lat' dir='ltr'><strong>nobis</strong></span> <span class='ocrx_word' id='word_1_289' title='bbox 1354 567 1502 604; x_wconf 84' lang='lat' dir='ltr'><strong>fortuna</strong></span> <span class='ocrx_word' id='word_1_290' title='bbox 1525 570 1657 616; x_wconf 85' lang='lat' dir='ltr'><strong>reliqui</strong></span> <span class='ocrx_word' id='word_1_291' title='bbox 1682 571 1830 619; x_wconf 76' lang='lat' dir='ltr'><strong>fecerit3</strong></span> 
     </span>
     <span class='ocr_line' id='line_1_53' title="bbox 1106 611 1831 667; baseline 0.019 -23"><span class='ocrx_word' id='word_1_292' title='bbox 1106 611 1230 655; x_wconf 88' lang='lat' dir='ltr'><strong>XXV,</strong></span> <span class='ocrx_word' id='word_1_293' title='bbox 1264 615 1318 650; x_wconf 85' lang='lat'>16.</span> <span class='ocrx_word' id='word_1_294' title='bbox 1362 616 1461 659; x_wconf 90' lang='lat' dir='ltr'><strong>quod</strong></span> <span class='ocrx_word' id='word_1_295' title='bbox 1497 628 1612 653; x_wconf 87' lang='lat' dir='ltr'><strong>unum</strong></span> <span class='ocrx_word' id='word_1_296' title='bbox 1638 620 1831 667; x_wconf 30' lang='lat' dir='ltr'><strong>,reliquum</strong></span> 
     </span>
     <span class='ocr_line' id='line_1_54' title="bbox 1105 657 1416 698; baseline 0.019 -7"><span class='ocrx_word' id='word_1_297' title='bbox 1105 657 1252 694; x_wconf 85' lang='lat' dir='ltr'><strong>fortuna</strong></span> <span class='ocrx_word' id='word_1_298' title='bbox 1277 660 1416 698; x_wconf 87' lang='lat' dir='ltr'><strong>fecerit.</strong></span> 
     </span>
    </p>
   </div>
   <div class='ocr_carea' id='block_1_13' title="bbox 1078 800 1828 2121">
    <p class='ocr_par' dir='ltr' id='par_1_18' title="bbox 1094 800 1828 1214">
     <span class='ocr_line' id='line_1_55' title="bbox 1155 800 1828 855; baseline 0.018 -21"><span class='ocrx_word' id='word_1_299' title='bbox 1155 800 1290 838; x_wconf 80' lang='lat' dir='ltr'><strong>Terent.</strong></span> <span class='ocrx_word' id='word_1_300' title='bbox 1316 803 1461 841; x_wconf 76' lang='lat' dir='ltr'><strong>Phorm.</strong></span> <span class='ocrx_word' id='word_1_301' title='bbox 1486 806 1546 850; x_wconf 88' lang='lat' dir='ltr'>II,</span> <span class='ocrx_word' id='word_1_302' title='bbox 1573 809 1614 852; x_wconf 89' lang='lat'><strong>2,</strong></span> <span class='ocrx_word' id='word_1_303' title='bbox 1638 810 1697 845; x_wconf 82' lang='lat'><strong>24.</strong></span> <span class='ocrx_word' id='word_1_304' title='bbox 1728 809 1828 855; x_wconf 84' lang='lat' dir='ltr'><strong>quod</strong></span> 
     </span>
     <span class='ocr_line' id='line_1_56' title="bbox 1102 847 1826 893; baseline 0.019 -13"><span class='ocrx_word' id='word_1_305' title='bbox 1102 856 1170 892; x_wconf 88' lang='lat' dir='ltr'><strong>ego</strong></span> <span class='ocrx_word' id='word_1_306' title='bbox 1205 847 1289 884; x_wconf 93' lang='lat' dir='ltr'><strong>huic</strong></span> <span class='ocrx_word' id='word_1_307' title='bbox 1322 861 1420 886; x_wconf 90' lang='lat' dir='ltr'><strong>nunc</strong></span> <span class='ocrx_word' id='word_1_308' title='bbox 1455 853 1574 889; x_wconf 90' lang='lat' dir='ltr'><strong>subito</strong></span> <span class='ocrx_word' id='word_1_309' title='bbox 1609 855 1722 892; x_wconf 87' lang='lat' dir='ltr'><strong>exitio</strong></span> <span class='ocrx_word' id='word_1_310' title='bbox 1751 868 1826 893; x_wconf 85' lang='lat' dir='ltr'><strong>re-</strong></span> 
     </span>
     <span class='ocr_line' id='line_1_57' title="bbox 1101 894 1826 950; baseline 0.019 -23"><span class='ocrx_word' id='word_1_311' title='bbox 1101 904 1137 928; x_wconf 91' lang='lat' dir='ltr'><strong>m</strong></span> <span class='ocrx_word' id='word_1_312' title='bbox 1149 894 1260 930; x_wconf 88' lang='lat' dir='ltr'><strong>ediu</strong></span> <span class='ocrx_word' id='word_1_313' title='bbox 1271 908 1307 931; x_wconf 92' lang='lat' dir='ltr'><strong>m</strong></span> <span class='ocrx_word' id='word_1_314' title='bbox 1332 897 1533 944; x_wconf 76' lang='lat' dir='ltr'><strong>inveniam3</strong></span> <span class='ocrx_word' id='word_1_315' title='bbox 1557 902 1611 946; x_wconf 91' lang='lat' dir='ltr'>II,</span> <span class='ocrx_word' id='word_1_316' title='bbox 1626 905 1660 947; x_wconf 91' lang='lat'><strong>2,</strong></span> <span class='ocrx_word' id='word_1_317' title='bbox 1677 906 1710 941; x_wconf 90' lang='lat'><strong>9.</strong></span> <span class='ocrx_word' id='word_1_318' title='bbox 1727 904 1826 950; x_wconf 88' lang='lat' dir='ltr'><strong>quod</strong></span> 
     </span>
     <span class='ocr_line' id='line_1_58' title="bbox 1100 941 1824 987; baseline 0.018 -12"><span class='ocrx_word' id='word_1_319' title='bbox 1100 941 1176 976; x_wconf 89' lang='lat' dir='ltr'><strong>eius</strong></span> <span class='ocrx_word' id='word_1_320' title='bbox 1217 944 1420 980; x_wconf 86' lang='lat' dir='ltr'><strong>remedium</strong></span> <span class='ocrx_word' id='word_1_321' title='bbox 1460 947 1643 984; x_wconf 81' lang='lat' dir='ltr'><strong>inveniam</strong></span> <span class='ocrx_word' id='word_1_322' title='bbox 1683 950 1824 987; x_wconf 77' lang='lat' dir='ltr'><strong>iracun-</strong></span> 
     </span>
     <span class='ocr_line' id='line_1_59' title="bbox 1099 988 1823 1043; baseline 0.019 -21"><span class='ocrx_word' id='word_1_323' title='bbox 1099 988 1199 1032; x_wconf 84' lang='lat' dir='ltr'><strong>diae3</strong></span> <span class='ocrx_word' id='word_1_324' title='bbox 1234 992 1351 1028; x_wconf 79' lang='lat' dir='ltr'><strong>Andr.</strong></span> <span class='ocrx_word' id='word_1_325' title='bbox 1375 994 1456 1037; x_wconf 91' lang='lat' dir='ltr'>III,</span> <span class='ocrx_word' id='word_1_326' title='bbox 1484 997 1516 1039; x_wconf 92' lang='lat'>1,</span> <span class='ocrx_word' id='word_1_327' title='bbox 1545 998 1599 1034; x_wconf 89' lang='lat'>10.</span> <span class='ocrx_word' id='word_1_328' title='bbox 1634 997 1742 1043; x_wconf 77' lang='lat' dir='ltr'><strong>Quod</strong></span> <span class='ocrx_word' id='word_1_329' title='bbox 1765 1010 1823 1035; x_wconf 88' lang='lat' dir='ltr'><strong>re-</strong></span> 
     </span>
     <span class='ocr_line' id='line_1_60' title="bbox 1097 1036 1822 1083; baseline 0.018 -13"><span class='ocrx_word' id='word_1_330' title='bbox 1097 1036 1260 1072; x_wconf 90' lang='lat' dir='ltr'><strong>medium</strong></span> <span class='ocrx_word' id='word_1_331' title='bbox 1305 1051 1403 1075; x_wconf 90' lang='lat' dir='ltr'><strong>nunc</strong></span> <span class='ocrx_word' id='word_1_332' title='bbox 1448 1041 1534 1078; x_wconf 86' lang='lat' dir='ltr'><strong>huic</strong></span> <span class='ocrx_word' id='word_1_333' title='bbox 1579 1045 1676 1080; x_wconf 78' lang='lat' dir='ltr'><strong>malo</strong></span> <span class='ocrx_word' id='word_1_334' title='bbox 1721 1045 1822 1083; x_wconf 86' lang='lat' dir='ltr'><strong>inve-</strong></span> 
     </span>
     <span class='ocr_line' id='line_1_61' title="bbox 1098 1083 1820 1138; baseline 0.021 -21"><span class='ocrx_word' id='word_1_335' title='bbox 1098 1083 1207 1120; x_wconf 83' lang='lat' dir='ltr'><strong>niam.</strong></span> <span class='ocrx_word' id='word_1_336' title='bbox 1228 1105 1270 1110; x_wconf 92' lang='lat'><strong>—</strong></span> <span class='ocrx_word' id='word_1_337' title='bbox 1289 1087 1405 1124; x_wconf 82' lang='lat' dir='ltr'><strong>Amm.</strong></span> <span class='ocrx_word' id='word_1_338' title='bbox 1425 1089 1540 1127; x_wconf 76' lang='lat' dir='ltr'><strong>Marc.</strong></span> <span class='ocrx_word' id='word_1_339' title='bbox 1563 1092 1670 1135; x_wconf 86' lang='lat' dir='ltr'><strong>XXI,</strong></span> <span class='ocrx_word' id='word_1_340' title='bbox 1690 1095 1745 1138; x_wconf 85' lang='lat'>12,</span> <span class='ocrx_word' id='word_1_341' title='bbox 1763 1096 1820 1132; x_wconf 81' lang='lat'>16.</span> 
     </span>
     <span class='ocr_line' id='line_1_62' title="bbox 1095 1130 1822 1177; baseline 0.018 -13"><span class='ocrx_word' id='word_1_342' title='bbox 1095 1130 1235 1166; x_wconf 86' lang='lat' dir='ltr'><strong>sollerti</strong></span> <span class='ocrx_word' id='word_1_343' title='bbox 1267 1135 1428 1171; x_wconf 89' lang='lat' dir='ltr'><strong>remedio</strong></span> <span class='ocrx_word' id='word_1_344' title='bbox 1459 1138 1614 1173; x_wconf 83' lang='lat' dir='ltr'><strong>turbatis</strong></span> <span class='ocrx_word' id='word_1_345' title='bbox 1639 1141 1822 1177; x_wconf 84' lang='lat' dir='ltr'><strong>consuluit</strong></span> 
     </span>
     <span class='ocr_line' id='line_1_63' title="bbox 1094 1178 1213 1214; baseline 0.025 -3"><span class='ocrx_word' id='word_1_346' title='bbox 1094 1178 1213 1214; x_wconf 84' lang='lat' dir='ltr'><strong>rebus.</strong></span> 
     </span>
    </p>

    <p class='ocr_par' dir='ltr' id='par_1_19' title="bbox 1090 1227 1818 1412">
     <span class='ocr_line' id='line_1_64' title="bbox 1141 1227 1817 1279; baseline 0.015 -18"><span class='ocrx_word' id='word_1_347' title='bbox 1141 1227 1222 1270; x_wconf 72' lang='lat' dir='ltr'><strong>luy.</strong></span> <span class='ocrx_word' id='word_1_348' title='bbox 1240 1229 1296 1264; x_wconf 88' lang='lat'><strong>53.</strong></span> <span class='ocrx_word' id='word_1_349' title='bbox 1322 1229 1413 1264; x_wconf 86' lang='lat' dir='ltr'><strong>nihil</strong></span> <span class='ocrx_word' id='word_1_350' title='bbox 1429 1230 1594 1277; x_wconf 86' lang='lat' dir='ltr'><strong>languidi</strong></span> <span class='ocrx_word' id='word_1_351' title='bbox 1609 1245 1728 1279; x_wconf 88' lang='lat' dir='ltr'><strong>neque</strong></span> <span class='ocrx_word' id='word_1_352' title='bbox 1745 1245 1817 1271; x_wconf 88' lang='lat' dir='ltr'><strong>re-</strong></span> 
     </span>
     <span class='ocr_line' id='line_1_65' title="bbox 1093 1273 1818 1328; baseline 0.019 -23"><span class='ocrx_word' id='word_1_353' title='bbox 1093 1273 1228 1308; x_wconf 89' lang='lat' dir='ltr'><strong>missi</strong></span> <span class='ocrx_word' id='word_1_354' title='bbox 1252 1276 1480 1323; x_wconf 81' lang='lat' dir='ltr'><strong>patiebatur3</strong></span> <span class='ocrx_word' id='word_1_355' title='bbox 1514 1281 1571 1316; x_wconf 88' lang='grc'><strong>88.</strong></span> <span class='ocrx_word' id='word_1_356' title='bbox 1603 1280 1695 1316; x_wconf 84' lang='lat' dir='ltr'><strong>nihil</strong></span> <span class='ocrx_word' id='word_1_357' title='bbox 1719 1282 1818 1328; x_wconf 75' lang='lat' dir='ltr'><strong>apud</strong></span> 
     </span>
     <span class='ocr_line' id='line_1_66' title="bbox 1092 1321 1814 1372; baseline 0.018 -19"><span class='ocrx_word' id='word_1_358' title='bbox 1092 1330 1129 1354; x_wconf 89' lang='lat' dir='ltr'><strong>se</strong></span> <span class='ocrx_word' id='word_1_359' title='bbox 1163 1321 1354 1358; x_wconf 83' lang='lat' dir='ltr'><strong>remissum</strong></span> <span class='ocrx_word' id='word_1_360' title='bbox 1387 1335 1507 1370; x_wconf 89' lang='lat' dir='ltr'><strong>neque</strong></span> <span class='ocrx_word' id='word_1_361' title='bbox 1532 1327 1630 1372; x_wconf 86' lang='lat' dir='ltr'><strong>apud</strong></span> <span class='ocrx_word' id='word_1_362' title='bbox 1653 1329 1735 1364; x_wconf 90' lang='lat' dir='ltr'><strong>illos</strong></span> <span class='ocrx_word' id='word_1_363' title='bbox 1759 1332 1814 1365; x_wconf 86' lang='lat' dir='ltr'><strong>tu-</strong></span> 
     </span>
     <span class='ocr_line' id='line_1_67' title="bbox 1090 1368 1282 1412; baseline 0.026 -12"><span class='ocrx_word' id='word_1_364' title='bbox 1090 1368 1169 1401; x_wconf 89' lang='lat' dir='ltr'><strong>tum</strong></span> <span class='ocrx_word' id='word_1_365' title='bbox 1194 1369 1282 1412; x_wconf 83' lang='lat' dir='ltr'><strong>pati.</strong></span> 
     </span>
    </p>

    <p class='ocr_par' dir='ltr' id='par_1_20' title="bbox 1089 1415 1814 1500">
     <span class='ocr_line' id='line_1_68' title="bbox 1139 1415 1814 1470; baseline 0.016 -22"><span class='ocrx_word' id='word_1_366' title='bbox 1139 1415 1207 1451; x_wconf 79' lang='lat' dir='ltr'>Cic.</span> <span class='ocrx_word' id='word_1_367' title='bbox 1220 1427 1293 1459; x_wconf 79' lang='lat' dir='ltr'><strong>pro</strong></span> <span class='ocrx_word' id='word_1_368' title='bbox 1308 1418 1407 1454; x_wconf 77' lang='lat' dir='ltr'><strong>Mur.</strong></span> <span class='ocrx_word' id='word_1_369' title='bbox 1425 1422 1484 1463; x_wconf 85' lang='lat'>35,</span> <span class='ocrx_word' id='word_1_370' title='bbox 1499 1422 1554 1457; x_wconf 87' lang='lat'><strong>73.</strong></span> <span class='ocrx_word' id='word_1_371' title='bbox 1581 1421 1640 1457; x_wconf 87' lang='lat' dir='ltr'><strong>hic</strong></span> <span class='ocrx_word' id='word_1_372' title='bbox 1664 1434 1685 1457; x_wconf 86' lang='lat' dir='ltr'><strong>a</strong></span> <span class='ocrx_word' id='word_1_373' title='bbox 1706 1424 1814 1470; x_wconf 85' lang='lat' dir='ltr'><strong>culpa</strong></span> 
     </span>
     <span class='ocr_line' id='line_1_69' title="bbox 1089 1463 1392 1500; baseline 0.017 -5"><span class='ocrx_word' id='word_1_374' title='bbox 1089 1463 1143 1495; x_wconf 88' lang='lat' dir='ltr'><strong>est</strong></span> <span class='ocrx_word' id='word_1_375' title='bbox 1167 1466 1392 1500; x_wconf 87' lang='lat' dir='ltr'><strong>remotus.</strong></span> 
     </span>
    </p>

    <p class='ocr_par' dir='ltr' id='par_1_21' title="bbox 1086 1509 1811 1606">
     <span class='ocr_line' id='line_1_70' title="bbox 1144 1509 1811 1562; baseline 0.018 -20"><span class='ocrx_word' id='word_1_376' title='bbox 1144 1509 1247 1553; x_wconf 75' lang='lat' dir='ltr'><strong>Verq.</strong></span> <span class='ocrx_word' id='word_1_377' title='bbox 1266 1512 1353 1548; x_wconf 78' lang='lat' dir='ltr'><strong>Aen.</strong></span> <span class='ocrx_word' id='word_1_378' title='bbox 1378 1514 1454 1557; x_wconf 89' lang='lat' dir='ltr'>III,</span> <span class='ocrx_word' id='word_1_379' title='bbox 1471 1516 1554 1552; x_wconf 85' lang='lat'>436.</span> <span class='ocrx_word' id='word_1_380' title='bbox 1578 1519 1811 1562; x_wconf 85' lang='lat' dir='ltr'><strong>repetens</strong></span> 
     </span>
     <span class='ocr_line' id='line_1_71' title="bbox 1086 1555 1716 1606; baseline 0.019 -17"><span class='ocrx_word' id='word_1_381' title='bbox 1086 1555 1292 1602; x_wconf 85' lang='lat' dir='ltr'><strong>iterumque</strong></span> <span class='ocrx_word' id='word_1_382' title='bbox 1317 1559 1523 1606; x_wconf 89' lang='lat' dir='ltr'><strong>iterumque</strong></span> <span class='ocrx_word' id='word_1_383' title='bbox 1547 1564 1716 1602; x_wconf 88' lang='lat' dir='ltr'><strong>monebo.</strong></span> 
     </span>
    </p>

    <p class='ocr_par' dir='ltr' id='par_1_22' title="bbox 1080 1604 1811 1930">
     <span class='ocr_line' id='line_1_72' title="bbox 1134 1604 1811 1656; baseline 0.018 -19"><span class='ocrx_word' id='word_1_384' title='bbox 1134 1604 1220 1640; x_wconf 82' lang='lat' dir='ltr'>Sall.</span> <span class='ocrx_word' id='word_1_385' title='bbox 1247 1605 1327 1649; x_wconf 72' lang='lat' dir='ltr'>luy.</span> <span class='ocrx_word' id='word_1_386' title='bbox 1355 1609 1386 1644; x_wconf 93' lang='lat'>1.</span> <span class='ocrx_word' id='word_1_387' title='bbox 1421 1611 1547 1644; x_wconf 88' lang='lat' dir='ltr'><strong>contra</strong></span> <span class='ocrx_word' id='word_1_388' title='bbox 1576 1614 1811 1656; x_wconf 76' lang='lat' dir='ltr'><strong>reputan-</strong></span> 
     </span>
     <span class='ocr_line' id='line_1_73' title="bbox 1085 1649 1810 1705; baseline 0.018 -21"><span class='ocrx_word' id='word_1_389' title='bbox 1085 1649 1162 1695; x_wconf 87' lang='lat' dir='ltr'><strong>do;</strong></span> <span class='ocrx_word' id='word_1_390' title='bbox 1189 1653 1245 1688; x_wconf 87' lang='lat'><strong>62.</strong></span> <span class='ocrx_word' id='word_1_391' title='bbox 1272 1664 1354 1688; x_wconf 93' lang='lat' dir='ltr'><strong>cum</strong></span> <span class='ocrx_word' id='word_1_392' title='bbox 1374 1683 1380 1690; x_wconf 97' lang='lat'>.</span> <span class='ocrx_word' id='word_1_393' title='bbox 1402 1683 1408 1691; x_wconf 98' lang='lat'>.</span> <span class='ocrx_word' id='word_1_394' title='bbox 1429 1681 1437 1690; x_wconf 94' lang='lat'>.</span> <span class='ocrx_word' id='word_1_395' title='bbox 1455 1667 1579 1692; x_wconf 89' lang='lat' dir='ltr'><strong>secum</strong></span> <span class='ocrx_word' id='word_1_396' title='bbox 1602 1661 1810 1705; x_wconf 76' lang='lat' dir='ltr'><strong>reputaret3</strong></span> 
     </span>
     <span class='ocr_line' id='line_1_74' title="bbox 1086 1698 1809 1751; baseline 0.017 -19"><span class='ocrx_word' id='word_1_397' title='bbox 1086 1698 1161 1733; x_wconf 80' lang='lat' dir='ltr'><strong>Cat.</strong></span> <span class='ocrx_word' id='word_1_398' title='bbox 1188 1701 1244 1735; x_wconf 84' lang='lat'><strong>52.</strong></span> <span class='ocrx_word' id='word_1_399' title='bbox 1279 1703 1475 1738; x_wconf 84' lang='lat' dir='ltr'><strong>sententias</strong></span> <span class='ocrx_word' id='word_1_400' title='bbox 1506 1732 1513 1740; x_wconf 95' lang='lat'>.</span> <span class='ocrx_word' id='word_1_401' title='bbox 1546 1732 1554 1740; x_wconf 93' lang='lat'>.</span> <span class='ocrx_word' id='word_1_402' title='bbox 1584 1731 1593 1741; x_wconf 90' lang='lat'>.</span> <span class='ocrx_word' id='word_1_403' title='bbox 1622 1706 1700 1751; x_wconf 90' lang='lat' dir='ltr'><strong>ipse</strong></span> <span class='ocrx_word' id='word_1_404' title='bbox 1732 1717 1809 1743; x_wconf 88' lang='lat' dir='ltr'><strong>me—</strong></span> 
     </span>
     <span class='ocr_line' id='line_1_75' title="bbox 1084 1749 1806 1800; baseline 0.018 -23"><span class='ocrx_word' id='word_1_405' title='bbox 1084 1755 1166 1779; x_wconf 91' lang='lat' dir='ltr'><strong>cum</strong></span> <span class='ocrx_word' id='word_1_406' title='bbox 1183 1749 1324 1791; x_wconf 88' lang='lat' dir='ltr'><strong>reputo.</strong></span> <span class='ocrx_word' id='word_1_407' title='bbox 1341 1769 1383 1774; x_wconf 86' lang='lat'>—</span> <span class='ocrx_word' id='word_1_408' title='bbox 1402 1751 1518 1787; x_wconf 81' lang='lat' dir='ltr'><strong>Amm.</strong></span> <span class='ocrx_word' id='word_1_409' title='bbox 1533 1753 1648 1790; x_wconf 75' lang='lat' dir='ltr'><strong>Marc.</strong></span> <span class='ocrx_word' id='word_1_410' title='bbox 1659 1754 1806 1800; x_wconf 86' lang='lat' dir='ltr'>XXXI,</span> 
     </span>
     <span class='ocr_line' id='line_1_76' title="bbox 1084 1793 1807 1845; baseline 0.014 -18"><span class='ocrx_word' id='word_1_411' title='bbox 1084 1793 1140 1835; x_wconf 83' lang='lat'>15,</span> <span class='ocrx_word' id='word_1_412' title='bbox 1159 1795 1191 1828; x_wconf 90' lang='lat'><strong>7.</strong></span> <span class='ocrx_word' id='word_1_413' title='bbox 1218 1793 1354 1830; x_wconf 79' lang='lat' dir='ltr'><strong>Contra</strong></span> <span class='ocrx_word' id='word_1_414' title='bbox 1379 1796 1492 1832; x_wconf 85' lang='lat' dir='ltr'><strong>Gothi</strong></span> <span class='ocrx_word' id='word_1_415' title='bbox 1516 1802 1737 1845; x_wconf 81' lang='lat' dir='ltr'><strong>reputantes.</strong></span> <span class='ocrx_word' id='word_1_416' title='bbox 1763 1822 1807 1829; x_wconf 90' lang='lat'>—</span> 
     </span>
     <span class='ocr_line' id='line_1_77' title="bbox 1083 1840 1805 1888; baseline 0.018 -16"><span class='ocrx_word' id='word_1_417' title='bbox 1083 1840 1185 1883; x_wconf 79' lang='lat' dir='ltr'><strong>Sulp.</strong></span> <span class='ocrx_word' id='word_1_418' title='bbox 1212 1842 1286 1878; x_wconf 82' lang='lat' dir='ltr'><strong>Sev.</strong></span> <span class='ocrx_word' id='word_1_419' title='bbox 1312 1843 1410 1880; x_wconf 81' lang='lat' dir='ltr'>Dial.</span> <span class='ocrx_word' id='word_1_420' title='bbox 1436 1846 1474 1888; x_wconf 89' lang='lat' dir='ltr'>I,</span> <span class='ocrx_word' id='word_1_421' title='bbox 1503 1849 1533 1882; x_wconf 95' lang='lat'>1.</span> <span class='ocrx_word' id='word_1_422' title='bbox 1572 1859 1717 1883; x_wconf 88' lang='lat' dir='ltr'><strong>mecum</strong></span> <span class='ocrx_word' id='word_1_423' title='bbox 1749 1860 1805 1885; x_wconf 88' lang='lat' dir='ltr'><strong>re-</strong></span> 
     </span>
     <span class='ocr_line' id='line_1_78' title="bbox 1080 1889 1223 1930; baseline 0.021 -10"><span class='ocrx_word' id='word_1_424' title='bbox 1080 1889 1223 1930; x_wconf 88' lang='lat' dir='ltr'><strong>putans.</strong></span> 
     </span>
    </p>

    <p class='ocr_par' dir='ltr' id='par_1_23' title="bbox 1078 1935 1802 2121">
     <span class='ocr_line' id='line_1_79' title="bbox 1133 1935 1439 1975; baseline 0.02 -7"><span class='ocrx_word' id='word_1_425' title='bbox 1133 1935 1268 1972; x_wconf 77' lang='lat' dir='ltr'><strong>Terent.</strong></span> <span class='ocrx_word' id='word_1_426' title='bbox 1295 1938 1439 1975; x_wconf 78' lang='lat' dir='ltr'><strong>Phorm.</strong></span> 
     </span>
     <span class='ocr_line' id='line_1_80' title="bbox 1079 1986 1802 2028; baseline 0.019 -14"><span class='ocrx_word' id='word_1_427' title='bbox 1079 1989 1365 2027; x_wconf 84' lang='lat' dir='ltr'><strong>responsum</strong></span> <span class='ocrx_word' id='word_1_428' title='bbox 1401 1986 1470 2022; x_wconf 88' lang='lat' dir='ltr'><strong>hoc</strong></span> <span class='ocrx_word' id='word_1_429' title='bbox 1507 1987 1650 2024; x_wconf 77' lang='lat' dir='ltr'><strong>habeat.</strong></span> <span class='ocrx_word' id='word_1_430' title='bbox 1686 2010 1730 2016; x_wconf 89' lang='lat'>—</span> <span class='ocrx_word' id='word_1_431' title='bbox 1763 1992 1802 2028; x_wconf 83' lang='lat' dir='ltr'>V.</span> 
     </span>
     <span class='ocr_line' id='line_1_81' title="bbox 1078 2028 1801 2083; baseline 0.017 -21"><span class='ocrx_word' id='word_1_432' title='bbox 1078 2028 1190 2065; x_wconf 74' lang='lat' dir='ltr'><strong>Mart.</strong></span> <span class='ocrx_word' id='word_1_433' title='bbox 1218 2032 1250 2066; x_wconf 88' lang='lat'>6.</span> <span class='ocrx_word' id='word_1_434' title='bbox 1277 2030 1442 2077; x_wconf 85' lang='lat' dir='ltr'><strong>Cumque</strong></span> <span class='ocrx_word' id='word_1_435' title='bbox 1466 2034 1504 2069; x_wconf 82' lang='lat' dir='ltr'><strong>id</strong></span> <span class='ocrx_word' id='word_1_436' title='bbox 1529 2061 1538 2070; x_wconf 88' lang='lat'>.</span> <span class='ocrx_word' id='word_1_437' title='bbox 1565 2064 1574 2072; x_wconf 92' lang='lat'>.</span> <span class='ocrx_word' id='word_1_438' title='bbox 1602 2062 1611 2071; x_wconf 95' lang='lat'>.</span> <span class='ocrx_word' id='word_1_439' title='bbox 1635 2038 1801 2083; x_wconf 85' lang='lat' dir='ltr'><strong>responsi</strong></span> 
     </span>
     <span class='ocr_line' id='line_1_82' title="bbox 1078 2077 1285 2121; baseline 0.019 -12"><span class='ocrx_word' id='word_1_440' title='bbox 1078 2077 1285 2121; x_wconf 83' lang='lat' dir='ltr'><strong>accepisset.</strong></span> 
     </span>
    </p>
   </div>
   <div class='ocr_carea' id='block_1_14' title="bbox 1459 1941 1805 1984">
    <p class='ocr_par' dir='ltr' id='par_1_24' title="bbox 1459 1941 1805 1984">
     <span class='ocr_line' id='line_1_83' title="bbox 1459 1941 1805 1984; baseline 0.014 -10"><span class='ocrx_word' id='word_1_441' title='bbox 1459 1941 1556 1984; x_wconf 78' lang='lat' dir='ltr'><strong>prol.</strong></span> <span class='ocrx_word' id='word_1_442' title='bbox 1585 1944 1639 1979; x_wconf 83' lang='lat'><strong>17.</strong></span> <span class='ocrx_word' id='word_1_443' title='bbox 1674 1943 1704 1978; x_wconf 74' lang='lat' dir='ltr'><strong>is</strong></span> <span class='ocrx_word' id='word_1_444' title='bbox 1736 1944 1805 1979; x_wconf 76' lang='lat' dir='ltr'><strong>sibi</strong></span> 
     </span>
    </p>
   </div>
   <div class='ocr_carea' id='block_1_15' title="bbox 1064 2594 1791 2784">
    <p class='ocr_par' dir='ltr' id='par_1_25' title="bbox 1064 2594 1791 2784">
     <span class='ocr_line' id='line_1_84' title="bbox 1115 2594 1791 2640; baseline 0.018 -13"><span class='ocrx_word' id='word_1_445' title='bbox 1115 2594 1192 2629; x_wconf 79' lang='lat' dir='ltr'><strong>Liv.</strong></span> <span class='ocrx_word' id='word_1_446' title='bbox 1218 2595 1403 2640; x_wconf 86' lang='lat' dir='ltr'>XXVIII,</span> <span class='ocrx_word' id='word_1_447' title='bbox 1423 2600 1480 2634; x_wconf 84' lang='lat'><strong>23.</strong></span> <span class='ocrx_word' id='word_1_448' title='bbox 1507 2610 1590 2634; x_wconf 87' lang='lat' dir='ltr'><strong>cum</strong></span> <span class='ocrx_word' id='word_1_449' title='bbox 1617 2628 1624 2636; x_wconf 98' lang='lat'>.</span> <span class='ocrx_word' id='word_1_450' title='bbox 1652 2629 1660 2637; x_wconf 95' lang='lat'>.</span> <span class='ocrx_word' id='word_1_451' title='bbox 1688 2630 1696 2638; x_wconf 93' lang='lat'>.</span> <span class='ocrx_word' id='word_1_452' title='bbox 1722 2602 1791 2638; x_wconf 85' lang='lat' dir='ltr'><strong>rivi</strong></span> 
     </span>
     <span class='ocr_line' id='line_1_85' title="bbox 1183 2642 1789 2686; baseline 0.018 -12"><span class='ocrx_word' id='word_1_453' title='bbox 1183 2642 1366 2686; x_wconf 83' lang='lat' dir='ltr'><strong>sanguinis</strong></span> <span class='ocrx_word' id='word_1_454' title='bbox 1400 2643 1585 2681; x_wconf 83' lang='lat' dir='ltr'><strong>flammam</strong></span> <span class='ocrx_word' id='word_1_455' title='bbox 1611 2648 1789 2684; x_wconf 86' lang='lat' dir='ltr'><strong>orientem</strong></span> 
     </span>
     <span class='ocr_line' id='line_1_86' title="bbox 1065 2688 1788 2738; baseline 0.015 -18"><span class='ocrx_word' id='word_1_456' title='bbox 1065 2688 1459 2735; x_wconf 71' lang='lat' dir='ltr'><strong>restinguerent,</strong></span> <span class='ocrx_word' id='word_1_457' title='bbox 1500 2694 1588 2738; x_wconf 87' lang='lat' dir='ltr'>VII,</span> <span class='ocrx_word' id='word_1_458' title='bbox 1619 2698 1677 2732; x_wconf 85' lang='lat'>30.</span> <span class='ocrx_word' id='word_1_459' title='bbox 1713 2698 1788 2731; x_wconf 83' lang='lat' dir='ltr'><strong>tam</strong></span> 
     </span>
     <span class='ocr_line' id='line_1_87' title="bbox 1064 2734 1787 2784; baseline 0.014 -16"><span class='ocrx_word' id='word_1_460' title='bbox 1064 2734 1195 2769; x_wconf 82' lang='lat' dir='ltr'><strong>infesta</strong></span> <span class='ocrx_word' id='word_1_461' title='bbox 1227 2736 1298 2780; x_wconf 86' lang='lat' dir='ltr'><strong>ira,</strong></span> <span class='ocrx_word' id='word_1_462' title='bbox 1329 2748 1439 2781; x_wconf 85' lang='lat' dir='ltr'><strong>quam</strong></span> <span class='ocrx_word' id='word_1_463' title='bbox 1474 2751 1541 2784; x_wconf 85' lang='lat' dir='ltr'><strong>per</strong></span> <span class='ocrx_word' id='word_1_464' title='bbox 1573 2741 1662 2776; x_wconf 81' lang='lat' dir='ltr'><strong>duas</strong></span> <span class='ocrx_word' id='word_1_465' title='bbox 1693 2743 1787 2778; x_wconf 84' lang='lat' dir='ltr'><strong>acies</strong></span> 
     </span>
    </p>
   </div>
   <div class='ocr_carea' id='block_1_16' title="bbox 1064 2781 1785 2833">
    <p class='ocr_par' dir='ltr' id='par_1_26' title="bbox 1064 2781 1785 2833">
     <span class='ocr_line' id='line_1_88' title="bbox 1064 2781 1785 2833; baseline 0.017 -19"><span class='ocrx_word' id='word_1_466' title='bbox 1064 2781 1164 2816; x_wconf 90' lang='lat' dir='ltr'><strong>fusus</strong></span> <span class='ocrx_word' id='word_1_467' title='bbox 1190 2784 1335 2828; x_wconf 83' lang='lat' dir='ltr'><strong>sanguis</strong></span> <span class='ocrx_word' id='word_1_468' title='bbox 1353 2787 1499 2830; x_wconf 88' lang='lat' dir='ltr'><strong>explere</strong></span> <span class='ocrx_word' id='word_1_469' title='bbox 1524 2799 1598 2822; x_wconf 93' lang='lat' dir='ltr'><strong>non</strong></span> <span class='ocrx_word' id='word_1_470' title='bbox 1613 2792 1785 2833; x_wconf 86' lang='lat' dir='ltr'><strong>potuerit.</strong></span> 
     </span>
    </p>
   </div>
   <div class='ocr_carea' id='block_1_17' title="bbox 1945 0 2014 3184">
    <p class='ocr_par' dir='ltr' id='par_1_27' title="bbox 1945 0 2014 3184">
     <span class='ocr_line' id='line_1_89' title="bbox 1945 0 2014 3184; baseline 0 0"><span class='ocrx_word' id='word_1_471' title='bbox 1945 0 2014 3184; x_wconf 95' lang='lat' dir='ltr'><strong> </strong></span> 
     </span>
    </p>
   </div>
  </div>
 </body>
</html>
