2014 3184
495 213 766 250 LAMPERTI
789 215 1044 252 ANNALES.
1094 216 1142 252 A.
1170 219 1274 254 1077.
1576 219 1645 255 289

135 333 331 377 cationis
372 348 482 378 suae
521 336 714 378 militari
754 351 895 378 manu
933 339 1147 392 persequi
1184 339 1349 394 plenus
1387 341 1644 383 animorum
1661 341 1764 376 1077-

135 393 420 436 adveniret&
434 394 463 435 ¹.
1657 388 1753 421 (Μ’)

277 453 551 496 Diedericus
583 454 826 510 episcopus
857 455 1185 507 Verdunensis,
1230 458 1300 498 vir
1332 460 1644 500 constantissi-

105 526 235 554 .mae
277 526 386 569 erga
425 527 581 569 regem
623 514 744 565 fidei,
789 515 899 555 dum
940 529 1095 570 regem
1136 516 1186 556 in
1224 517 1413 558 Italiam
1445 519 1644 572 proficis-

101 573 315 614 ⁶centem
356 573 496 627 paulo
538 575 643 628 post
683 573 866 628 insequi
905 574 1062 625 vellet,
1107 578 1270 631 captus
1303 578 1373 618 est
1415 577 1472 619 ab
1505 578 1643 619 Adal-

132 627 302 674 berdob
340 633 508 674 comite
541 633 599 675 de
632 633 824 675 castello
857 634 980 687 quod
1014 635 1211 676 dicitur⁰
1251 635 1433 678 calewo
1466 638 1513 678 et
1546 651 1643 691 spo—

130 687 302 732 liatusd
322 692 549 743 omnibus,
578 706 691 746 quas
714 693 1048 735 studiosissime
1072 698 1359 746 convexerat,
1394 697 1491 736 tam
1514 696 1643 751 longi

130 749 312 792 itineris
342 751 576 806 impensis.
640 752 683 793 A
716 766 806 806 quo
840 753 921 793 diu
962 753 1151 794 habitus
1193 754 1243 795 in
1275 755 1499 806 custodia,
1543 758 1641 796 tan-

131 809 236 851 dem
278 809 401 860 dato,
445 811 767 865 quodcumque
816 812 1100 866 exigebatur,
1150 814 1482 868 redemptionis
1531 829 1640 857 suae

83 880 116 905 10
130 868 298 923 precio,
341 869 502 911 addito
544 870 685 912 etiam
726 871 1037 922 iureiurando,
1087 873 1210 926 quod
1257 873 1453 915 iniuriae
1502 874 1640 916 huius

129 941 214 970 nec
266 928 556 983 spiritualem
603 943 687 971 nec
741 931 1026 984 corporalem
1078 931 1333 973 vindictam
1386 933 1636 987 aliquando

129 989 379 1042 expeteret,
423 988 542 1030 liber
579 989 706 1030 abire
739 989 954 1030 dimissus
987 992 1071 1032 est.
1134 990 1417 1033 Riitbertuse
1457 1006 1638 1047 quoque

129 1046 528 1102 Babenbergensis
569 1048 824 1103 episcopus,
869 1049 978 1090 dum
1019 1050 1069 1090 in
1101 1050 1290 1091 Italiam
1329 1065 1523 1106 pergens
1556 1066 1638 1107 per
1653 1062 1759 1097 1076.

127 1105 390 1148 Baioariam
421 1107 512 1149 iter
543 1109 714 1162 ageret,
750 1109 913 1162 captus
946 1110 1016 1150 est
1049 1104 1136 1150 abf
1164 1109 1295 1151 Welf
1327 1111 1444 1152 duce
1477 1111 1637 1153 Baioa-

78 1176 112 1202 15
125 1165 320 1216 riorum;
365 1166 456 1220 qui,
499 1166 695 1208 sublatis
728 1167 942 1208 omnibus
974 1182 1091 1222 quae
1123 1168 1251 1210 illius
1283 1169 1471 1211 fuerant
1504 1185 1636 1225 pecu-

125 1224 272 1275 liaria,
305 1227 456 1267 vestes
478 1226 769 1280 pontificales
792 1228 839 1268 et
862 1229 1097 1269 caeterum
1120 1227 1485 1271 ecclesiasticum
1508 1244 1636 1272 orna—

124 1285 238 1335 tum,
273 1297 408 1338 quem
440 1285 490 1326 in
520 1285 752 1327 thesauris
776 1285 873 1327 eius
899 1287 1150 1341 repperitg,
1186 1288 1435 1330 aecclesiae
1458 1288 1635 1332 Baben-

125 1343 338 1398 bergensi
371 1357 475 1385 cum
498 1344 624 1386 omni
655 1345 929 1399 integritate
961 1346 1317 1401 reconsignavit,
1352 1348 1503 1402 ipsum
1526 1363 1634 1391 vero

122 1402 173 1443 in
195 1402 387 1461 castello
419 1403 729 1446 munitissimo
762 1418 789 1445 a
814 1400 1000 1465 nataleh
1028 1405 1218 1447 Domini
1249 1420 1394 1460 usque
1427 1408 1486 1448 ad
1508 1408 1768 1456 festi-Dema

74 1461 317 1504 novitatem
349 1463 499 1504 sancti
521 1463 863 1506 Bartholomei¹
895 1465 1095 1519 apostoli
1128 1465 1212 1506 sub
1237 1466 1453 1520 diligenti
1486 1469 1632 1509 custo·
1650 1466 1752 1500 1077-

124 1521 201 1562 dia
231 1521 398 1572 tenuit,
442 1535 526 1564 nec
558 1522 668 1563 ullis
701 1523 954 1564 amicorum
986 1524 1084 1565 eius
1117 1525 1330 1579 precibus
1364 1528 1445 1567 aut
1478 1513 1774 1569 mune-“¹'‘9’24‘

121 1579 262 1631 ribus,
305 1582 359 1622 ut
401 1581 672 1632 dimitteret,
717 1582 866 1624 evinci
911 1583 1067 1637 potuit
1081 1584 1109 1623 2.
1174 1583 1357 1626 Caeteri
1400 1585 1749 1641 episcopi31077.

123 1641 171 1681 et
202 1639 322 1691 laici,
356 1654 470 1694 quos
491 1655 612 1696 papa
634 1642 1125 1692 excommunicaverat,
1160 1657 1363 1697 quosque
1390 1658 1469 1686 rex
1491 1645 1630 1687 huius
1645 1661 1711 1688 zan.

122 1698 189 1740 rei
229 1699 382 1754 gratia
422 1714 450 1740 a
489 1700 635 1742 latere
677 1714 759 1741 suo
802 1702 1007 1742 extrema
1047 1702 1323 1744 necessitate
1366 1704 1631 1758 compulsus

73 1769 109 1796 25
122 1761 370 1809 amoverat,
414 1759 554 1800 elusis
596 1759 879 1810 custodibus,
923 1760 1002 1814 qui
1050 1760 1200 1802 clusas
1242 1762 1531 1814 obsidebant,
1580 1764 1630 1804 in

123 1816 311 1858 Italiam
351 1817 474 1859 illesi
506 1821 828 1872 pervenerunt,
871 1821 1146 1873 repertoque
1179 1834 1300 1875 papa
1330 1821 1379 1861 in
1413 1820 1626 1874 Canusio,

120 1876 302 1918 veniam
344 1878 639 1931 presumptae
681 1877 960 1928 rebellionis,
1004 1881 1143 1932 atque
1181 1882 1234 1920 ut
1268 1882 1628 1924 excommunica-

121 1935 248 1978 tione
281 1935 643 1986 absolverentur,
686 1937 823 1978 nudis
855 1938 1051 1992 pedibus
1093 1941 1140 1980 et
1172 1938 1318 1981 laneis
1351 1941 1410 1981 ad
1443 1954 1627 1983 carnem

0 2002 106 2035 2258-
119 1994 274 2036 induti
316 1995 589 2050 suppliciter
628 1996 944 2050 postulabant.
1008 1997 1097 2039 Ille
1136 1994 1238 2049 *his,
1282 1999 1361 2052 qui
1402 2001 1628 2042 veraciter

32 2093 53 2102 ,
72 2067 108 2093 ³0
120 2055 363 2108 peccatum
404 2068 538 2095 suum
580 2058 884 2109 agnoscerent
924 2058 972 2098 et
1004 2057 1241 2108 deflerent,
1285 2071 1378 2099 non
1410 2073 1507 2101 esse
1540 2060 1626 2102 aie-

119 2109 229 2154 bat¹1
265 2113 626 2156 misericordiam
658 2114 991 2170 denegandam,
1031 2116 1111 2158 sed
1143 2116 1330 2171 longam
1362 2117 1626 2160 inobedien-

118 2171 232 2213 tiam
279 2174 327 2214 et
374 2173 455 2214 diu
501 2173 726 2216 incretam
774 2175 955 2229 peccati
1006 2175 1268 2230 rubiginem
1322 2177 1625 2220 diuturnioris

116 2285 146 2318 a)
165 2287 283 2312 veniret
301 2295 376 2315 corr.
395 2286 503 2315 adven.
522 2286 603 2316 ΒΗ).
693 2289 724 2320 b)
742 2289 784 2314 εἰσ
802 2289 887 2322 131=;
917 2289 1080 2315 Adalberto
1099 2291 1167 2324 1323
1194 2291 1356 2317 Adelberto
1376 2293 1402 2317 A
1414 2293 1444 2325 13
1475 2292 1625 2318 Adalbero

115 2321 197 2348 Blb.
271 2324 299 2354 c)
317 2331 373 2351 om.
392 2324 460 2356 Β1;
482 2323 544 2350 Cal.
563 2323 621 2351 dic.
641 2324 702 2351 132.
794 2324 825 2355 d)
843 2325 1028 2357 spoliamur)
1047 2326 1125 2352 Blfl.
1211 2327 1238 2357 e)
1258 2327 1408 2353 Rubertus
1429 2329 1454 2352 A
1467 2330 1490 2355 1.
1563 2329 1587 2358 f)
1606 2337 1624 2354 a.

69 2357 179 2386 8531.
194 2372 231 2378 —
250 2358 345 2385 Wolff
359 2358 440 2387 131¹).
511 2360 542 2391 g)
561 2360 676 2392 reperit
693 2360 772 2387 131⁸.
837 2361 868 2391 h)
887 2361 928 2386 sic
947 2367 1051 2389 omnes.
1123 2361 1146 2392 i)
1165 2362 1278 2390 Bai-tol.
1297 2363 1359 2390 Al.
1432 2363 1462 2393 k)
1482 2364 1525 2388 ait
1544 2363 1623 2392 ΒΗ).

117 2439 152 2483 1)
185 2441 241 2483 Cf.
267 2440 407 2475 Bonizo
442 2442 466 2477 l.
495 2441 600 2484 VIII,
635 2442 766 2476 Libelli
798 2443 830 2486 I,
862 2454 900 2486 p.
932 2445 1025 2484 610,·
1062 2444 1245 2480 Ber-thom.
1280 2446 1394 2487 (Amo.
1422 2445 1457 2480 S.
1483 2445 1622 2489 Blase'e)

113 2499 150 2531 p.
167 2489 238 2524 288
248 2500 262 2528 ,·
293 2489 375 2522 Vita
401 2489 565 2523 Anselmi
587 2499 614 2524 c.
635 2491 691 2531 16,
727 2490 791 2525 SS.
810 2490 902 2532 XII,
927 2502 964 2533 p.
986 2491 1052 2530 18,·
1086 2491 1213 2525 Bruno
1238 2503 1264 2527 c.
1283 2494 1340 2527 89.
1392 2493 1517 2526 Minus
1541 2494 1622 2527 bene

115 2534 253 2568 Dom'zo
287 2535 309 2570 l.
336 2535 389 2578 II,
409 2538 568 2578 66—75,
603 2536 668 2571 SS.
697 2537 788 2580 XII,
816 2549 853 2581 p.
873 2539 954 2573 381.
981 2538 1065 2571 haec
1089 2541 1268 2572 narravit.
1390 2541 1426 2578 2)
1451 2540 1509 2581 Cf.
1537 2541 1618 2576 eod.

123 2581 250 2616 Udalr.
275 2593 333 2617 nr.
351 2584 408 2618 54.
428 2585 485 2626 55,
522 2583 635 2625 Jaffe',
662 2583 756 2619 Bibl.
783 2585 821 2626 V,
842 2595 882 2627 p.
903 2587 1103 2620 112—114.
1207 2588 1243 2629 3)
1269 2586 1357 2618 Pibo
1387 2587 1564 2620 Tullense's
1590 2592 1620 2620 et

66 2628 357 2663 40Huzmannu3
381 2629 564 2672 Spirensis
587 2641 621 2665 a.
642 2633 745 2667 1076.
766 2642 820 2666 ex.
847 2633 921 2664 iam
947 2632 1097 2665 Romam
1118 2635 1275 2675 profecti
1297 2634 1346 2665 ad
1367 2636 1618 2677 pomitentiam

114 2676 318 2717 faciendam
351 2678 471 2718 coacti,
505 2677 658 2711 Canusii
690 2678 882 2712 Liemarus
913 2679 1127 2721 Bremensis,
1167 2680 1398 2714 Werinhmcs
1426 2682 1619 2714 Sto-ashur-

111 2724 240 2765 9ensis,
261 2723 500 2757 Burchardus
512 2724 795 2767 Lausannensis,
816 2726 1057 2760 Burchardus
1074 2727 1299 2768 Basa‘leensae‘s,
1318 2727 1421 2772 Eppo
1435 2729 1618 2762 Circe-ensis

114 2771 331 2803 incarcerati
363 2773 457 2812 sunt,
494 2770 663 2805 Embrico
687 2773 924 2815 Auyustanus
957 2774 1040 2807 inde
1072 2785 1142 2807 mm
1177 2774 1359 2808 absolutus
1391 2777 1541 2818 recessit,
1578 2780 1616 2809 ut

113 2817 294 2852 Berthold.
319 2817 433 2859 (Amo.
452 2817 488 2853 S.
506 2817 644 2860 Blasii)
664 2829 704 2862 p.
722 2821 902 2855 281290.
929 2825 1073 2855 narrat.
1113 2821 1170 2861 Cf.
1196 2831 1311 2864 supra
1331 2833 1371 2865 p.
1389 2824 1470 2863 282,
1496 2835 1531 2858 n.
1551 2824 1612 2864 12,

64 2872 101 2898 45
114 2865 220 2906 infra
239 2874 279 2908 p.
296 2866 378 2900 301.

1281 2940 1324 2974 19
