2014 3184
385 202 457 236 420

869 197 1032 234 INDEX
1056 198 1405 236 LOOUTIONUM.

434 319 618 352 extremae
642 316 896 352 dementiae
921 327 998 352 esse
1014 316 1107 351 iudi·
1131 318 1134 353 Ι
1205 318 1295 354 Sall.
1320 319 1400 362 Iuy.
1425 321 1460 355 3.
1491 317 1628 353 frustra
1661 321 1785 355 autem
1812 318 1882 355 niti

386 365 518 400 cabant
554 367 636 409 223,
658 376 704 401 20.
743 385 786 390 -

385 411 544 447 mentiae
570 423 647 446 esse
671 413 754 456 262,
768 423 813 448 35.
846 432 890 438 --
922 414 1108 446 extremae

385 459 550 504 profecto
589 458 794 493 dementiae
832 460 926 493 esset
965 460 1108 503 280,10.

389 527 430 532 -
458 508 642 541 extremae
672 517 760 541 vero
792 505 996 541 dementiae
1031 516 1108 540 esse

386 556 456 589 325
483 564 527 590 35.

434 580 496 645 qiii
535 628 542 636 .
576 628 583 635 .
617 627 626 636 .
663 599 777 634 vitam
815 599 890 634 eius
928 599 1108 634 sanctissi-

385 659 483 682 mam
542 647 653 682 livido
715 646 861 681 dente
911 646 1109 691 carpebant

385 697 466 739 242,
481 706 526 731 20.

432 789 484 823 ita
509 791 550 822 ut
582 800 602 822 a
635 787 786 822 medicis
820 787 1107 833 desperare-

385 837 478 876 tur,
519 838 555 870 et
591 835 773 880 principes
807 835 853 870 de
889 835 993 881 regni
1030 846 1107 869 suc-

386 883 544 918 cessione
570 882 718 917 consilia
744 882 910 917 conferre
929 881 1109 927 cepissent

387 932 466 967 103
481 942 525 966 20.
555 950 596 954 -
623 930 675 963 ita
699 932 741 964 ut
766 930 876 964 etiam
898 930 1107 974 desperare-

385 980 445 1012 tur
480 988 501 1011 a
535 976 696 1018 medicis,
732 979 768 1011 et
802 977 847 1012 de
882 977 1107 1012 successione

385 1025 461 1059 eius
495 1024 659 1068 plerique
692 1024 942 1058 intentissimis
980 1024 1107 1058 studiis

385 1074 593 1117 satagerent
619 1073 698 1115 133,
714 1082 758 1107 30.

431 1118 531 1152 haud
554 1117 847 1163 desperatae
871 1117 1004 1153 indolis
1022 1117 1106 1153 ado-

384 1166 522 1201 lescens
549 1168 605 1206 78,
625 1177 670 1202 20.
708 1186 750 1191 -
786 1177 868 1200 cum
904 1165 973 1200 alio
1009 1165 1108 1200 haud

385 1213 597 1258 desperatae
633 1212 764 1247 indolis
805 1213 983 1247 monacho
1021 1213 1107 1247 ado-

384 1261 543 1295 lescente
568 1262 650 1304 259,
665 1272 709 1296 10.

433 1307 642 1350 obicientes,
668 1306 767 1351 quod
784 1306 893 1341 homo
915 1335 923 1343 .
943 1333 951 1341 .
971 1335 978 1343 .
1002 1307 1107 1341 vultu

385 1354 706 1399 despicabilis
733 1382 741 1390 .
760 1381 795 1389 ..
822 1365 891 1388 nec
917 1382 924 1389 .
945 1382 951 1390 .
972 1381 980 1390 .
1007 1354 1106 1398 quic-

385 1412 494 1445 quam
510 1403 614 1435 tanto
632 1400 839 1435 sacerdocio
856 1400 1007 1446 dignum
1024 1412 1104 1445 pre-

383 1448 551 1483 tenderet
575 1450 716 1492 251,15.

432 1494 612 1539 quottidie
637 1506 674 1529 se
699 1495 779 1540 ipso
802 1494 1003 1529 deterior
1027 1493 1105 1529 effi-

385 1542 548 1577 ciebatur
571 1544 653 1586 246,
665 1553 709 1578 25.
730 1562 772 1567 -
796 1553 939 1586 semper
963 1552 1001 1576 se
1026 1542 1105 1586 ipso

385 1589 544 1624 deterior
567 1591 649 1633 279,
664 1600 709 1625 15.
740 1609 782 1614 -—
809 1591 851 1623 ut
876 1615 884 1623 .
903 1615 912 1624 .
931 1617 939 1624 .
965 1589 1003 1623 in
1029 1589 1105 1624 dies

383 1647 421 1671 se
454 1636 533 1680 ipso
567 1636 774 1681 religiosior
798 1664 805 1671 .
833 1664 841 1672 .
869 1664 877 1672 .
907 1636 1106 1671 haberetur

383 1685 464 1727 318,
479 1694 524 1719 30.

429 1729 534 1764 miles
558 1730 634 1764 eius
651 1729 887 1765 vehementer
912 1729 1103 1765 detrac-

381 1777 515 1811 tabat
549 1777 722 1811 miliciam
761 1779 840 1821 164,
860 1788 888 1813 5.
925 1797 967 1803 —
1002 1777 1103 1812 nullo

381 1823 555 1858 miliciam
596 1824 821 1859 detrectante
870 1826 950 1868 191,
970 1836 1013 1860 10.
1058 1845 1100 1849 -

382 1882 507 1905 omnes
543 1871 681 1915 pariter
715 1871 889 1906 miliciam
924 1871 1102 1906 detrecta-

381 1919 470 1952 bant
496 1920 576 1962 198,
586 1929 613 1954 5.
642 1938 684 1943 -—
710 1929 758 1952 ne
782 1918 886 1953 miles
911 1945 920 1954 .
939 1946 946 1954 .
968 1947 974 1955 .
1002 1918 1102 1953 dein-

382 1975 465 2008 ceps
502 1964 674 1999 miliciam
708 1965 927 1999 detrectaret
959 1968 1041 2009 222,
1055 1977 1099 2002 20.
1152 1996 1160 2004 .
1188 1996 1195 2004 .

383 2031 427 2036 -
452 2011 674 2046 unanimiter
703 2039 710 2047 .
739 2040 746 2047 .
774 2037 782 2046 .
814 2012 1101 2047 detractantibus

381 2057 554 2092 militibus
581 2084 589 2091 .
617 2085 625 2093 .
652 2083 661 2092 .
685 2058 859 2092 miliciam
884 2061 967 2102 271,
980 2071 1025 2096 30.

429 2104 458 2138 si
482 2104 638 2148 prelium
664 2104 974 2140 detrectantes
1006 2107 1102 2140 intra

382 2153 500 2186 castra
524 2163 561 2186 se
585 2153 753 2186 tutentur
776 2154 857 2196 217,
872 2164 916 2188 20.

428 2443 474 2466 ne
492 2432 580 2476 quid
598 2433 863 2468 detrimenti
882 2445 939 2468 res
956 2433 1103 2478 publica

379 2481 578 2523 pateretur,
596 2480 806 2524 provideret
821 2482 878 2521 80,
891 2492 934 2516 3ο.
955 2501 997 2505 -
1017 2492 1103 2515 con-

381 2526 500 2560 sulere
523 2527 676 2571 rogavit,
707 2539 754 2562 ne
779 2527 867 2571 quid
892 2527 1102 2562 detrimenti

381 2575 528 2617 caperet
553 2574 724 2608 aecclesia
747 2574 816 2608 Dei
841 2577 921 2619 313,
935 2586 963 2610 5.

825 365 1010 399 extremae
1047 363 1107 399 de·
1158 392 1166 401 .
1185 392 1194 400 .

1214 393 1221 401 .
1249 367 1434 401 extremae
1459 364 1738 402 dementiae
1762 367 1819 402 eet
1835 382 1880 397 ===

1156 412 1306 449 Hieron.
1326 413 1450 456 praef.
1477 414 1518 447 in
1543 414 1654 450 Esdr.

1206 600 1276 636 Cic.
1320 613 1393 645 pro
1439 602 1553 636 Balbo
1593 603 1651 638 26.
1700 601 1880 638 maledico

1157 651 1290 686 dente
1312 659 1472 694 carpere.
1492 669 1534 674 -—
1555 648 1652 685 Om'd.
1669 649 1880 694 Faet.1,74.

1157 697 1268 733 livida
1291 695 1426 740 lingua.
1455 717 1498 721 —
1524 696 1615 732 Hor.
1632 695 1709 732 Sat.
1725 697 1758 740 I,
1769 697 1806 740 4,
1822 698 1880 734 93.

1157 745 1308 781 Lividus
1333 746 1371 778 et
1394 743 1548 778 mordax
1571 742 1699 797 videor
1721 742 1800 780 tibi.

1199 795 1237 846 ¹2.
1252 793 1337 834 Rey.
1357 793 1413 835 12,
1429 793 1483 827 15.
1509 789 1696 825 Percussit
1718 817 1729 827 .
1746 818 1755 827 .
1774 817 1784 827 .
1806 789 1880 826 Do-

1156 851 1194 921 11·11
1186 850 1292 921 3111183
1301 838 1575 928 peagxufflpgh..l;
1593 886 1627 922 9.
1645 836 1738 929 ἳιιίἓ
1746 847 1880 930 abaco:

1157 936 1237 968 rata
1261 936 1316 969 est
1339 933 1448 978 plaga
1472 932 1559 969 eius.

1209 1311 1250 1346 V.
1284 1311 1397 1346 Mart.
1430 1313 1464 1347 9.
1502 1309 1663 1345 dicentes
1697 1335 1707 1346 .
1740 1337 1748 1345 .
1778 1336 1788 1346 .
1821 1308 1879 1345 111-

1156 1357 1306 1402 dignum
1339 1369 1416 1392 esse
1451 1357 1662 1402 episcopatu
1690 1355 1878 1392 hominem

1154 1404 1259 1438 vultu
1285 1404 1652 1449 despicabilem.

1201 1499 1351 1534 Hieron.
1380 1499 1477 1542 prol.
1510 1499 1584 1542 qal.
1610 1497 1710 1542 quod
1734 1507 1879 1543 semper

1154 1544 1346 1589 proficiens
1371 1556 1515 1590 semper
1543 1556 1582 1580 se
1606 1545 1737 1580 melior
1759 1543 1876 1581 fieret.

1200 1733 1278 1770 Div.
1292 1734 1346 1777 II,
1360 1735 1419 1777 43,
1435 1736 1468 1770 3.
1486 1744 1566 1768 mos
1585 1731 1876 1768 detractandi

1152 1780 1340 1823 militiam3
1371 1781 1413 1824 V,
1435 1783 1491 1823 19,
1515 1782 1549 1817 5.
1587 1781 1670 1824 VII,
1690 1783 1746 1817 11.
1771 1779 1876 1816 nullo

1153 1827 1378 1862 detractante
1403 1828 1590 1872 militiam3
1614 1827 1796 1871 XXXVI,
1818 1829 1875 1864 15.

1152 1873 1396 1909 detractantes
1429 1874 1618 1918 militiam,
1653 1879 1711 1911 etc.
1747 1894 1791 1900 -—
1830 1874 1876 1912 V.

1151 1922 1263 1955 Mart.
1286 1924 1320 1957 4.
1348 1921 1470 1956 dicens
1495 1932 1580 1956 eum
1604 1923 1707 1956 metu
1730 1922 1877 1967 pugnae

1224 1996 1231 2004 .
1259 1967 1462 2003 detrectare
1487 1967 1668 2004 militiam.

1198 2110 1329 2145 lustin.
1351 2109 1470 2153 XIII,
1498 2111 1532 2152 5,
1557 2110 1592 2146 8.
1618 2119 1775 2153 eumque
1798 2107 1876 2144 de-

1152 2157 1451 2190 tractantem
1487 2155 1669 2200 proelium
1702 2157 1740 2191 et
1775 2155 1876 2193 urbis

1151 2202 1343 2236 moenibus
1391 2205 1556 2237 tuentem
1605 2213 1654 2239 se.
1706 2222 1748 2228 —
1795 2202 1874 2239 Dio.

1151 2250 1292 2292 XLIV,
1319 2252 1376 2285 37.
1409 2250 1542 2293 quod.
1645 2249 1760 2284 hostis
1782 2260 1875 2303 pug-

1151 2306 1237 2329 nam
1275 2274 1479 2330 detractans
1520 2296 1559 2330 in
1570 2277 1718 2330 castra
1753 2295 1876 2340 copies

1152 2341 1375 2385 reduxisset;
1403 2343 1628 2386 XXXVIII,
1653 2345 1686 2379 3.
1713 2342 1788 2378 sive
1813 2342 1874 2379 de·

1151 2390 1350 2423 tractarent
1374 2391 1571 2429 certamen,
1600 2394 1659 2425 eto.

1200 2436 1277 2471 Div.
1303 2437 1378 2479 III,
1404 2437 1438 2478 4,
1467 2438 1499 2471 9.
1525 2435 1677 2480 videret,
1709 2446 1757 2471 ne
1785 2435 1875 2480 quid
1949 2436 1957 2443 ⁹
1987 2446 1991 2447 ⁷

1151 2482 1371 2527 respublica
1394 2482 1684 2517 detrimenti
1709 2485 1872 2528 caperet3

1156 2530 1220 2571 VI,
1247 2531 1302 2572 19,
1330 2532 1363 2565 3.
1398 2529 1546 2564 videant
1578 2557 1585 2565 .
1613 2557 1621 2565 .
1649 2555 1678 2574 .,
1712 2541 1760 2565 ne
1784 2529 1875 2574 quid

1153 2603 1160 2611 .
1189 2603 1197 2611 .
1225 2603 1232 2611 .
1258 2587 1316 2610 res
1337 2575 1484 2620 publica
1509 2576 1718 2611 detrimenti
1742 2576 1871 2621 capiat.

1154 2642 1195 2647 —
1230 2623 1321 2657 Sall.
1358 2623 1432 2659 Cat.
1465 2626 1522 2659 29.
1561 2623 1690 2658 darent
1723 2634 1872 2668 operam

1152 2697 1159 2704 .
1187 2696 1196 2704 .
1224 2696 1231 2704 .
1245 2697 1252 2709 ‚
1286 2681 1333 2704 ne
1367 2669 1456 2713 quid
1491 2681 1549 2704 res
1582 2670 1728 2714 publica
1761 2669 1872 2705 detri-

1150 2715 1265 2750 menti
1289 2718 1445 2760 caperet.
1473 2737 1516 2742 —
1543 2717 1613 2752 Cic.
1633 2718 1708 2752 Cat.
1733 2717 1766 2761 I,
1783 2719 1818 2761 2,
1835 2718 1870 2754 4.

1149 2762 1305 2806 videret,
1330 2774 1376 2797 ne
1402 2763 1490 2807 quid
1513 2774 1572 2798 res
1595 2764 1741 2842 publica
1755 2743 1872 2799 ’detri-

1149 2810 1264 2843 menti
1288 2814 1443 2853 caperet.
