2014 3184
618 227 782 264 INDEX
806 226 1159 265 LOOUTIONUM.

141 346 283 382 sionem
299 357 377 382 esse
401 347 486 391 287,
496 357 541 383 20.
562 367 604 372 —
623 357 697 381 ne.
745 346 871 401 ,plebi

141 405 219 430 non
241 396 319 430 tam
343 393 468 429 oblata
497 405 608 438 quam
632 394 792 439 pressius
816 394 871 428 in-

138 443 246 488 gesta
276 441 466 478 videretur
502 441 644 477 occasio
682 441 871 476 seditionis

142 491 419 581 32ξ)ι’(ιι·ειιι·ιειιι1;ἰ,
441 547 514 582 quo
532 547 571 571 se
587 535 668 571 Deo
685 535 871 572 mediante

141 583 450 630 obligassent
491 586 572 628 170,
592 595 618 620 1.
658 604 700 609 —-
739 583 871 629 quibus

140 643 180 668 se
195 633 424 668 sacramento
449 631 707 678 obligaverunt
733 634 813 676 179,
824 642 870 668 26.

143 700 186 706 —-
213 679 434 725 contemptis
459 679 641 725 omnibus,
674 679 805 725 quibus
832 690 870 714 se

140 727 384 775 obligaverat,
433 726 669 763 iurisiurandi
716 726 870 763 vinculis

141 777 265 862 23ng
283 822 456 868 deinceps
489 822 583 858 fidos
618 822 686 858 sibi
721 822 870 858 obno-

141 869 330 916 xiosque
355 898 365 907 .
391 899 400 908 .
427 899 436 908 .
461 870 615 906 haberet
649 872 790 915 170,20.
825 891 868 896 -

144 929 253 964 quem
286 929 364 954 non
389 947 398 955 .
425 946 434 956 .
461 947 470 955 .
495 917 613 954 fidum
646 917 716 953 sibi
745 920 782 953 et
806 918 870 953 ob—

143 966 295 1002 noxium
310 965 451 1002 faceret
474 968 557 1012 202,
570 977 598 1003 5.
619 987 662 992 -—
681 977 791 1011 quem
807 965 870 1001 be-

140 1013 280 1050 neficiis
304 1014 378 1050 suis
402 1014 562 1050 maxime
586 1013 703 1049 fidum
719 1013 790 1049 sibi
807 1014 870 1049 ob-

140 1061 364 1146 nofflue
388 1061 527 1118 fecerat
550 1064 803 1145 247,·121{exus·
830 1108 871 1145 Si

141 1156 190 1203 id,
224 1121 870 1204 inquitffniitffinllugzlsltinattim-

139 1216 232 1288 3131
249 1205 456 1289 ‘'if-„ffibffg
491 1205 872 1289 iffiperssss'essoegss‘ffisst

141 1300 240 1346 quod
271 1265 468 1347 deponffire’
490 1313 567 1337 non
582 1265 697 1337 {talen
715 1279 810 1345 '110,
826 1280 870 1338 1ῡῖ

188 1645 273 1670 cum
307 1633 472 1669 animum
505 1633 583 1669 eius
608 1635 668 1670 vel
701 1635 748 1670 ad
773 1646 869 1670 mor-

140 1684 217 1717 tem
250 1681 309 1717 vel
344 1681 391 1716 ad
423 1681 616 1717 victoriam
646 1683 869 1718 obstina-

141 1732 238 1765 tum
275 1731 470 1765 cernerent
507 1731 593 1775 122,
608 1741 653 1767 30.
693 1750 736 1756 —
775 1742 869 1777 quae

142 1805 150 1814 .
177 1805 186 1814 .
213 1803 222 1812 .
257 1778 322 1814 aut
345 1777 440 1813 mori
471 1780 536 1812 aut
560 1777 708 1814 vincere
733 1778 780 1814 sit
805 1780 869 1815 ob-

140 1825 274 1860 stinata
300 1827 380 1870 158,
393 1836 421 1862 5.

189 2015 328 2062 Quodsi
362 2016 667 2052 obstinatum
697 2017 871 2052 adversus

144 2074 270 2099 omnes
286 2075 413 2109 preces
439 2066 476 2099 et
493 2065 776 2110 supplicationes
793 2065 870 2100 ani-

142 2122 244 2146 mum
268 2113 416 2157 gereret
438 2113 521 2157 212,
535 2123 581 2149 20.
602 2133 643 2139 —
664 2112 762 2158 quod
785 2123 871 2148 con·

144 2162 202 2194 tra
250 2158 526 2204 dispositionem
575 2159 646 2196 Dei
686 2160 871 2196 obstinato

145 2206 267 2242 animo
291 2207 416 2242 venire
440 2207 703 2252 temptaverint
728 2210 810 2253 322,
826 2219 870 2245 15.

190 2254 228 2289 in
254 2253 384 2290 eadem
409 2265 470 2290 eos
504 2255 685 2291 sententia
714 2256 872 2292 obsti—

144 2305 285 2337 natos
319 2302 542 2338 invenemnt
567 2306 646 2348 155,
661 2315 707 2341 20.
737 2325 782 2330 -
817 2303 872 2338 illi

143 2350 182 2385 in
215 2349 344 2386 eadem
378 2350 560 2386 sententia
592 2351 657 2386 fixi
681 2351 871 2387 obstinati-

145 2409 215 2444 que
239 2397 439 2434 manebant
462 2400 544 2442 280,
558 2409 605 2436 2⁶.
633 2420 675 2424 —
703 2399 872 2434 omnibus

143 2445 254 2491 plane
287 2444 336 2480 sd
366 2445 578 2482 rebellionis
611 2446 774 2482 studium
802 2447 872 2482 im·

146 2492 331 2529 mobiliter
355 2493 544 2529 obstinatis
569 2496 651 2540 263,
667 2506 712 2531 ιο.

193 2539 507 2576 obstinatum
534 2568 542 2576 .
562 2570 570 2578 .
590 2570 598 2578 .
624 2542 662 2576 in
687 2541 794 2577 malis
819 2541 872 2576 in-

145 2587 295 2634 genium
331 2617 340 2625 .
367 2617 374 2625 .
402 2617 411 2626 .
446 2589 604 2624 emolliri
637 2601 712 2625 non
736 2589 873 2634 poterit

149 2637 228 2680 152,
241 2647 286 2672 ao.
306 2655 350 2662 -
377 2636 600 2671 obstinatum
626 2637 664 2672 in
688 2637 794 2672 malis
819 2637 872 2671 in-

146 2682 297 2729 genium
330 2695 399 2719 nec
431 2686 599 2730 tempore
634 2685 707 2719 iam
740 2683 873 2728 corrigi

144 2741 251 2776 posse
275 2742 344 2767 nec
360 2731 508 2767 racione
532 2734 615 2777 246,
623 2744 668 2769 30.
689 2753 731 2758 —
751 2732 780 2766 si
803 2742 875 2775 qus

146 2778 288 2814 ratione
316 2778 479 2826 rigidum
513 2780 810 2823 obstinatumque
836 2778 874 2812 in

144 2826 250 2861 malis
275 2854 284 2863 .
304 2827 554 2873 ..ingenium
580 2827 738 2863 emolliri
761 2825 875 2871 possit

146 2875 228 2918 279,
241 2885 286 2911 so.

1578 232 1648 266 457

968 537 1077 572 Num.
1113 540 1176 582 30,
1206 539 1239 574 4.
1277 537 1541 582 iuramentum,
1561 550 1648 598 „quo-

920 583 1170 630 obligavit
1203 585 1362 620 animam
1397 597 1520 630 suam3
1561 589 1592 623 Τ.
1620 587 1648 620 si

920 631 1080 666 animam
1098 631 1174 667 eius
1193 632 1410 679 obligaverit
1431 633 1647 670 iuramento.

922 699 965 704 —-
993 679 1052 722 Cf.
1079 679 1318 726 obstringere.

968 823 1056 858 Sall.
1096 823 1171 858 Cat.
1211 824 1267 859 14.
1314 823 1403 858 dum
1444 823 1524 858 illos
1567 835 1587 858 ο
1601 825 1648 858 b-

919 870 1093 905 noxios
1118 869 1284 915 fidosque
1311 870 1380 906 sibi
1404 870 1551 908 faceret.

969 1110 1048 1144 Liv.
1074 1110 1127 1152 ΙΙ,
1147 1111 1203 1152 15,
1222 1111 1257 1145 4.
1275 1111 1309 1146 5.
1340 1120 1406 1144 rex
1431 1109 1650 1144 verecundia

920 1157 1058 1192 victus:
1097 1156 1254 1202 Quando
1291 1156 1330 1191 id.
1365 1159 1507 1192 certum
1541 1160 1650 1203 atque

921 1205 1224 1240 obstinatum
1265 1205 1368 1240 vobis
1411 1207 1477 1248 est,
1519 1205 1649 1250 inquit,

920 1264 1039 1298 neque
1081 1264 1149 1298 ego
1191 1251 1405 1289 obtundam.
1445 1273 1486 1278 ——
1532 1254 1648 1289 Amm.

920 1302 1037 1337 Marc.
1055 1301 1162 1344 XIX,
1184 1303 1240 1344 12,
1259 1303 1292 1337 2.
1321 1303 1400 1335 erat
1425 1301 1648 1335 obstinatum

919 1348 1108 1393 fixumque
1138 1348 1215 1383 eius
1240 1349 1481 1394 propositum.
1511 1369 1552 1373 -
1586 1349 1651 1383 Te-

919 1402 1011 1433 rent.
1030 1397 1126 1431 Eun.
1152 1397 1205 1439 ΙΙ,
1224 1398 1283 1439 22,
1303 1399 1334 1432 1.
1362 1396 1540 1441 imperavi
1565 1407 1650 1442 ego-

919 1446 998 1480 met
1015 1444 1125 1498 mihist
1152 1445 1270 1498 ᾼπάν.
1293 1445 1333 1487 V,
1348 1446 1386 1488 3,
1406 1445 1464 1480 26.
1481 1446 1540 1498 Ξῖ.
1562 1443 1651 1488 quid

920 1502 1321 1575 Korgffxffimfflpffne
1330 1519 1348 1575 '.
1374 1519 1422 1574 nt·
1431 1502 1573 1584 ῥοιέῗο,
1591 1503 1650 1574 Ἐξ

919 1599 1010 1624 ram.

968 1637 1086 1671 Amm.
1105 1636 1220 1671 Marc.
1246 1635 1380 1677 XVII,
1401 1637 1462 1678 13,
1482 1636 1540 1670 28.
1566 1633 1648 1668 ob-

920 1683 1125 1719 stinatis
1159 1682 1206 1717 ad
1240 1685 1398 1717 mortem
1430 1681 1568 1717 animis.
1604 1702 1646 1706 —

919 1732 998 1767 Ιιίυ.
1022 1732 1174 1774 XXIII,
1191 1733 1248 1768 29.
1275 1730 1547 1765 obstinaverant
1573 1729 1648 1763 ani-

919 1780 988 1815 mis
1006 1782 1070 1814 aut
1086 1779 1232 1814 vincere
1250 1780 1313 1813 aut
1330 1777 1438 1821 mori3
1460 1777 1647 1816 XXVIII,

920 1830 978 1864 22.
1016 1830 1099 1863 ut.
1163 1855 1170 1862 .
1203 1826 1404 1861 obstinatos
1439 1825 1533 1859 mori
1568 1853 1574 1860 .
1604 1852 1611 1860 .
1640 1852 1646 1859 .

921 1886 1131 1920 quemque.
1179 1873 1308 1910 .vidit
1329 1894 1370 1898 ——
1397 1874 1513 1907 Amm.
1533 1873 1647 1907 Marc.

921 1923 1045 1966 XXV,
1065 1925 1104 1966 3,
1127 1901 1182 1958 10.
1215 1921 1326 1956 etiam
1358 1919 1452 1955 moii
1479 1948 1485 1955 .
1514 1948 1521 1955 .
1549 1948 1557 1956 .
1585 1919 1647 1954 ob-

920 1971 1085 2007 stinatus.

968 2019 1048 2055 Liv.
1084 2019 1164 2061 ΙΙΙ,
1192 2019 1249 2060 47
1276 2018 1311 2052 4.
1350 2015 1520 2050 adversus
1556 2025 1648 2058 quae

921 2066 1045 2101 omnia
1070 2065 1326 2100 obstinato
1353 2063 1485 2098 animo.
1503 2062 1648 2096 —Sall

920 2114 1003 2158 qu.
1030 2115 1087 2150 64.
1122 2124 1195 2148 neu
1228 2123 1338 2157 super
1363 2110 1548 2145 fortunam
1575 2109 1648 2143 ani-

920 2173 1023 2196 mum
1054 2163 1209 2207 gereret.
1239 2180 1281 2185 —
1308 2159 1408 2193 Ruth
1436 2159 1549 2202 1,18.
1586 2157 1649 2191 ob-

921 2209 1055 2244 stinato
1085 2208 1218 2244 animo.
