<?xml version="1.0" encoding="UTF-8"?>
<!DOCTYPE html PUBLIC "-//W3C//DTD XHTML 1.0 Transitional//EN"
    "http://www.w3.org/TR/xhtml1/DTD/xhtml1-transitional.dtd">
<html xmlns="http://www.w3.org/1999/xhtml" xml:lang="en" lang="en">
 <head>
  <title>
</title>
<meta http-equiv="Content-Type" content="text/html;charset=utf-8" />
  <meta name='ocr-system' content='tesseract 3.04.00' />
  <meta name='ocr-capabilities' content='ocr_page ocr_carea ocr_par ocr_line ocrx_word'/>
</head>
<body>
  <div class='ocr_page' id='page_1' title='image "./lampertimonachih00lambuoft/lampertimonachih00lambuoft_0302.png"; bbox 0 0 2046 3190; ppageno 0'>
   <div class='ocr_carea' id='block_1_1' title="bbox 228 367 330 445">
    <p class='ocr_par' dir='ltr' id='par_1_1' title="bbox 228 367 330 445">
     <span class='ocr_line' id='line_1_1' title="bbox 228 367 328 403; baseline -0.02 0"><span class='ocrx_word' id='word_1_1' title='bbox 228 367 328 403; x_wconf 79' lang='lat'>1075.</span> 
     </span>
     <span class='ocr_line' id='line_1_2' title="bbox 245 415 330 445; baseline 0 -5"><span class='ocrx_word' id='word_1_2' title='bbox 245 415 330 445; x_wconf 76' lang='lat' dir='ltr'>(Iul.)</span> 
     </span>
    </p>
   </div>
   <div class='ocr_carea' id='block_1_2' title="bbox 302 2393 360 2420">
    <p class='ocr_par' dir='ltr' id='par_1_2' title="bbox 302 2393 360 2420">
     <span class='ocr_line' id='line_1_3' title="bbox 302 2393 360 2420; baseline 0.034 -2"><span class='ocrx_word' id='word_1_3' title='bbox 302 2393 360 2420; x_wconf 78' lang='lat' dir='ltr'>Oct.</span> 
     </span>
    </p>
   </div>
   <div class='ocr_carea' id='block_1_3' title="bbox 337 236 1488 283">
    <p class='ocr_par' dir='ltr' id='par_1_3' title="bbox 337 236 1488 283">
     <span class='ocr_line' id='line_1_4' title="bbox 337 236 1488 283; baseline -0.009 0"><span class='ocrx_word' id='word_1_4' title='bbox 337 246 412 283; x_wconf 76' lang='lat'>226</span> <span class='ocrx_word' id='word_1_5' title='bbox 714 236 983 274; x_wconf 80' lang='lat' dir='ltr'><strong>LAMPERTI</strong></span> <span class='ocrx_word' id='word_1_6' title='bbox 1007 236 1260 272; x_wconf 81' lang='lat' dir='ltr'>ANNALES.</span> <span class='ocrx_word' id='word_1_7' title='bbox 1309 236 1357 272; x_wconf 88' lang='lat' dir='ltr'>A.</span> <span class='ocrx_word' id='word_1_8' title='bbox 1385 238 1488 273; x_wconf 87' lang='lat'>1075.</span> 
     </span>
    </p>
   </div>
   <div class='ocr_carea' id='block_1_4' title="bbox 343 355 1919 2732">
    <p class='ocr_par' dir='ltr' id='par_1_4' title="bbox 343 355 1904 1357">
     <span class='ocr_line' id='line_1_5' title="bbox 343 355 1848 414; baseline -0.008 -4"><span class='ocrx_word' id='word_1_9' title='bbox 343 368 534 409; x_wconf 85' lang='lat' dir='ltr'>functus</span> <span class='ocrx_word' id='word_1_10' title='bbox 565 365 684 407; x_wconf 90' lang='lat' dir='ltr'>ierat</span> <span class='ocrx_word' id='word_1_11' title='bbox 698 362 725 414; x_wconf 83' lang='lat'>¹,</span> <span class='ocrx_word' id='word_1_12' title='bbox 759 374 965 404; x_wconf 87' lang='lat' dir='ltr'>reversus</span> <span class='ocrx_word' id='word_1_13' title='bbox 999 362 1081 409; x_wconf 88' lang='lat' dir='ltr'>est,</span> <span class='ocrx_word' id='word_1_14' title='bbox 1114 361 1300 401; x_wconf 88' lang='lat' dir='ltr'>tantum</span> <span class='ocrx_word' id='word_1_15' title='bbox 1331 358 1463 413; x_wconf 77' lang='lat' dir='ltr'>regia</span> <span class='ocrx_word' id='word_1_16' title='bbox 1501 358 1714 400; x_wconf 82' lang='lat' dir='ltr'>deferens</span> <span class='ocrx_word' id='word_1_17' title='bbox 1746 355 1848 398; x_wconf 87' lang='lat' dir='ltr'>auri</span> 
     </span>
     <span class='ocr_line' id='line_1_6' title="bbox 346 417 1847 480; baseline -0.009 -10"><span class='ocrx_word' id='word_1_18' title='bbox 346 430 392 470; x_wconf 91' lang='lat' dir='ltr'>et</span> <span class='ocrx_word' id='word_1_19' title='bbox 431 424 612 480; x_wconf 87' lang='lat' dir='ltr'>argenti</span> <span class='ocrx_word' id='word_1_20' title='bbox 650 426 696 465; x_wconf 92' lang='lat' dir='ltr'>et</span> <span class='ocrx_word' id='word_1_21' title='bbox 728 421 926 464; x_wconf 84' lang='lat' dir='ltr'>vestium</span> <span class='ocrx_word' id='word_1_22' title='bbox 965 419 1288 475; x_wconf 88' lang='lat' dir='ltr'>preciosarum,</span> <span class='ocrx_word' id='word_1_23' title='bbox 1328 419 1382 458; x_wconf 91' lang='lat' dir='ltr'>ut</span> <span class='ocrx_word' id='word_1_24' title='bbox 1422 417 1554 458; x_wconf 89' lang='lat' dir='ltr'>nulla</span> <span class='ocrx_word' id='word_1_25' title='bbox 1594 419 1718 458; x_wconf 88' lang='lat' dir='ltr'>retro</span> <span class='ocrx_word' id='word_1_26' title='bbox 1758 429 1847 458; x_wconf 82' lang='lat' dir='ltr'>me-</span> 
     </span>
     <span class='ocr_line' id='line_1_7' title="bbox 347 476 1847 535; baseline -0.009 -7"><span class='ocrx_word' id='word_1_27' title='bbox 347 487 491 528; x_wconf 87' lang='lat' dir='ltr'>moria</span> <span class='ocrx_word' id='word_1_28' title='bbox 520 486 706 526; x_wconf 88' lang='lat' dir='ltr'>tantum</span> <span class='ocrx_word' id='word_1_29' title='bbox 738 494 879 535; x_wconf 87' lang='lat' dir='ltr'>regno</span> <span class='ocrx_word' id='word_1_30' title='bbox 911 478 1165 521; x_wconf 76' lang='lat' dir='ltr'>Teutonico</span> <span class='ocrx_word' id='word_1_31' title='bbox 1204 491 1296 519; x_wconf 92' lang='lat' dir='ltr'>uno</span> <span class='ocrx_word' id='word_1_32' title='bbox 1327 479 1536 532; x_wconf 90' lang='lat' dir='ltr'>tempore</span> <span class='ocrx_word' id='word_1_33' title='bbox 1567 476 1752 517; x_wconf 85' lang='lat' dir='ltr'>illatum</span> <span class='ocrx_word' id='word_1_34' title='bbox 1782 488 1847 517; x_wconf 89' lang='lat' dir='ltr'>re-</span> 
     </span>
     <span class='ocr_line' id='line_1_8' title="bbox 345 535 1848 595; baseline -0.009 -7"><span class='ocrx_word' id='word_1_35' title='bbox 345 547 538 588; x_wconf 80' lang='lat' dir='ltr'>feratur.</span> <span class='ocrx_word' id='word_1_36' title='bbox 604 541 706 594; x_wconf 76' lang='lat' dir='ltr'>Qua</span> <span class='ocrx_word' id='word_1_37' title='bbox 744 553 899 595; x_wconf 88' lang='lat' dir='ltr'>regem</span> <span class='ocrx_word' id='word_1_38' title='bbox 937 538 1145 580; x_wconf 82' lang='lat' dir='ltr'>mercede</span> <span class='ocrx_word' id='word_1_39' title='bbox 1185 538 1242 578; x_wconf 85' lang='lat' dir='ltr'>ad</span> <span class='ocrx_word' id='word_1_40' title='bbox 1281 537 1367 578; x_wconf 90' lang='lat' dir='ltr'>hoc</span> <span class='ocrx_word' id='word_1_41' title='bbox 1405 538 1592 577; x_wconf 88' lang='lat' dir='ltr'>tantum</span> <span class='ocrx_word' id='word_1_42' title='bbox 1624 535 1848 576; x_wconf 85' lang='lat' dir='ltr'>redimere</span> 
     </span>
     <span class='ocr_line' id='line_1_9' title="bbox 346 596 1878 649; baseline -0.008 -2"><span class='ocrx_word' id='word_1_43' title='bbox 346 605 532 648; x_wconf 85' lang='lat' dir='ltr'>volebat</span> <span class='ocrx_word' id='word_1_44' title='bbox 563 616 642 644; x_wconf 87' lang='lat' dir='ltr'>rex</span> <span class='ocrx_word' id='word_1_45' title='bbox 673 601 976 648; x_wconf 83' lang='lat' dir='ltr'>Ruzenorum,</span> <span class='ocrx_word' id='word_1_46' title='bbox 1010 599 1064 638; x_wconf 88' lang='lat' dir='ltr'>ut</span> <span class='ocrx_word' id='word_1_47' title='bbox 1095 596 1232 638; x_wconf 81' lang='lat' dir='ltr'>fratri</span> <span class='ocrx_word' id='word_1_48' title='bbox 1264 609 1346 636; x_wconf 89' lang='lat' dir='ltr'>suo</span> <span class='ocrx_word' id='word_1_49' title='bbox 1361 596 1387 646; x_wconf 78' lang='lat'>²,</span> <span class='ocrx_word' id='word_1_50' title='bbox 1430 609 1566 649; x_wconf 89' lang='lat' dir='ltr'>quem</span> <span class='ocrx_word' id='word_1_51' title='bbox 1603 607 1747 648; x_wconf 87' lang='lat' dir='ltr'>regno</span> <span class='ocrx_word' id='word_1_52' title='bbox 1779 605 1878 635; x_wconf 82' lang='lat' dir='ltr'>ex-5</span> 
     </span>
     <span class='ocr_line' id='line_1_10' title="bbox 348 652 1849 720; baseline -0.008 -14"><span class='ocrx_word' id='word_1_53' title='bbox 348 664 542 720; x_wconf 86' lang='lat' dir='ltr'>pulerat,</span> <span class='ocrx_word' id='word_1_54' title='bbox 578 662 816 703; x_wconf 87' lang='lat' dir='ltr'>adversum</span> <span class='ocrx_word' id='word_1_55' title='bbox 851 672 898 699; x_wconf 88' lang='lat' dir='ltr'>se</span> <span class='ocrx_word' id='word_1_56' title='bbox 931 671 1024 698; x_wconf 92' lang='lat' dir='ltr'>non</span> <span class='ocrx_word' id='word_1_57' title='bbox 1047 656 1260 711; x_wconf 89' lang='lat' dir='ltr'>preberet</span> <span class='ocrx_word' id='word_1_58' title='bbox 1283 654 1519 695; x_wconf 87' lang='lat' dir='ltr'>auxilium.</span> <span class='ocrx_word' id='word_1_59' title='bbox 1569 652 1703 705; x_wconf 81' lang='lat' dir='ltr'>Quod</span> <span class='ocrx_word' id='word_1_60' title='bbox 1726 654 1849 694; x_wconf 88' lang='lat' dir='ltr'>certe</span> 
     </span>
     <span class='ocr_line' id='line_1_11' title="bbox 349 712 1849 779; baseline -0.008 -14"><span class='ocrx_word' id='word_1_61' title='bbox 349 723 492 779; x_wconf 87' lang='lat' dir='ltr'>gratis</span> <span class='ocrx_word' id='word_1_62' title='bbox 525 721 665 763; x_wconf 89' lang='lat' dir='ltr'>etiam</span> <span class='ocrx_word' id='word_1_63' title='bbox 697 719 943 773; x_wconf 87' lang='lat' dir='ltr'>impetrare</span> <span class='ocrx_word' id='word_1_64' title='bbox 976 715 1220 770; x_wconf 89' lang='lat' dir='ltr'>potuisset,</span> <span class='ocrx_word' id='word_1_65' title='bbox 1264 714 1372 768; x_wconf 90' lang='lat' dir='ltr'>quia</span> <span class='ocrx_word' id='word_1_66' title='bbox 1412 713 1646 755; x_wconf 71' lang='lat' dir='ltr'>intestinis</span> <span class='ocrx_word' id='word_1_67' title='bbox 1684 726 1737 754; x_wconf 87' lang='lat' dir='ltr'>ac</span> <span class='ocrx_word' id='word_1_68' title='bbox 1776 712 1849 753; x_wconf 90' lang='lat' dir='ltr'>do·</span> 
     </span>
     <span class='ocr_line' id='line_1_12' title="bbox 349 770 1851 830; baseline -0.009 -6"><span class='ocrx_word' id='word_1_69' title='bbox 349 781 551 824; x_wconf 89' lang='lat' dir='ltr'>mesticis</span> <span class='ocrx_word' id='word_1_70' title='bbox 592 779 727 821; x_wconf 89' lang='lat' dir='ltr'>bellis</span> <span class='ocrx_word' id='word_1_71' title='bbox 769 770 1052 830; x_wconf 87' lang='lat' dir='ltr'>occupatusb</span> <span class='ocrx_word' id='word_1_72' title='bbox 1100 775 1158 815; x_wconf 89' lang='lat' dir='ltr'>ad</span> <span class='ocrx_word' id='word_1_73' title='bbox 1200 775 1390 815; x_wconf 88' lang='lat' dir='ltr'>externa</span> <span class='ocrx_word' id='word_1_74' title='bbox 1435 774 1622 826; x_wconf 86' lang='lat' dir='ltr'>tamque</span> <span class='ocrx_word' id='word_1_75' title='bbox 1662 770 1851 813; x_wconf 89' lang='lat' dir='ltr'>remotis</span> 
     </span>
     <span class='ocr_line' id='line_1_13' title="bbox 350 830 1852 897; baseline -0.008 -14"><span class='ocrx_word' id='word_1_76' title='bbox 350 841 566 897; x_wconf 88' lang='lat' dir='ltr'>gentibus</span> <span class='ocrx_word' id='word_1_77' title='bbox 607 837 851 879; x_wconf 79' lang='lat' dir='ltr'>inferenda</span> <span class='ocrx_word' id='word_1_78' title='bbox 891 834 1015 876; x_wconf 90' lang='lat' dir='ltr'>bella</span> <span class='ocrx_word' id='word_1_79' title='bbox 1055 833 1186 874; x_wconf 91' lang='lat' dir='ltr'>nullo</span> <span class='ocrx_word' id='word_1_80' title='bbox 1227 832 1363 873; x_wconf 89' lang='lat' dir='ltr'>modo</span> <span class='ocrx_word' id='word_1_81' title='bbox 1403 831 1612 873; x_wconf 80' lang='lat' dir='ltr'>vacabat.</span> <span class='ocrx_word' id='word_1_82' title='bbox 1675 830 1764 872; x_wconf 88' lang='lat' dir='ltr'>Per</span> <span class='ocrx_word' id='word_1_83' title='bbox 1803 842 1852 871; x_wconf 85' lang='lat' dir='ltr'>se</span> 
     </span>
     <span class='ocr_line' id='line_1_14' title="bbox 350 889 1902 954; baseline -0.01 -11"><span class='ocrx_word' id='word_1_84' title='bbox 350 914 517 954; x_wconf 84' lang='lat' dir='ltr'>magno</span> <span class='ocrx_word' id='word_1_85' title='bbox 551 897 731 939; x_wconf 87' lang='lat' dir='ltr'>muneri</span> <span class='ocrx_word' id='word_1_86' title='bbox 762 908 980 948; x_wconf 87' lang='lat' dir='ltr'>magnum</span> <span class='ocrx_word' id='word_1_87' title='bbox 1013 892 1220 934; x_wconf 77' lang='lat' dir='ltr'>addidit⁰</span> <span class='ocrx_word' id='word_1_88' title='bbox 1250 891 1455 946; x_wconf 82' lang='lat' dir='ltr'>precium</span> <span class='ocrx_word' id='word_1_89' title='bbox 1483 889 1704 944; x_wconf 85' lang='lat' dir='ltr'>temporis</span> <span class='ocrx_word' id='word_1_90' title='bbox 1725 902 1852 944; x_wconf 84' lang='lat' dir='ltr'>opor·</span> <span class='ocrx_word' id='word_1_91' title='bbox 1867 902 1902 927; x_wconf 87' lang='grc' dir='ltr'>ιο</span> 
     </span>
     <span class='ocr_line' id='line_1_15' title="bbox 351 948 1854 1008; baseline -0.009 -7"><span class='ocrx_word' id='word_1_92' title='bbox 351 960 542 1002; x_wconf 86' lang='lat' dir='ltr'>tunitas.</span> <span class='ocrx_word' id='word_1_93' title='bbox 590 957 710 998; x_wconf 88' lang='lat' dir='ltr'>Nam</span> <span class='ocrx_word' id='word_1_94' title='bbox 742 953 1009 1008; x_wconf 87' lang='lat' dir='ltr'>ingentibus</span> <span class='ocrx_word' id='word_1_95' title='bbox 1041 951 1239 993; x_wconf 88' lang='lat' dir='ltr'>recentis</span> <span class='ocrx_word' id='word_1_96' title='bbox 1272 950 1384 992; x_wconf 89' lang='lat' dir='ltr'>belli</span> <span class='ocrx_word' id='word_1_97' title='bbox 1413 949 1622 1004; x_wconf 83' lang='lat' dir='ltr'>expensis</span> <span class='ocrx_word' id='word_1_98' title='bbox 1655 948 1854 990; x_wconf 84' lang='lat' dir='ltr'>erarium</span> 
     </span>
     <span class='ocr_line' id='line_1_16' title="bbox 351 1006 1854 1074; baseline -0.009 -13"><span class='ocrx_word' id='word_1_99' title='bbox 351 1019 472 1074; x_wconf 88' lang='lat' dir='ltr'>regis</span> <span class='ocrx_word' id='word_1_100' title='bbox 515 1017 790 1060; x_wconf 87' lang='lat' dir='ltr'>exhaustum</span> <span class='ocrx_word' id='word_1_101' title='bbox 833 1014 1007 1062; x_wconf 81' lang='lat' dir='ltr'>fuerat,</span> <span class='ocrx_word' id='word_1_102' title='bbox 1051 1013 1098 1053; x_wconf 90' lang='lat' dir='ltr'>et</span> <span class='ocrx_word' id='word_1_103' title='bbox 1139 1010 1270 1052; x_wconf 87' lang='lat' dir='ltr'>miles</span> <span class='ocrx_word' id='word_1_104' title='bbox 1310 1010 1607 1051; x_wconf 88' lang='lat' dir='ltr'>vehementer</span> <span class='ocrx_word' id='word_1_105' title='bbox 1647 1006 1854 1049; x_wconf 88' lang='lat' dir='ltr'>instabat</span> 
     </span>
     <span class='ocr_line' id='line_1_17' title="bbox 352 1064 1855 1133; baseline -0.009 -13"><span class='ocrx_word' id='word_1_106' title='bbox 352 1091 500 1133; x_wconf 84' lang='lat' dir='ltr'>nuper</span> <span class='ocrx_word' id='word_1_107' title='bbox 532 1077 719 1118; x_wconf 90' lang='lat' dir='ltr'>exactae</span> <span class='ocrx_word' id='word_1_108' title='bbox 748 1073 946 1114; x_wconf 74' lang='lat' dir='ltr'>miliciae</span> <span class='ocrx_word' id='word_1_109' title='bbox 970 1070 1196 1126; x_wconf 86' lang='lat' dir='ltr'>premium</span> <span class='ocrx_word' id='word_1_110' title='bbox 1225 1064 1534 1123; x_wconf 73' lang='lat' dir='ltr'>efflagitansd;</span> <span class='ocrx_word' id='word_1_111' title='bbox 1569 1067 1644 1109; x_wconf 88' lang='lat' dir='ltr'>cui</span> <span class='ocrx_word' id='word_1_112' title='bbox 1674 1066 1764 1108; x_wconf 88' lang='lat' dir='ltr'>nisi</span> <span class='ocrx_word' id='word_1_113' title='bbox 1795 1065 1855 1108; x_wconf 85' lang='lat' dir='ltr'>ad</span> 
     </span>
     <span class='ocr_line' id='line_1_18' title="bbox 353 1126 1855 1190; baseline -0.009 -11"><span class='ocrx_word' id='word_1_114' title='bbox 353 1140 512 1180; x_wconf 81' lang='lat' dir='ltr'>votum</span> <span class='ocrx_word' id='word_1_115' title='bbox 552 1135 680 1190; x_wconf 85' lang='lat' dir='ltr'>regia</span> <span class='ocrx_word' id='word_1_116' title='bbox 720 1132 971 1187; x_wconf 73' lang='lat' dir='ltr'>largicione</span> <span class='ocrx_word' id='word_1_117' title='bbox 1013 1129 1331 1178; x_wconf 72' lang='lat' dir='ltr'>satisfecisset,</span> <span class='ocrx_word' id='word_1_118' title='bbox 1383 1127 1535 1168; x_wconf 76' lang='lat' dir='ltr'>haude</span> <span class='ocrx_word' id='word_1_119' title='bbox 1576 1126 1715 1168; x_wconf 89' lang='lat' dir='ltr'>dubie</span> <span class='ocrx_word' id='word_1_120' title='bbox 1754 1138 1855 1167; x_wconf 88' lang='lat' dir='ltr'>con-</span> 
     </span>
     <span class='ocr_line' id='line_1_19' title="bbox 355 1187 1904 1248; baseline -0.01 -9"><span class='ocrx_word' id='word_1_121' title='bbox 355 1198 528 1243; x_wconf 83' lang='lat' dir='ltr'>stabat,</span> <span class='ocrx_word' id='word_1_122' title='bbox 578 1194 699 1248; x_wconf 91' lang='lat' dir='ltr'>quod</span> <span class='ocrx_word' id='word_1_123' title='bbox 743 1206 846 1234; x_wconf 90' lang='lat' dir='ltr'>eum</span> <span class='ocrx_word' id='word_1_124' title='bbox 895 1191 954 1232; x_wconf 87' lang='lat' dir='ltr'>ad</span> <span class='ocrx_word' id='word_1_125' title='bbox 993 1189 1219 1243; x_wconf 89' lang='lat' dir='ltr'>reliquam</span> <span class='ocrx_word' id='word_1_126' title='bbox 1266 1187 1446 1241; x_wconf 84' lang='lat' dir='ltr'>negocii</span> <span class='ocrx_word' id='word_1_127' title='bbox 1492 1188 1689 1240; x_wconf 87' lang='lat' dir='ltr'>partem,</span> <span class='ocrx_word' id='word_1_128' title='bbox 1738 1197 1855 1238; x_wconf 89' lang='lat' dir='ltr'>quae</span> <span class='ocrx_word' id='word_1_129' title='bbox 1870 1197 1904 1224; x_wconf 83' lang='lat'>16</span> 
     </span>
     <span class='ocr_line' id='line_1_20' title="bbox 355 1243 1856 1312; baseline -0.009 -14"><span class='ocrx_word' id='word_1_130' title='bbox 355 1257 564 1312; x_wconf 81' lang='lat' dir='ltr'>profecto</span> <span class='ocrx_word' id='word_1_131' title='bbox 596 1253 740 1294; x_wconf 88' lang='lat' dir='ltr'>maior</span> <span class='ocrx_word' id='word_1_132' title='bbox 771 1245 972 1292; x_wconf 82' lang='lat' dir='ltr'>restaref</span> <span class='ocrx_word' id='word_1_133' title='bbox 1008 1248 1274 1297; x_wconf 70' lang='lat' dir='ltr'>timebatur,</span> <span class='ocrx_word' id='word_1_134' title='bbox 1308 1247 1459 1287; x_wconf 89' lang='lat' dir='ltr'>minus</span> <span class='ocrx_word' id='word_1_135' title='bbox 1483 1246 1699 1287; x_wconf 85' lang='lat' dir='ltr'>devotum</span> <span class='ocrx_word' id='word_1_136' title='bbox 1731 1243 1856 1284; x_wconf 87' lang='lat' dir='ltr'>habi-</span> 
     </span>
     <span class='ocr_line' id='line_1_21' title="bbox 355 1314 651 1357; baseline -0.017 0"><span class='ocrx_word' id='word_1_137' title='bbox 355 1319 488 1357; x_wconf 86' lang='lat' dir='ltr'>turus</span> <span class='ocrx_word' id='word_1_138' title='bbox 521 1314 651 1355; x_wconf 89' lang='lat' dir='ltr'>esset.</span> 
     </span>
    </p>

    <p class='ocr_par' dir='ltr' id='par_1_5' title="bbox 356 1361 1919 2732">
     <span class='ocr_line' id='line_1_22' title="bbox 499 1361 1856 1426; baseline -0.009 -13"><span class='ocrx_word' id='word_1_139' title='bbox 499 1367 1209 1426; x_wconf 16' lang='lat' dir='ltr'>Mogontinusp-ffarcliiepiscopus</span> <span class='ocrx_word' id='word_1_140' title='bbox 1251 1364 1469 1406; x_wconf 83' lang='lat' dir='ltr'>efferatus</span> <span class='ocrx_word' id='word_1_141' title='bbox 1510 1363 1558 1403; x_wconf 91' lang='lat' dir='ltr'>in</span> <span class='ocrx_word' id='word_1_142' title='bbox 1590 1361 1856 1403; x_wconf 84' lang='lat' dir='ltr'>Halbersta-</span> 
     </span>
     <span class='ocr_line' id='line_1_23' title="bbox 356 1420 1858 1485; baseline -0.01 -10"><span class='ocrx_word' id='word_1_143' title='bbox 356 1430 876 1485; x_wconf 51' lang='lat' dir='ltr'>teliseifig&#39;“episcopum,</span> <span class='ocrx_word' id='word_1_144' title='bbox 920 1423 1003 1481; x_wconf 78' lang='lat' dir='ltr'>pro</span> <span class='ocrx_word' id='word_1_145' title='bbox 1033 1424 1261 1478; x_wconf 32' lang='grc' dir='ltr'>ζε”ἑῖ)””’ῖζῐυΐοᾙ</span> <span class='ocrx_word' id='word_1_146' title='bbox 1302 1436 1382 1477; x_wconf 89' lang='lat' dir='ltr'>per</span> <span class='ocrx_word' id='word_1_147' title='bbox 1423 1436 1528 1464; x_wconf 88' lang='lat' dir='ltr'>eum</span> <span class='ocrx_word' id='word_1_148' title='bbox 1568 1420 1858 1476; x_wconf 87' lang='lat' dir='ltr'>potissimum</span> 
     </span>
     <span class='ocr_line' id='line_1_24' title="bbox 359 1479 1908 1536; baseline -0.009 -2"><span class='ocrx_word' id='word_1_149' title='bbox 359 1493 539 1535; x_wconf 87' lang='lat' dir='ltr'>stetisse</span> <span class='ocrx_word' id='word_1_150' title='bbox 586 1489 832 1536; x_wconf 88' lang='lat' dir='ltr'>videretur,</span> <span class='ocrx_word' id='word_1_151' title='bbox 888 1498 945 1526; x_wconf 90' lang='lat' dir='ltr'>ne</span> <span class='ocrx_word' id='word_1_152' title='bbox 995 1484 1194 1526; x_wconf 81' lang='lat' dir='ltr'>Saxones</span> <span class='ocrx_word' id='word_1_153' title='bbox 1248 1481 1475 1524; x_wconf 82' lang='lat' dir='ltr'>deditioni</span> <span class='ocrx_word' id='word_1_154' title='bbox 1529 1479 1856 1529; x_wconf 88' lang='lat' dir='ltr'>consentirent,</span> <span class='ocrx_word' id='word_1_155' title='bbox 1871 1495 1908 1521; x_wconf 79' lang='lat'>20</span> 
     </span>
     <span class='ocr_line' id='line_1_25' title="bbox 359 1539 1860 1607; baseline -0.009 -15"><span class='ocrx_word' id='word_1_156' title='bbox 359 1549 590 1607; x_wconf 80' lang='lat' dir='ltr'>spirituali</span> <span class='ocrx_word' id='word_1_157' title='bbox 621 1549 855 1589; x_wconf 88' lang='lat' dir='ltr'>armatura</span> <span class='ocrx_word' id='word_1_158' title='bbox 887 1543 1118 1586; x_wconf 88' lang='lat' dir='ltr'>debellare</span> <span class='ocrx_word' id='word_1_159' title='bbox 1149 1544 1294 1597; x_wconf 88' lang='lat' dir='ltr'>parat,</span> <span class='ocrx_word' id='word_1_160' title='bbox 1329 1554 1465 1595; x_wconf 89' lang='lat' dir='ltr'>quem</span> <span class='ocrx_word' id='word_1_161' title='bbox 1496 1539 1689 1580; x_wconf 88' lang='lat' dir='ltr'>militari</span> <span class='ocrx_word' id='word_1_162' title='bbox 1719 1551 1860 1580; x_wconf 88' lang='lat' dir='ltr'>manu</span> 
     </span>
     <span class='ocr_line' id='line_1_26' title="bbox 359 1592 1850 1664; baseline -0.009 -12"><span class='ocrx_word' id='word_1_163' title='bbox 359 1625 453 1652; x_wconf 91' lang='lat' dir='ltr'>non</span> <span class='ocrx_word' id='word_1_164' title='bbox 485 1608 700 1664; x_wconf 86' lang='lat' dir='ltr'>potuerat</span> <span class='ocrx_word' id='word_1_165' title='bbox 712 1601 752 1646; x_wconf 81' lang='lat'>¹¹.</span> <span class='ocrx_word' id='word_1_166' title='bbox 801 1605 1029 1658; x_wconf 85' lang='lat' dir='ltr'>Legatum</span> <span class='ocrx_word' id='word_1_167' title='bbox 1061 1602 1103 1644; x_wconf 92' lang='lat' dir='ltr'>ei</span> <span class='ocrx_word' id='word_1_168' title='bbox 1134 1601 1282 1642; x_wconf 86' lang='lat' dir='ltr'>mittit</span> <span class='ocrx_word' id='word_1_169' title='bbox 1304 1613 1498 1654; x_wconf 90' lang='lat' dir='ltr'>eumque</span> <span class='ocrx_word' id='word_1_170' title='bbox 1530 1599 1589 1640; x_wconf 91' lang='lat' dir='ltr'>ad</span> <span class='ocrx_word' id='word_1_171' title='bbox 1615 1592 1850 1639; x_wconf 82' lang='lat' dir='ltr'>sinodumi</span> 
     </span>
     <span class='ocr_line' id='line_1_27' title="bbox 362 1656 1862 1717; baseline -0.009 -6"><span class='ocrx_word' id='word_1_172' title='bbox 362 1670 534 1717; x_wconf 84' lang='lat' dir='ltr'>evocat,</span> <span class='ocrx_word' id='word_1_173' title='bbox 577 1668 814 1708; x_wconf 87' lang='lat' dir='ltr'>intentans</span> <span class='ocrx_word' id='word_1_174' title='bbox 847 1664 888 1704; x_wconf 90' lang='lat' dir='ltr'>ei</span> <span class='ocrx_word' id='word_1_175' title='bbox 921 1663 1092 1704; x_wconf 88' lang='lat' dir='ltr'>crimen</span> <span class='ocrx_word' id='word_1_176' title='bbox 1133 1660 1322 1715; x_wconf 89' lang='lat' dir='ltr'>periurii</span> <span class='ocrx_word' id='word_1_177' title='bbox 1361 1673 1415 1700; x_wconf 91' lang='lat' dir='ltr'>ea</span> <span class='ocrx_word' id='word_1_178' title='bbox 1457 1659 1513 1700; x_wconf 93' lang='lat' dir='ltr'>de</span> <span class='ocrx_word' id='word_1_179' title='bbox 1546 1671 1695 1706; x_wconf 79' lang='lat' dir='ltr'>causa,</span> <span class='ocrx_word' id='word_1_180' title='bbox 1738 1656 1862 1711; x_wconf 89' lang='lat' dir='ltr'>quod</span> 
     </span>
     <span class='ocr_line' id='line_1_28' title="bbox 363 1715 1861 1779; baseline -0.009 -9"><span class='ocrx_word' id='word_1_181' title='bbox 363 1730 523 1771; x_wconf 88' lang='lat' dir='ltr'>contra</span> <span class='ocrx_word' id='word_1_182' title='bbox 562 1740 659 1768; x_wconf 88' lang='lat' dir='ltr'>rem</span> <span class='ocrx_word' id='word_1_183' title='bbox 700 1723 934 1779; x_wconf 81' lang='lat' dir='ltr'>publicam</span> <span class='ocrx_word' id='word_1_184' title='bbox 982 1723 1028 1763; x_wconf 91' lang='lat' dir='ltr'>et</span> <span class='ocrx_word' id='word_1_185' title='bbox 1073 1715 1275 1774; x_wconf 74' lang='lat' dir='ltr'>regemk,</span> <span class='ocrx_word' id='word_1_186' title='bbox 1325 1719 1400 1760; x_wconf 89' lang='lat' dir='ltr'>cui</span> <span class='ocrx_word' id='word_1_187' title='bbox 1440 1717 1523 1759; x_wconf 88' lang='lat' dir='ltr'>sub</span> <span class='ocrx_word' id='word_1_188' title='bbox 1565 1715 1861 1758; x_wconf 87' lang='lat' dir='ltr'>iureiurando</span> 
     </span>
     <span class='ocr_line' id='line_1_29' title="bbox 363 1774 1911 1840; baseline -0.007 -11"><span class='ocrx_word' id='word_1_189' title='bbox 363 1789 500 1829; x_wconf 85' lang='lat' dir='ltr'>fidem</span> <span class='ocrx_word' id='word_1_190' title='bbox 548 1783 888 1840; x_wconf 86' lang='lat' dir='ltr'>spopondisset,</span> <span class='ocrx_word' id='word_1_191' title='bbox 943 1782 1219 1822; x_wconf 89' lang='lat' dir='ltr'>instructam</span> <span class='ocrx_word' id='word_1_192' title='bbox 1273 1778 1416 1819; x_wconf 88' lang='lat' dir='ltr'>aciem</span> <span class='ocrx_word' id='word_1_193' title='bbox 1467 1777 1560 1817; x_wconf 88' lang='lat' dir='ltr'>dux</span> <span class='ocrx_word' id='word_1_194' title='bbox 1607 1777 1704 1830; x_wconf 89' lang='lat' dir='ltr'>ipse</span> <span class='ocrx_word' id='word_1_195' title='bbox 1750 1774 1863 1816; x_wconf 88' lang='lat' dir='ltr'>belli</span> <span class='ocrx_word' id='word_1_196' title='bbox 1875 1791 1911 1818; x_wconf 79' lang='lat'>2⁵</span> 
     </span>
     <span class='ocr_line' id='line_1_30' title="bbox 364 1834 1863 1893; baseline -0.009 -5"><span class='ocrx_word' id='word_1_197' title='bbox 364 1840 649 1893; x_wconf 72' lang='lat' dir='ltr'>direxisset13</span> <span class='ocrx_word' id='word_1_198' title='bbox 700 1845 785 1884; x_wconf 87' lang='lat' dir='ltr'>et¹¹¹</span> <span class='ocrx_word' id='word_1_199' title='bbox 832 1843 919 1882; x_wconf 89' lang='lat' dir='ltr'>hac</span> <span class='ocrx_word' id='word_1_200' title='bbox 967 1839 1204 1881; x_wconf 88' lang='lat' dir='ltr'>occasione</span> <span class='ocrx_word' id='word_1_201' title='bbox 1252 1838 1520 1892; x_wconf 89' lang='lat' dir='ltr'>episcopatu</span> <span class='ocrx_word' id='word_1_202' title='bbox 1567 1849 1672 1876; x_wconf 89' lang='lat' dir='ltr'>eum</span> <span class='ocrx_word' id='word_1_203' title='bbox 1713 1834 1863 1876; x_wconf 85' lang='lat' dir='ltr'>detur-</span> 
     </span>
     <span class='ocr_line' id='line_1_31' title="bbox 364 1897 1864 1955; baseline -0.01 -7"><span class='ocrx_word' id='word_1_204' title='bbox 364 1907 486 1955; x_wconf 86' lang='lat' dir='ltr'>bare,</span> <span class='ocrx_word' id='word_1_205' title='bbox 530 1905 567 1945; x_wconf 88' lang='lat' dir='ltr'>si</span> <span class='ocrx_word' id='word_1_206' title='bbox 598 1905 707 1945; x_wconf 86' lang='lat' dir='ltr'>vota</span> <span class='ocrx_word' id='word_1_207' title='bbox 744 1902 961 1955; x_wconf 90' lang='lat' dir='ltr'>sequatur</span> <span class='ocrx_word' id='word_1_208' title='bbox 994 1898 1199 1946; x_wconf 82' lang='lat' dir='ltr'>effectus,</span> <span class='ocrx_word' id='word_1_209' title='bbox 1242 1897 1556 1944; x_wconf 53' lang='lat' dir='ltr'>machinatum</span> <span class='ocrx_word' id='word_1_210' title='bbox 1598 1908 1760 1949; x_wconf 88' lang='lat' dir='ltr'>parum</span> <span class='ocrx_word' id='word_1_211' title='bbox 1798 1905 1864 1934; x_wconf 90' lang='lat' dir='ltr'>re-</span> 
     </span>
     <span class='ocr_line' id='line_1_32' title="bbox 366 1953 1864 2016; baseline -0.009 -10"><span class='ocrx_word' id='word_1_212' title='bbox 366 1965 520 2006; x_wconf 86' lang='lat' dir='ltr'>colens</span> <span class='ocrx_word' id='word_1_213' title='bbox 562 1977 608 2004; x_wconf 87' lang='lat' dir='ltr'>se</span> <span class='ocrx_word' id='word_1_214' title='bbox 650 1962 800 2016; x_wconf 90' lang='lat' dir='ltr'>ipsum</span> <span class='ocrx_word' id='word_1_215' title='bbox 842 1960 1002 2001; x_wconf 89' lang='lat' dir='ltr'>eadem</span> <span class='ocrx_word' id='word_1_216' title='bbox 1043 1960 1194 1998; x_wconf 80' lang='lat' dir='ltr'>noxa11</span> <span class='ocrx_word' id='word_1_217' title='bbox 1230 1955 1398 2005; x_wconf 90' lang='lat' dir='ltr'>teneri,</span> <span class='ocrx_word' id='word_1_218' title='bbox 1445 1954 1552 2008; x_wconf 88' lang='lat' dir='ltr'>quia</span> <span class='ocrx_word' id='word_1_219' title='bbox 1593 1955 1640 1994; x_wconf 93' lang='lat' dir='ltr'>et</span> <span class='ocrx_word' id='word_1_220' title='bbox 1680 1953 1776 2007; x_wconf 88' lang='lat' dir='ltr'>ipse</span> <span class='ocrx_word' id='word_1_221' title='bbox 1817 1953 1864 1992; x_wconf 88' lang='lat' dir='ltr'>et</span> 
     </span>
     <span class='ocr_line' id='line_1_33' title="bbox 368 2010 1866 2075; baseline -0.009 -11"><span class='ocrx_word' id='word_1_222' title='bbox 368 2023 523 2065; x_wconf 88' lang='lat' dir='ltr'>cuncti</span> <span class='ocrx_word' id='word_1_223' title='bbox 554 2021 782 2075; x_wconf 88' lang='lat' dir='ltr'>principes</span> <span class='ocrx_word' id='word_1_224' title='bbox 814 2019 956 2072; x_wconf 86' lang='lat' dir='ltr'>regni,</span> <span class='ocrx_word' id='word_1_225' title='bbox 991 2017 1069 2070; x_wconf 89' lang='lat' dir='ltr'>qui</span> <span class='ocrx_word' id='word_1_226' title='bbox 1101 2029 1224 2057; x_wconf 89' lang='lat' dir='ltr'>nunc</span> <span class='ocrx_word' id='word_1_227' title='bbox 1257 2015 1460 2070; x_wconf 89' lang='lat' dir='ltr'>partium</span> <span class='ocrx_word' id='word_1_228' title='bbox 1490 2013 1611 2067; x_wconf 87' lang='lat' dir='ltr'>regis</span> <span class='ocrx_word' id='word_1_229' title='bbox 1638 2012 1783 2061; x_wconf 89' lang='lat' dir='ltr'>erant,</span> <span class='ocrx_word' id='word_1_230' title='bbox 1816 2010 1866 2051; x_wconf 86' lang='lat' dir='ltr'>in</span> 
     </span>
     <span class='ocr_line' id='line_1_34' title="bbox 366 2071 1915 2130; baseline -0.006 -7"><span class='ocrx_word' id='word_1_231' title='bbox 366 2083 481 2123; x_wconf 88' lang='lat' dir='ltr'>haec</span> <span class='ocrx_word' id='word_1_232' title='bbox 524 2080 684 2122; x_wconf 91' lang='lat' dir='ltr'>eadem</span> <span class='ocrx_word' id='word_1_233' title='bbox 726 2080 886 2119; x_wconf 89' lang='lat' dir='ltr'>contra</span> <span class='ocrx_word' id='word_1_234' title='bbox 925 2089 1081 2130; x_wconf 89' lang='lat' dir='ltr'>regem</span> <span class='ocrx_word' id='word_1_235' title='bbox 1121 2074 1246 2116; x_wconf 88' lang='lat' dir='ltr'>bella</span> <span class='ocrx_word' id='word_1_236' title='bbox 1284 2088 1311 2115; x_wconf 91' lang='lat' dir='ltr'>a</span> <span class='ocrx_word' id='word_1_237' title='bbox 1342 2072 1566 2128; x_wconf 89' lang='lat' dir='ltr'>principio</span> <span class='ocrx_word' id='word_1_238' title='bbox 1606 2071 1915 2114; x_wconf 66' lang='lat' dir='ltr'>coniurave-zo</span> 
     </span>
     <span class='ocr_line' id='line_1_35' title="bbox 367 2132 1866 2186; baseline -0.009 -4"><span class='ocrx_word' id='word_1_239' title='bbox 367 2142 474 2182; x_wconf 88' lang='lat' dir='ltr'>rant</span> <span class='ocrx_word' id='word_1_240' title='bbox 488 2140 519 2180; x_wconf 78' lang='lat'>3.</span> <span class='ocrx_word' id='word_1_241' title='bbox 583 2138 672 2179; x_wconf 81' lang='lat' dir='ltr'>Sed</span> <span class='ocrx_word' id='word_1_242' title='bbox 712 2136 909 2177; x_wconf 89' lang='lat' dir='ltr'>nuncius</span> <span class='ocrx_word' id='word_1_243' title='bbox 950 2136 1078 2175; x_wconf 88' lang='lat' dir='ltr'>metu</span> <span class='ocrx_word' id='word_1_244' title='bbox 1115 2133 1331 2182; x_wconf 88' lang='lat' dir='ltr'>hostium,</span> <span class='ocrx_word' id='word_1_245' title='bbox 1375 2145 1456 2186; x_wconf 91' lang='lat' dir='ltr'>per</span> <span class='ocrx_word' id='word_1_246' title='bbox 1487 2144 1680 2184; x_wconf 87' lang='lat' dir='ltr'>quorum</span> <span class='ocrx_word' id='word_1_247' title='bbox 1719 2132 1866 2171; x_wconf 84' lang='lat' dir='ltr'>terras</span> 
     </span>
     <span class='ocr_line' id='line_1_36' title="bbox 368 2187 1866 2243; baseline -0.009 -2"><span class='ocrx_word' id='word_1_248' title='bbox 368 2198 702 2241; x_wconf 87' lang='lat' dir='ltr'>transeundum</span> <span class='ocrx_word' id='word_1_249' title='bbox 735 2196 846 2243; x_wconf 89' lang='lat' dir='ltr'>erat,</span> <span class='ocrx_word' id='word_1_250' title='bbox 888 2193 1149 2234; x_wconf 87' lang='lat' dir='ltr'>retardatus</span> <span class='ocrx_word' id='word_1_251' title='bbox 1183 2194 1264 2241; x_wconf 90' lang='lat' dir='ltr'>est,</span> <span class='ocrx_word' id='word_1_252' title='bbox 1307 2204 1365 2231; x_wconf 90' lang='lat' dir='ltr'>ne</span> <span class='ocrx_word' id='word_1_253' title='bbox 1398 2191 1457 2231; x_wconf 90' lang='lat' dir='ltr'>ad</span> <span class='ocrx_word' id='word_1_254' title='bbox 1488 2189 1767 2243; x_wconf 89' lang='lat' dir='ltr'>legittimas⁰</span> <span class='ocrx_word' id='word_1_255' title='bbox 1802 2187 1866 2228; x_wconf 90' lang='lat' dir='ltr'>in-</span> 
     </span>
     <span class='ocr_line' id='line_1_37' title="bbox 371 2246 1867 2308; baseline -0.009 -8"><span class='ocrx_word' id='word_1_256' title='bbox 371 2259 541 2308; x_wconf 83' lang='lat' dir='ltr'>ducias,</span> <span class='ocrx_word' id='word_1_257' title='bbox 576 2257 694 2298; x_wconf 86' lang='lat' dir='ltr'>sicut</span> <span class='ocrx_word' id='word_1_258' title='bbox 726 2254 928 2295; x_wconf 90' lang='lat' dir='ltr'>solemne</span> <span class='ocrx_word' id='word_1_259' title='bbox 962 2253 1043 2301; x_wconf 89' lang='lat' dir='ltr'>est,</span> <span class='ocrx_word' id='word_1_260' title='bbox 1079 2251 1121 2291; x_wconf 92' lang='lat' dir='ltr'>ei</span> <span class='ocrx_word' id='word_1_261' title='bbox 1154 2250 1274 2291; x_wconf 90' lang='lat' dir='ltr'>diem</span> <span class='ocrx_word' id='word_1_262' title='bbox 1307 2249 1501 2299; x_wconf 89' lang='lat' dir='ltr'>diceret;</span> <span class='ocrx_word' id='word_1_263' title='bbox 1537 2249 1674 2301; x_wconf 90' lang='lat' dir='ltr'>atque</span> <span class='ocrx_word' id='word_1_264' title='bbox 1705 2247 1774 2287; x_wconf 91' lang='lat' dir='ltr'>ita</span> <span class='ocrx_word' id='word_1_265' title='bbox 1803 2246 1867 2286; x_wconf 85' lang='lat' dir='ltr'>in—</span> 
     </span>
     <span class='ocr_line' id='line_1_38' title="bbox 373 2306 1868 2372; baseline -0.01 -13"><span class='ocrx_word' id='word_1_266' title='bbox 373 2320 531 2372; x_wconf 87' lang='lat' dir='ltr'>eptum</span> <span class='ocrx_word' id='word_1_267' title='bbox 599 2313 812 2356; x_wconf 87' lang='lat' dir='ltr'>onsilium</span> <span class='ocrx_word' id='word_1_268' title='bbox 849 2311 1016 2372; x_wconf 28' lang='lat' dir='ltr'>’eadem</span> <span class='ocrx_word' id='word_1_269' title='bbox 1062 2309 1253 2350; x_wconf 86' lang='lat' dir='ltr'>levitate</span> <span class='ocrx_word' id='word_1_270' title='bbox 1297 2307 1502 2356; x_wconf 85' lang='lat' dir='ltr'>evanuit,</span> <span class='ocrx_word' id='word_1_271' title='bbox 1551 2319 1642 2359; x_wconf 88' lang='lat' dir='ltr'>qua</span> <span class='ocrx_word' id='word_1_272' title='bbox 1683 2306 1868 2359; x_wconf 89' lang='lat' dir='ltr'>ceptum</span> 
     </span>
     <span class='ocr_line' id='line_1_39' title="bbox 373 2362 1916 2428; baseline -0.01 -10"><span class='ocrx_word' id='word_1_273' title='bbox 373 2377 540 2418; x_wconf 80' lang='lat' dir='ltr'>fuerat.</span> <span class='ocrx_word' id='word_1_274' title='bbox 610 2373 858 2428; x_wconf 62' lang='lat' dir='ltr'>SQ¹</span> <span class='ocrx_word' id='word_1_275' title='bbox 907 2372 1066 2410; x_wconf 91' lang='lat' dir='ltr'>tamen</span> <span class='ocrx_word' id='word_1_276' title='bbox 1106 2368 1267 2409; x_wconf 89' lang='lat' dir='ltr'>eodem</span> <span class='ocrx_word' id='word_1_277' title='bbox 1314 2379 1433 2407; x_wconf 89' lang='lat' dir='ltr'>anno</span> <span class='ocrx_word' id='word_1_278' title='bbox 1481 2378 1635 2406; x_wconf 90' lang='lat' dir='ltr'>mense</span> <span class='ocrx_word' id='word_1_279' title='bbox 1678 2362 1868 2406; x_wconf 88' lang='lat' dir='ltr'>Octobri</span> <span class='ocrx_word' id='word_1_280' title='bbox 1881 2377 1916 2403; x_wconf 80' lang='lat'>35</span> 
     </span>
     <span class='ocr_line' id='line_1_40' title="bbox 373 2418 1868 2490; baseline -0.01 -13"><span class='ocrx_word' id='word_1_281' title='bbox 373 2434 639 2490; x_wconf 88' lang='lat' dir='ltr'>Mogontiae</span> <span class='ocrx_word' id='word_1_282' title='bbox 673 2429 980 2485; x_wconf 81' lang='lat' dir='ltr'>congregavit.</span> <span class='ocrx_word' id='word_1_283' title='bbox 1028 2426 1121 2468; x_wconf 88' lang='lat' dir='ltr'>Ubi</span> <span class='ocrx_word' id='word_1_284' title='bbox 1151 2427 1272 2467; x_wconf 90' lang='lat' dir='ltr'>inter</span> <span class='ocrx_word' id='word_1_285' title='bbox 1295 2425 1407 2466; x_wconf 82' lang='lat' dir='ltr'>alios</span> <span class='ocrx_word' id='word_1_286' title='bbox 1443 2418 1755 2478; x_wconf 77' lang='lat' dir='ltr'>[episcoposl’],</span> <span class='ocrx_word' id='word_1_287' title='bbox 1788 2422 1868 2476; x_wconf 91' lang='lat' dir='ltr'>qui</span> 
     </span>
     <span class='ocr_line' id='line_1_41' title="bbox 374 2481 1862 2542; baseline -0.01 -6"><span class='ocrx_word' id='word_1_288' title='bbox 374 2493 701 2542; x_wconf 86' lang='lat' dir='ltr'>convenerant,</span> <span class='ocrx_word' id='word_1_289' title='bbox 751 2490 910 2531; x_wconf 87' lang='lat' dir='ltr'>aderat</span> <span class='ocrx_word' id='word_1_290' title='bbox 953 2486 1183 2528; x_wconf 83' lang='lat' dir='ltr'>Ouriensis</span> <span class='ocrx_word' id='word_1_291' title='bbox 1228 2484 1466 2539; x_wconf 90' lang='lat' dir='ltr'>episcopus</span> <span class='ocrx_word' id='word_1_292' title='bbox 1478 2483 1506 2533; x_wconf 75' lang='lat'>4,</span> <span class='ocrx_word' id='word_1_293' title='bbox 1556 2481 1862 2537; x_wconf 66' lang='lat' dir='ltr'>apostolicae‘!</span> 
     </span>
     <span class='ocr_line' id='line_1_42' title="bbox 374 2582 1870 2629; baseline -0.011 -6"><span class='ocrx_word' id='word_1_294' title='bbox 374 2599 402 2629; x_wconf 82' lang='lat' dir='ltr'>a)</span> <span class='ocrx_word' id='word_1_295' title='bbox 422 2597 479 2624; x_wconf 82' lang='lat' dir='ltr'>def.</span> <span class='ocrx_word' id='word_1_296' title='bbox 499 2596 561 2627; x_wconf 79' lang='lat' dir='ltr'>regi</span> <span class='ocrx_word' id='word_1_297' title='bbox 580 2602 643 2628; x_wconf 81' lang='lat' dir='ltr'>arg.</span> <span class='ocrx_word' id='word_1_298' title='bbox 663 2597 692 2619; x_wconf 86' lang='lat' dir='ltr'>et</span> <span class='ocrx_word' id='word_1_299' title='bbox 711 2593 775 2618; x_wconf 85' lang='lat' dir='ltr'>auri</span> <span class='ocrx_word' id='word_1_300' title='bbox 794 2593 820 2617; x_wconf 92' lang='lat' dir='ltr'><em>B</em></span> <span class='ocrx_word' id='word_1_301' title='bbox 834 2592 857 2618; x_wconf 78' lang='lat'>2.</span> <span class='ocrx_word' id='word_1_302' title='bbox 921 2590 952 2622; x_wconf 86' lang='lat' dir='ltr'>b)</span> <span class='ocrx_word' id='word_1_303' title='bbox 971 2590 1137 2621; x_wconf 78' lang='lat' dir='ltr'>implicatus</span> <span class='ocrx_word' id='word_1_304' title='bbox 1157 2588 1218 2614; x_wconf 65' lang='grc' dir='ltr'>ΒΞ.</span> <span class='ocrx_word' id='word_1_305' title='bbox 1274 2586 1300 2619; x_wconf 91' lang='lat' dir='ltr'>c)</span> <span class='ocrx_word' id='word_1_306' title='bbox 1319 2584 1403 2611; x_wconf 83' lang='lat' dir='ltr'>addit</span> <span class='ocrx_word' id='word_1_307' title='bbox 1422 2586 1490 2619; x_wconf 75' lang='lat' dir='ltr'>A13</span> <span class='ocrx_word' id='word_1_308' title='bbox 1512 2584 1607 2610; x_wconf 81' lang='lat' dir='ltr'>adidit</span> <span class='ocrx_word' id='word_1_309' title='bbox 1625 2583 1704 2612; x_wconf 75' lang='lat'>131¹),</span> <span class='ocrx_word' id='word_1_310' title='bbox 1769 2582 1800 2617; x_wconf 78' lang='lat' dir='ltr'>d)</span> <span class='ocrx_word' id='word_1_311' title='bbox 1819 2590 1870 2608; x_wconf 80' lang='lat' dir='ltr'>ex-</span> 
     </span>
     <span class='ocr_line' id='line_1_43' title="bbox 374 2619 1870 2664; baseline -0.01 -6"><span class='ocrx_word' id='word_1_312' title='bbox 374 2634 490 2664; x_wconf 69' lang='lat' dir='ltr'>agitans</span> <span class='ocrx_word' id='word_1_313' title='bbox 508 2631 588 2658; x_wconf 78' lang='lat' dir='ltr'>Bib,</span> <span class='ocrx_word' id='word_1_314' title='bbox 662 2629 689 2662; x_wconf 87' lang='lat' dir='ltr'>e)</span> <span class='ocrx_word' id='word_1_315' title='bbox 709 2630 782 2653; x_wconf 77' lang='lat' dir='ltr'>haut</span> <span class='ocrx_word' id='word_1_316' title='bbox 799 2628 877 2654; x_wconf 63' lang='grc' dir='ltr'>ΒΝ,</span> <span class='ocrx_word' id='word_1_317' title='bbox 950 2626 972 2658; x_wconf 87' lang='lat' dir='ltr'>f)</span> <span class='ocrx_word' id='word_1_318' title='bbox 992 2625 1148 2649; x_wconf 81' lang='lat' dir='ltr'>videbatur</span> <span class='ocrx_word' id='word_1_319' title='bbox 1168 2626 1198 2648; x_wconf 83' lang='lat' dir='ltr'>et</span> <span class='ocrx_word' id='word_1_320' title='bbox 1221 2623 1288 2648; x_wconf 80' lang='lat' dir='ltr'>add.</span> <span class='ocrx_word' id='word_1_321' title='bbox 1307 2621 1386 2648; x_wconf 70' lang='lat' dir='ltr'>Bu».</span> <span class='ocrx_word' id='word_1_322' title='bbox 1459 2620 1489 2653; x_wconf 82' lang='lat' dir='ltr'>g)</span> <span class='ocrx_word' id='word_1_323' title='bbox 1508 2621 1790 2646; x_wconf 79' lang='lat' dir='ltr'>Halberstadensem</span> <span class='ocrx_word' id='word_1_324' title='bbox 1808 2619 1870 2646; x_wconf 76' lang='lat'>131.</span> 
     </span>
     <span class='ocr_line' id='line_1_44' title="bbox 375 2654 1919 2701; baseline -0.01 -8"><span class='ocrx_word' id='word_1_325' title='bbox 375 2668 406 2701; x_wconf 87' lang='lat' dir='ltr'>h)</span> <span class='ocrx_word' id='word_1_326' title='bbox 425 2670 543 2700; x_wconf 76' lang='lat' dir='ltr'>poterat</span> <span class='ocrx_word' id='word_1_327' title='bbox 562 2665 641 2693; x_wconf 79' lang='lat' dir='ltr'>Blb.</span> <span class='ocrx_word' id='word_1_328' title='bbox 733 2664 754 2696; x_wconf 86' lang='lat' dir='ltr'>i)</span> <span class='ocrx_word' id='word_1_329' title='bbox 774 2671 837 2696; x_wconf 88' lang='lat' dir='ltr'>syn.</span> <span class='ocrx_word' id='word_1_330' title='bbox 857 2662 919 2688; x_wconf 83' lang='lat' dir='ltr'>Al.</span> <span class='ocrx_word' id='word_1_331' title='bbox 938 2662 1015 2688; x_wconf 74' lang='lat' dir='ltr'><strong>Bla.</strong></span> <span class='ocrx_word' id='word_1_332' title='bbox 1029 2661 1053 2687; x_wconf 80' lang='lat'>2.</span> <span class='ocrx_word' id='word_1_333' title='bbox 1143 2659 1175 2690; x_wconf 90' lang='lat' dir='ltr'>k)</span> <span class='ocrx_word' id='word_1_334' title='bbox 1194 2661 1224 2683; x_wconf 86' lang='lat' dir='ltr'>et</span> <span class='ocrx_word' id='word_1_335' title='bbox 1243 2665 1266 2684; x_wconf 90' lang='lat' dir='ltr'>r.</span> <span class='ocrx_word' id='word_1_336' title='bbox 1287 2665 1341 2684; x_wconf 89' lang='lat' dir='ltr'>om.</span> <span class='ocrx_word' id='word_1_337' title='bbox 1360 2658 1474 2683; x_wconf 58' lang='lat' dir='ltr'>Arla.</span> <span class='ocrx_word' id='word_1_338' title='bbox 1568 2655 1589 2689; x_wconf 92' lang='lat' dir='ltr'>l)</span> <span class='ocrx_word' id='word_1_339' title='bbox 1610 2654 1732 2680; x_wconf 77' lang='lat' dir='ltr'>dixisset</span> <span class='ocrx_word' id='word_1_340' title='bbox 1751 2655 1813 2681; x_wconf 72' lang='lat' dir='ltr'>Al.</span> <span class='ocrx_word' id='word_1_341' title='bbox 1827 2656 1868 2686; x_wconf 76' lang='lat'>1⁸,</span> <span class='ocrx_word' id='word_1_342' title='bbox 1882 2657 1919 2682; x_wconf 75' lang='grc'>40</span> 
     </span>
     <span class='ocr_line' id='line_1_45' title="bbox 375 2689 1870 2732; baseline -0.01 -3"><span class='ocrx_word' id='word_1_343' title='bbox 375 2711 450 2730; x_wconf 77' lang='lat' dir='ltr'>corr.</span> <span class='ocrx_word' id='word_1_344' title='bbox 470 2702 603 2727; x_wconf 74' lang='lat' dir='ltr'>duxisset</span> <span class='ocrx_word' id='word_1_345' title='bbox 622 2702 648 2726; x_wconf 85' lang='grc' dir='ltr'><strong><em>Α</em></strong></span> <span class='ocrx_word' id='word_1_346' title='bbox 660 2702 700 2732; x_wconf 69' lang='lat'>1³²,</span> <span class='ocrx_word' id='word_1_347' title='bbox 723 2702 747 2724; x_wconf 69' lang='lat' dir='ltr'>et</span> <span class='ocrx_word' id='word_1_348' title='bbox 767 2699 809 2723; x_wconf 76' lang='lat' dir='ltr'>ita</span> <span class='ocrx_word' id='word_1_349' title='bbox 829 2699 908 2724; x_wconf 77' lang='lat' dir='ltr'>Schr.</span> <span class='ocrx_word' id='word_1_350' title='bbox 927 2697 960 2724; x_wconf 84' lang='lat' dir='ltr'>P.</span> <span class='ocrx_word' id='word_1_351' title='bbox 1059 2694 1099 2727; x_wconf 87' lang='lat' dir='ltr'>m)</span> <span class='ocrx_word' id='word_1_352' title='bbox 1119 2697 1150 2720; x_wconf 82' lang='lat' dir='ltr'>et</span> <span class='ocrx_word' id='word_1_353' title='bbox 1169 2695 1223 2719; x_wconf 84' lang='lat' dir='ltr'>hac</span> <span class='ocrx_word' id='word_1_354' title='bbox 1242 2700 1301 2720; x_wconf 85' lang='lat' dir='ltr'>occ.</span> <span class='ocrx_word' id='word_1_355' title='bbox 1321 2693 1364 2717; x_wconf 77' lang='lat' dir='ltr'>bis</span> <span class='ocrx_word' id='word_1_356' title='bbox 1382 2700 1436 2719; x_wconf 76' lang='lat' dir='ltr'>scr.</span> <span class='ocrx_word' id='word_1_357' title='bbox 1455 2691 1535 2719; x_wconf 80' lang='lat' dir='ltr'>Blb.</span> <span class='ocrx_word' id='word_1_358' title='bbox 1635 2690 1665 2724; x_wconf 89' lang='lat' dir='ltr'>n)</span> <span class='ocrx_word' id='word_1_359' title='bbox 1683 2691 1772 2716; x_wconf 79' lang='lat' dir='ltr'>noxia</span> <span class='ocrx_word' id='word_1_360' title='bbox 1790 2689 1870 2716; x_wconf 64' lang='grc' dir='ltr'>ΒΗ).</span> 
     </span>
    </p>
   </div>
   <div class='ocr_carea' id='block_1_5' title="bbox 376 2726 1870 2804">
    <p class='ocr_par' dir='ltr' id='par_1_6' title="bbox 376 2726 1870 2804">
     <span class='ocr_line' id='line_1_46' title="bbox 376 2726 1870 2772; baseline -0.011 -8"><span class='ocrx_word' id='word_1_361' title='bbox 376 2738 404 2772; x_wconf 80' lang='grc' dir='ltr'>ο)</span> <span class='ocrx_word' id='word_1_362' title='bbox 423 2738 571 2770; x_wconf 72' lang='lat' dir='ltr'>legitimas</span> <span class='ocrx_word' id='word_1_363' title='bbox 592 2738 617 2761; x_wconf 85' lang='lat' dir='ltr'><em>A</em></span> <span class='ocrx_word' id='word_1_364' title='bbox 629 2738 652 2763; x_wconf 91' lang='lat'>1.</span> <span class='ocrx_word' id='word_1_365' title='bbox 672 2736 750 2762; x_wconf 66' lang='lat'><strong>131⁸.</strong></span> <span class='ocrx_word' id='word_1_366' title='bbox 832 2733 862 2766; x_wconf 89' lang='lat' dir='ltr'>p)</span> <span class='ocrx_word' id='word_1_367' title='bbox 883 2733 957 2757; x_wconf 74' lang='lat' dir='ltr'>deest</span> <span class='ocrx_word' id='word_1_368' title='bbox 976 2731 1071 2758; x_wconf 82' lang='lat' dir='ltr'>Bl.2.</span> <span class='ocrx_word' id='word_1_369' title='bbox 1087 2731 1123 2757; x_wconf 89' lang='lat' dir='ltr'>N.</span> <span class='ocrx_word' id='word_1_370' title='bbox 1209 2727 1239 2761; x_wconf 87' lang='lat' dir='ltr'>q)</span> <span class='ocrx_word' id='word_1_371' title='bbox 1260 2729 1353 2753; x_wconf 75' lang='lat' dir='ltr'>ultera</span> <span class='ocrx_word' id='word_1_372' title='bbox 1373 2735 1476 2752; x_wconf 76' lang='lat' dir='ltr'>manus</span> <span class='ocrx_word' id='word_1_373' title='bbox 1489 2727 1588 2759; x_wconf 58' lang='lat' dir='ltr'>pergit</span> <span class='ocrx_word' id='word_1_374' title='bbox 1606 2727 1633 2752; x_wconf 92' lang='lat' dir='ltr'><strong><em>B</em></strong></span> <span class='ocrx_word' id='word_1_375' title='bbox 1646 2727 1662 2751; x_wconf 82' lang='lat'><strong><em>2</em></strong></span> <span class='ocrx_word' id='word_1_376' title='bbox 1680 2727 1703 2757; x_wconf 78' lang='lat' dir='ltr'>f.</span> <span class='ocrx_word' id='word_1_377' title='bbox 1717 2726 1761 2758; x_wconf 78' lang='lat'>66,</span> <span class='ocrx_word' id='word_1_378' title='bbox 1781 2731 1870 2757; x_wconf 75' lang='lat' dir='ltr'>prae-</span> 
     </span>
     <span class='ocr_line' id='line_1_47' title="bbox 377 2767 1142 2804; baseline -0.008 -6"><span class='ocrx_word' id='word_1_379' title='bbox 377 2774 467 2798; x_wconf 78' lang='lat' dir='ltr'>missa</span> <span class='ocrx_word' id='word_1_380' title='bbox 486 2773 671 2804; x_wconf 64' lang='lat' dir='ltr'>inscriptione</span> <span class='ocrx_word' id='word_1_381' title='bbox 690 2772 735 2796; x_wconf 88' lang='lat' dir='ltr'>De</span> <span class='ocrx_word' id='word_1_382' title='bbox 755 2770 882 2795; x_wconf 83' lang='lat' dir='ltr'>celibatu</span> <span class='ocrx_word' id='word_1_383' title='bbox 901 2767 1142 2799; x_wconf 79' lang='lat' dir='ltr'>presbiterorum.</span> 
     </span>
    </p>
   </div>
   <div class='ocr_carea' id='block_1_6' title="bbox 378 2833 1919 2934">
    <p class='ocr_par' dir='ltr' id='par_1_7' title="bbox 378 2833 1919 2934">
     <span class='ocr_line' id='line_1_48' title="bbox 380 2833 1871 2886; baseline -0.007 -10"><span class='ocrx_word' id='word_1_384' title='bbox 380 2844 414 2886; x_wconf 84' lang='lat'>1)</span> <span class='ocrx_word' id='word_1_385' title='bbox 439 2845 493 2885; x_wconf 80' lang='lat' dir='ltr'>Cf.</span> <span class='ocrx_word' id='word_1_386' title='bbox 520 2854 634 2886; x_wconf 72' lang='lat' dir='ltr'>supra</span> <span class='ocrx_word' id='word_1_387' title='bbox 661 2854 698 2885; x_wconf 76' lang='lat' dir='ltr'>p.</span> <span class='ocrx_word' id='word_1_388' title='bbox 723 2843 805 2876; x_wconf 80' lang='lat'>202.</span> <span class='ocrx_word' id='word_1_389' title='bbox 946 2838 984 2880; x_wconf 81' lang='lat'>2)</span> <span class='ocrx_word' id='word_1_390' title='bbox 1009 2837 1198 2870; x_wconf 79' lang='lat' dir='ltr'>Demetrio.</span> <span class='ocrx_word' id='word_1_391' title='bbox 1337 2835 1372 2878; x_wconf 89' lang='lat'>3)</span> <span class='ocrx_word' id='word_1_392' title='bbox 1398 2834 1454 2875; x_wconf 77' lang='lat' dir='ltr'>Cf.</span> <span class='ocrx_word' id='word_1_393' title='bbox 1480 2844 1595 2878; x_wconf 77' lang='lat' dir='ltr'>supra</span> <span class='ocrx_word' id='word_1_394' title='bbox 1622 2845 1659 2877; x_wconf 78' lang='lat' dir='ltr'>p.</span> <span class='ocrx_word' id='word_1_395' title='bbox 1685 2833 1764 2868; x_wconf 83' lang='lat'>159.</span> <span class='ocrx_word' id='word_1_396' title='bbox 1792 2833 1871 2867; x_wconf 84' lang='lat'>165.</span> 
     </span>
     <span class='ocr_line' id='line_1_49' title="bbox 378 2887 1919 2934; baseline -0.009 -8"><span class='ocrx_word' id='word_1_397' title='bbox 378 2892 414 2934; x_wconf 84' lang='lat'>4)</span> <span class='ocrx_word' id='word_1_398' title='bbox 437 2891 642 2925; x_wconf 77' lang='lat' dir='ltr'>Heinricus,</span> <span class='ocrx_word' id='word_1_399' title='bbox 1884 2887 1919 2912; x_wconf 80' lang='lat'>45</span> 
     </span>
    </p>
   </div>
  </div>
 </body>
</html>
