1942 3198
621 194 919 232 PRAEFATIO
947 195 986 232 C.
1005 196 1057 234 Π.
1075 196 1148 234 ΠΙ.
1507 200 1642 236 XXIX

132 329 240 370 quae
269 315 319 359 in
349 315 451 359 aliis
482 316 635 360 libellis
666 319 726 360 ad
755 332 843 360 rem
875 318 1064 372 leqerant
1085 319 1293 363 invertere
1325 336 1375 364 ac
1399 328 1641 376 pervertere

132 374 230 418 ausi
268 379 380 419 sunt.
451 375 648 430 Aequum
688 381 748 420 est
787 377 914 420 etiam
955 379 1184 434 Lamperto
1225 380 1359 422 multa
1401 383 1641 425 condonare

131 449 238 489 quae
259 435 640 490 paneqyristarum
679 451 794 480 more
834 437 883 480 in
917 438 1102 492 qloriam
1133 439 1273 482 sancti
1303 440 1372 482 sui
1404 441 1638 495 adinvenit,

131 494 195 538 vel
225 494 417 538 conscius
446 494 530 538 sibi
559 495 777 539 veritatem
808 497 1043 551 excessisse,
1085 500 1160 541 sed
1200 514 1287 553 cur,
1331 513 1497 554 quaese,
1540 516 1639 544 nar-

100 553 341 597 arationem
379 554 501 597 illam
542 556 850 599 controversiae
883 557 1046 600 Karoli
1086 562 1124 600 et
1155 559 1454 602 Karlomanni
1494 575 1640 614 reglum

131 617 385 657 commentus
415 618 486 668 est,
530 614 618 658 nisi
648 620 799 669 raptus
829 616 969 659 studio
1001 621 1135 660 artem
1165 618 1255 661 stili
1285 618 1354 661 sui
1386 620 1638 674 ostentandi,

131 673 219 716 nisi
259 673 482 717 delectatus
522 675 822 730 contraposito,
865 676 934 719 hic
974 676 1066 718 viro
1108 678 1279 732 optimo,
1331 678 1421 722 illic
1453 679 1640 733 pessimo

130 733 342 787 eleganter
381 733 540 788 depicto
553 734 576 776 ,9
636 734 848 778 Admiror
878 735 1099 790 inyenium
1130 737 1350 791 sinqulare
1387 738 1507 782 illius
1545 744 1639 782 tem—

121 791 247 847 poris
285 791 383 846 viri,
425 792 500 847 qui
531 808 752 848 perpauca
783 799 822 837 et
852 795 983 838 nimis
1020 797 1213 851 abrupta,
1256 811 1363 851 quae
1404 799 1454 841 de
1494 803 1640 842 sancto

83 867 117 893 ιο
132 851 258 895 Lullo
299 857 508 907 comperta
548 853 713 907 habuit,
765 859 887 897 tanta
928 859 1019 898 arte
1059 857 1184 899 rebus
1224 871 1447 911 rerumque
1499 858 1641 901 causis

131 910 373 954 coniectatis
405 911 636 967 coniunxit,
659 914 968 968 amplificavit,
1008 916 1242 970 exornavit,
1281 919 1402 960 modo
1426 917 1519 971 piis
1551 918 1638 960 lau-

131 970 264 1024 dibus,
297 972 419 1014 modo
450 972 715 1015 orationibus
747 974 950 1028 confictis,
984 979 1106 1017 tanta
1132 975 1374 1030 subtilitate,
1409 981 1496 1019 tam
1526 977 1636 1031 fuso,

129 1034 217 1072 tam
257 1030 439 1085 eleyanti
477 1045 667 1075 sermone
707 1033 940 1087 enarravit,
983 1038 1029 1076 ut
1068 1034 1254 1077 libellum
1295 1036 1549 1079 concinnum
1589 1051 1641 1079 ac

129 1093 359 1144 venustum,
393 1103 514 1144 quem
545 1106 665 1134 nemo
697 1092 789 1135 sine
821 1093 1090 1136 delectatione
1112 1094 1226 1148 leyet,
1261 1100 1532 1150 componeret,
1566 1098 1641 1139 sed

82 1165 116 1191 ιτ»
129 1153 335 1203 quantum
364 1149 504 1193 studio
535 1151 747 1205 eleyanter
777 1153 1018 1195 enarrandi
1048 1152 1296 1208 impensum,
1338 1159 1503 1198 tantum
1534 1155 1638 1198 veri-

129 1207 208 1251 tati
238 1209 471 1252 detractum
501 1224 588 1253 essc
619 1225 739 1254 nemo
771 1226 858 1254 non
878 1212 1045 1255 videbit.
1100 1213 1304 1267 Repetam
1325 1219 1494 1268 oportet,
1528 1216 1642 1268 quod

128 1267 218 1310 iam
258 1268 358 1311 olim
399 1268 617 1312 dixeram:
659 1270 710 1314 Si
747 1285 890 1314 omnes
919 1272 1070 1327 fontes,
1111 1273 1262 1325 quibus
1294 1274 1550 1328 Lampertus
1582 1276 1642 1317 ad

139 1327 281 1370 Vitam
312 1328 433 1371 Lulli
473 1332 800 1384 componendam
830 1346 933 1374 usus
970 1336 1040 1386 est,
1075 1332 1320 1387 periissent,
1364 1334 1432 1376 hic
1474 1334 1639 1377 libellus

127 1386 307 1430 maximi
337 1388 573 1443 haberetur,
606 1390 729 1432 multi
759 1391 892 1433 multa
923 1391 988 1434 vel
1018 1391 1164 1434 omnia
1194 1407 1296 1435 vera
1327 1398 1520 1447 certaque
1552 1408 1638 1436 esse

80 1465 116 1490 »ο
129 1448 355 1501 crederent,
389 1461 496 1501 quae
525 1448 574 1491 in
605 1463 651 1505 eo
683 1450 820 1492 relata
850 1455 961 1505 sunt,
1001 1466 1094 1494 cum
1125 1466 1273 1495 revera
1295 1453 1503 1507 pleraque
1536 1468 1638 1496 com-

127 1510 270 1549 menta
300 1520 346 1550 eo
378 1507 688 1551 contineantur.
760 1509 880 1564 Erqo
914 1510 1034 1553 homo
1066 1510 1258 1565 adprime
1290 1512 1509 1567 litteratus,
1541 1527 1638 1567 per-

129 1565 264 1618 fectus
283 1565 476 1621 scriptor,
509 1569 584 1610 sed
613 1568 849 1612 levissimus
870 1569 1107 1624 historicus,
1141 1571 1322 1625 scriptor
1343 1586 1487 1614 rerum
1506 1577 1637 1626 qesta-

129 1638 225 1667 rum
255 1625 418 1668 nullius
448 1627 727 1682 auctoritatis,
761 1629 924 1671 nullius
954 1630 1057 1682 fidei
1089 1643 1140 1673 ex
1170 1631 1246 1674 lioc
1273 1631 1467 1674 examine
1498 1631 1639 1674 evadit

129 1684 396 1739 Lampertus.

81 1757 115 1783 25
272 1745 395 1788 Haec
427 1745 594 1799 lonqius
625 1749 873 1800 exponenda
905 1747 1021 1802 duxi,
1065 1763 1158 1792 cum
1198 1749 1300 1802 quia
1332 1749 1637 1793 animadverte-

130 1804 226 1845 bam
265 1817 316 1846 ea
354 1818 461 1858 quae
501 1804 590 1847 iam
628 1806 727 1848 olim
765 1808 824 1849 acl
853 1807 965 1850 hanc
995 1821 1085 1850 rem
1115 1809 1348 1862 spectantia
1382 1810 1607 1852 attuleram
1623 1810 1637 1835 1

129 1863 182 1905 ab
213 1861 271 1904 iis
301 1863 429 1906 etiam
465 1864 651 1918 neqlecta
689 1879 775 1908 esse
817 1866 890 1920 qui
931 1868 980 1909 de
1020 1868 1105 1919 fide
1138 1868 1358 1922 Lamperti
1389 1869 1638 1912 Annalibus

129 1922 276 1964 (landa
307 1936 443 1977 nuper
473 1923 743 1979 scripserunt,
778 1929 866 1968 tum
887 1926 990 1980 quia
1010 1931 1196 1969 extrema
1219 1931 1346 1982 parte
1374 1928 1495 1971 Vitae
1517 1928 1638 1971 Lulli

128 1980 302 2024 inventa
350 1981 439 2024 iam
479 1983 616 2037 plura
655 1998 706 2027 ac
746 1985 928 2027 certiora
966 1986 1046 2029 liae
1087 1988 1137 2029 de
1177 2001 1223 2030 re
1264 1986 1350 2030 dici
1390 1992 1635 2042 potuerunt.

82 2056 116 2082 ³0
135 2039 285 2084 C'odice
315 2042 578 2096 autoqraplto
610 2047 649 2086 et
679 2043 891 2087 codicibus
912 2045 1090 2088 alterius
1111 2046 1370 2090 recensionis
1392 2047 1638 2090 iuvantibus

128 2098 253 2152 quasi
282 2099 529 2144 inducimur
558 2101 607 2145 in
639 2103 786 2146 cellam
812 2104 1045 2159 Lamperti,
1079 2105 1295 2148 intuemur
1326 2121 1419 2149 eum
1451 2106 1638 2150 libellum

129 2158 437 2214 concipientem,
471 2161 755 2216 expolientem,
790 2164 1134 2218 amplificantem,
1169 2166 1393 2220 abruptum
1410 2166 1636 2220 perficien-

129 2221 209 2260 tem
239 2233 290 2262 ac
321 2219 534 2275 discimus,
568 2223 770 2275 quomodo
802 2222 870 2266 hic
902 2223 1031 2266 libros
1062 2238 1160 2267 suos
1191 2225 1483 2268 elaboraverit.

194 2349 296 2391 III.
359 2349 438 2393 De
469 2350 660 2394 libello
692 2353 751 2395 de
781 2352 1142 2398 institutione
1173 2355 1572 2399 Herveldensis

81 2424 115 2450 ³⁵
742 2412 1022 2456 ecclesiae.

273 2491 442 2535 Summe
475 2494 699 2537 dolendum
730 2499 800 2549 est,
834 2497 946 2550 quod
976 2496 1139 2540 libellus
1169 2499 1219 2540 de
1240 2497 1504 2541 institutione
1527 2499 1635 2541 Her-

127 2549 335 2594 veldensis
365 2552 561 2596 ecclesiae
591 2552 754 2608 inteqer
784 2556 844 2598 ad
873 2569 951 2598 nos
982 2570 1068 2598 non
1099 2557 1355 2611 pervenerit,
1399 2572 1501 2600 nam
1543 2572 1636 2601 cum

129 2622 239 2651 nova
270 2612 478 2663 quaedam
509 2612 734 2666 discamus,
773 2628 879 2668 quae
911 2614 1016 2657 alibi
1048 2616 1302 2670 Lampertus
1334 2631 1420 2659 non
1452 2617 1634 2671 scripsit,

129 2681 180 2710 ex
219 2667 287 2711 his
324 2669 452 2712 etiam
491 2671 656 2726 exiguis
694 2673 960 2728 fraymentis,
1004 2688 1110 2728 quae
1150 2680 1388 2730 supersunt,
1431 2681 1469 2719 et
1501 2677 1636 2730 plura

80 2746 116 2771 40
131 2740 239 2769 nova
270 2726 432 2783 inteyro
465 2729 602 2773 libello
633 2736 797 2774 servato
830 2734 1072 2776 doceremur
1097 2738 1135 2777 et
1157 2748 1506 2789 coquosceremus,
1540 2750 1635 2790 quo-

131 2856 166 2896 1)
191 2855 251 2891 ‘N.
269 2855 417 2889 Archiv’
443 2857 513 2901 IX,
537 2870 574 2902 p.
593 2860 675 2896 319.
