2014 3184
509 205 781 242 LAMPERTI
806 205 1063 243 ANNALES.
1113 206 1160 242 A.
1188 209 1292 244 1077.
1591 211 1661 246 293

150 328 224 371 his
254 330 488 384 postremo
521 328 871 370 condicionibus
903 330 1378 372 excommunicatione
1417 330 1659 372 absolutus

151 389 234 439 est,
267 389 322 429 ut
354 387 428 430 die
461 389 508 429 et
539 387 654 436 loco,
689 402 1024 442 quemcumque
1051 403 1172 444 papa
1193 389 1526 444 designasseta,
1561 404 1659 432 evo-

151 447 267 490 catis
325 447 385 488 ad
443 447 658 502 generale
711 447 959 489 concilium
1013 444 1307 490 Teutonicisb
1371 449 1658 504 principibus

150 508 305 562 presto
338 508 459 549 esset
500 508 547 549 et
589 507 982 558 accusationibus,
1026 521 1143 561 quae
1184 507 1552 559 intenderentur,
1595 522 1659 551 re-

119 566 413 621 5sponderet,
446 566 546 622 ipso
569 580 702 621 papa,
737 566 776 608 si
806 566 875 608 ita
901 567 1115 622 expedire
1138 567 1386 615 videretur,
1422 568 1659 622 cognitore

150 639 392 668 causarum
425 625 675 676 assidente,
717 627 764 668 et
796 626 856 667 ad
888 626 986 668 eius
1019 627 1299 668 sententiam
1330 626 1405 668 vel
1436 627 1658 669 retineret

150 699 356 740 regnum,
391 685 430 727 si
461 685 645 727 obiecta
677 687 932 740 purgasset,
966 685 1040 727 vel
1073 700 1191 740 equo
1224 686 1378 727 animo
1405 686 1656 737 amitteret,

150 745 190 786 si
230 745 438 800 probatis
471 744 771 786 criminibusl
811 745 940 799 regio
973 745 1192 800 deinceps
1233 746 1407 788 honore
1439 746 1659 800 indignus

151 804 283 846 iuxta
314 804 650 846 ecclesiasticas
682 804 807 858 leges
840 805 1187 855 decerneretur;
1230 805 1428 855 nullam,
1469 805 1562 846 sive
1594 819 1659 847 re-

106 879 141 903 10
153 865 286 906 tento
317 863 412 906 sive
445 864 611 905 amisso
633 877 789 918 regno,
823 864 962 905 huius
994 864 1191 906 iniuriae
1212 864 1468 906 vindictam
1500 879 1527 905 a
1553 878 1658 918 quo-

151 922 276 978 piam
298 923 537 964 hominum
571 923 619 964 in
641 925 918 978 perpetuum
950 925 1195 965 exacturus
1210 924 1237 963 ².
1291 923 1443 978 Usque
1476 924 1534 965 ad
1558 938 1658 966 eam

150 984 334 1024 auteme
373 982 508 1033 diem,
543 996 635 1036 qua
666 996 805 1024 causa
837 982 934 1024 eius
966 982 1174 1037 legitime
1208 982 1414 1024 discussa
1444 983 1658 1025 termina-

149 1043 290 1092 retur,
332 1041 465 1083 nulla
495 1042 611 1096 regii
643 1041 798 1083 cultus
830 1044 1120 1092 ornamenta,
1163 1042 1295 1083 nulla
1326 1042 1480 1097 regiae
1514 1042 1658 1097 digni-

147 1101 262 1143 tatis
302 1101 504 1156 insignia
535 1101 624 1143 sibi
656 1101 919 1152 adhiberet,
962 1101 1083 1142 nihil
1116 1101 1238 1143 circa
1267 1115 1422 1143 rerum
1454 1102 1657 1156 publica-

101 1175 135 1201 15
148 1174 252 1202 rum
303 1161 756 1203 administrationem
806 1161 939 1202 iuxta
990 1161 1374 1203 consuetudinem
1428 1174 1509 1202 suo
1557 1161 1656 1203 iure

149 1221 326 1275 ageret,
374 1219 513 1271 nihil,
563 1220 687 1274 quod
733 1222 887 1261 ratum
934 1219 1035 1262 fore
1083 1222 1314 1275 oporteat,
1365 1220 1655 1272 decerneret;

147 1280 380 1334 postremo
402 1281 559 1334 preter
579 1279 806 1334 regalium
835 1279 1131 1321 serviciorum
1154 1280 1455 1330 exactionem,
1490 1280 1656 1334 quibus

147 1339 404 1380 necessario
435 1338 534 1394 ipse
568 1340 615 1381 et
647 1339 719 1380 sui
760 1339 1055 1381 sustentandi
1087 1340 1259 1389 essent,
1302 1338 1420 1379 nihil
1462 1339 1654 1393 regium,

146 1397 266 1439 nihil
312 1397 553 1453 publicum
598 1398 892 1453 usurparet3;
942 1411 1100 1440 omnes
1147 1398 1307 1448 etiam,
1357 1398 1436 1452 qm·
1481 1398 1523 1440 ei
1570 1399 1655 1440 sub

98 1457 444 1501 soiureiurando
467 1458 606 1500 fidem
628 1458 864 1508 dixissent,
899 1457 956 1499 ab
989 1457 1128 1498 hujus
1161 1458 1438 1499 sacramenti
1468 1457 1655 1499 vinculo

146 1518 194 1559 et
226 1517 566 1560 conservandae
608 1531 718 1572 erga
758 1531 864 1559 eum
906 1517 1015 1559 fidei
1056 1517 1215 1559 debito
1257 1517 1382 1572 apud
1413 1517 1564 1559 Deum
1608 1519 1655 1559 et

146 1630 175 1666 a)
194 1633 374 1664 mguasset
390 1631 471 1661 Blb.
544 1633 576 1664 b)
594 1632 744 1660 Theuton.
762 1633 824 1660 Β2.
898 1634 924 1663 c)
945 1631 1024 1658 diem
1043 1635 1144 1658 autem
1164 1639 1238 1659 corr.
1258 1639 1284 1659 a.
1305 1630 1332 1659 d.
1353 1632 1414 1660 ΒΞ,

147 1727 182 1770 1)
215 1727 270 1761 De
303 1728 516 1762 criminibus
552 1727 692 1762 obiectis
727 1738 841 1770 reqem
881 1731 911 1760 et
948 1728 988 1760 in
1022 1730 1189 1760 conventu
1225 1728 1432 1770 principum
1470 1730 1499 1760 et
1533 1737 1654 1760 coram

139 1785 243 1818 papa
262 1786 428 1818 purqare
453 1786 487 1809 se
508 1776 666 1809 debuisse
692 1775 821 1818 Lamp.
848 1776 922 1807 iam
947 1778 1011 1816 ter,
1046 1785 1161 1818 supra
1188 1786 1224 1818 p.
1251 1775 1329 1809 162.
1357 1776 1438 1809 281.
1467 1775 1548 1810 291.
1575 1785 1655 1808 con-

96 1832 132 1858 25
145 1823 238 1856 salto
270 1827 482 1857 commentus
505 1826 566 1858 est.
685 1824 722 1866 2)
758 1822 928 1856 Consulto
953 1832 994 1855 ac
1018 1823 1166 1864 eoqitate
1190 1822 1408 1855 adulteravit
1432 1825 1463 1855 et
1487 1823 1527 1855 in
1547 1823 1654 1866 peius

144 1871 247 1903 vertit
272 1869 402 1914 Lamp.
437 1869 661 1913 securitates,
696 1881 787 1914 quas
819 1881 886 1903 νοω
917 1879 1036 1914 papae
1060 1871 1215 1912 scripta-s
1239 1869 1345 1912 dedit,
1376 1869 1545 1911 Greyorii
1568 1870 1652 1911 Req.

145 1917 171 1950 Ι
174 1918 213 1960 V,
236 1919 307 1953 12a
333 1918 427 1960 (LL.
446 1918 498 1960 II,
521 1919 552 1959 1,
575 1929 612 1961 p.
631 1919 706 1960 50),
733 1928 825 1960 quas
846 1917 976 1960 Lamp.
1003 1927 1082 1950 cum
1102 1917 1332 1960 praecedente
1356 1917 1503 1960 epistola
1531 1918 1654 1960 teqisse

144 1965 294 2000 videtur.
441 1965 478 2008 3)
501 1964 599 1998 Haec
623 1963 763 2008 (Usque
789 1985 835 1989 —
862 1966 1067 2008 usurparet)
1102 1974 1174 1997 non
1208 1975 1291 1998 vera
1325 1967 1426 2006 sunt,
1463 1965 1523 1998 sed
1547 1975 1654 2008 quae-

144 2012 228 2045 dam
254 2023 374 2046 eorum
400 2023 423 2044 a
443 2015 551 2056 parte
576 2012 774 2054 Rudolfina
799 2014 952 2055 inventa,
989 2022 1074 2045 nam
1099 2012 1238 2045 similia
1264 2011 1367 2045 habet
1391 2011 1518 2045 Brano
1552 2023 1579 2047 c.
1607 2013 1653 2047 90

96 2070 132 2096 30
145 2060 209 2101 (cf.
235 2059 334 2095 Ann.
353 2059 502 2103 Yhury„
530 2059 594 2095 SS.
613 2060 722 2103 XVI,
746 2071 784 2103 p.
802 2061 885 2095 436.
912 2070 955 2094 ea·
979 2059 1166 2102 Lampss).
1217 2059 1263 2092 Id
1286 2060 1379 2102 quod
1401 2070 1501 2103 papa
1526 2059 1654 2093 callide

151 2107 353 2141 Teutonicas
377 2109 522 2151 scripsit
546 2118 598 2150 ep.
625 2107 702 2142 coll.
728 2110 785 2150 20,
813 2107 835 2142 l.
855 2108 878 2143 l.
899 2119 939 2151 p.
959 2108 1049 2143 545:
1076 2106 1121 2140 de
1147 2108 1268 2140 cetero
1294 2106 1406 2140 nichil
1432 2118 1555 2140 secum
1581 2110 1651 2140 sta-

143 2156 299 2198 tuentes,
325 2154 395 2188 nisi
412 2154 510 2199 quod
535 2153 582 2188 ad
599 2154 781 2189 cautelam
807 2157 844 2189 et
867 2154 1046 2188 honorem
1072 2154 1237 2188 omnium
1254 2155 1417 2188 vestrum
1444 2154 1521 2188 fore
1546 2157 1652 2198 puta-

143 2202 273 2244 vimus,
308 2206 340 2236 et
373 2202 459 2246 Rey.
494 2202 562 2246 IV,
593 2203 658 2238 12:
696 2201 780 2236 Hoc
812 2202 910 2236 enim
942 2202 1175 2236 dilectionem
1207 2204 1367 2235 vestram
1402 2201 1653 2235 indubitanter

143 2249 234 2284 scire
258 2249 438 2293 volumus,
465 2249 650 2294 quoniam,
677 2249 771 2284 sicut
794 2249 833 2284 in
859 2249 1049 2294 descriptis
1075 2249 1330 2283 securitatibus
1357 2249 1456 2291 (Rey.
1482 2249 1552 2292 IV,
1575 2250 1654 2292 12a)

95 2307 359 2342 &cognoscere
393 2297 556 2342 potestis,
590 2297 643 2331 ita
677 2297 796 2332 adhuc
820 2297 934 2331 totius
958 2296 1101 2342 negocii
1126 2307 1233 2330 causa
1258 2307 1431 2340 suspensa
1463 2298 1528 2339 est,
1560 2307 1653 2340 pars

142 2345 338 2387 Rudolfina
363 2346 415 2378 ita
440 2346 677 2389 interpretata
702 2349 762 2388 est,
792 2349 828 2378 ut
853 2355 968 2388 reyem
993 2355 1066 2378 non
1093 2346 1132 2378 in
1157 2355 1308 2387 requam
1343 2345 1546 2377 restitutum
1581 2354 1652 2377 esse

142 2392 270 2426 diceret
295 2393 413 2436 (epist.
434 2394 646 2437 principum
670 2394 720 2426 ad
739 2404 890 2436 papam,
924 2392 1051 2426 Bruno
1075 2402 1103 2427 c.
1125 2393 1215 2431 ms,-
1251 2392 1333 2424 Vita
1358 2392 1522 2424 Anselmt'
1545 2402 1571 2425 c.
1593 2392 1648 2433 16,

143 2439 208 2475 SS.
226 2439 317 2483 XII,
340 2451 379 2484 p.
399 2441 468 2480 18,·
492 2440 676 2482 Bernold„
701 2440 766 2475 SS.
790 2440 830 2483 V,
855 2452 892 2484 p.
910 2441 980 2475 433
992 2452 1004 2479 ,·
1034 2440 1175 2473 Paulus
1200 2439 1399 2481 Bernried„
1435 2439 1516 2471 Vita
1544 2439 1650 2481 Grey.

143 2496 170 2521 c.
196 2488 272 2529 85).
324 2488 423 2529 Quod
455 2487 562 2522 rebus
594 2489 742 2521 mutatis
770 2488 980 2530 Greyorius,
1015 2498 1092 2520 cum
1119 2489 1246 2520 iterum
1272 2497 1386 2528 reyem
1412 2487 1651 2519 eoeconnmmi-

94 2538 249 2577 mearet,
285 2545 319 2570 a.
349 2535 452 2571 1080.
484 2536 559 2578 ipse
583 2536 680 2569 dia-it
704 2535 807 2578 (Req.
832 2535 916 2577 VII,
939 2536 1022 2576 14a,
1061 2535 1083 2569 l.
1112 2534 1134 2568 l.
1165 2545 1204 2577 p.
1232 2535 1323 2569 402:
1364 2543 1437 2566 uon
1463 2536 1586 2566 tamen
1612 2532 1650 2566 in

142 2591 267 2626 regn0‚
302 2592 324 2615 a
348 2592 420 2625 quo
447 2592 529 2616 eum
564 2582 601 2616 in
627 2581 794 2617 Romana
827 2581 966 2626 synodo
1001 2581 1252 2625 deposueram,
1288 2580 1511 2622 instauravi).
1563 2580 1651 2614 Inde

142 2638 182 2661 ea
217 2628 339 2670 effecta
374 2633 458 2662 sunt
491 2640 581 2673 quae
606 2630 734 2664 Bruno
758 2635 789 2663 et
815 2630 943 2672 Lamp.
970 2629 1109 2670 habent,
1145 2628 1202 2661 hic
1237 2638 1316 2661 vero
1350 2629 1426 2661 suis
1450 2629 1650 2661 commentis

142 2677 249 2708 auxit
275 2679 304 2708 et
329 2677 547 2720 depravavit.
599 2677 695 2718 Quae
719 2677 829 2710 Liber
853 2678 895 2711 de
920 2678 1010 2710 unit.
1037 2676 1113 2711 eccl.
1141 2676 1171 2716 I,
1190 2676 1223 2715 6,
1259 2675 1390 2707 Libelli
1415 2674 1468 2717 II,
1499 2685 1538 2717 p.
1569 2676 1648 2710 192.

142 2723 210 2756 hac
233 2723 275 2756 de
298 2733 339 2756 re
364 2723 465 2757 habet
489 2734 533 2757 ex
557 2723 745 2768 Lamperti
769 2726 867 2759 Arm.
894 2727 1036 2767 sumpta
1061 2734 1131 2756 esse
1151 2726 1262 2766 patet.
1312 2722 1448 2754 Eadem
1476 2723 1551 2763 fere
1577 2723 1649 2755 iam

93 2780 130 2806 45
141 2781 256 2813 reqem
290 2771 408 2813 ipsum
435 2781 558 2815 ,papae
588 2771 752 2805 obtulisse
777 2772 905 2815 Lamp.
932 2782 1046 2814 supra
1068 2781 1106 2813 1).
1124 2771 1206 2811 291,
1236 2770 1258 2804 I.
1280 2770 1431 2809 19--24,
1466 2773 1497 2803 et
1530 2769 1647 2803 eadem

142 2818 218 2859 fere
250 2819 325 2851 iam
359 2828 473 2862 supra
502 2830 541 2862 p.
566 2819 647 2854 282.
684 2821 723 2852 in
753 2823 860 2862 pacto
892 2818 1184 2862 Oppenhet'mensi
1215 2820 1350 2850 stat-uta
1385 2827 1456 2850 esse
1480 2827 1650 2850 commen-

140 2868 198 2898 tus
225 2869 285 2900 est.

1675 330 1778 364 1077.

1671 376 1753 406 (Ian.
1764 376 1798 401 28
1806 375 1835 408 ,9)
