2046 3190
537 253 807 293 LAMPERTI
831 253 1087 291 ANNALES.
1137 254 1184 291 A.
1213 257 1316 292 1075.
1619 257 1688 291 ‘337

179 376 477 427 concitasset;
512 376 644 418 cuius
675 377 944 420 iracundiae
977 377 1026 419 in
1057 378 1271 420 secundis
1302 378 1440 420 rebus
1473 392 1565 420 non
1598 379 1688 434 pie·
1706 377 1808 412 1075·

177 438 264 488 tas,
297 449 391 478 non
422 436 670 488 miseratio,
704 450 798 478 non
823 436 926 487 Dei,
959 451 1054 478 non
1079 438 1320 479 hominum
1346 440 1584 492 respectus
1609 453 1689 479 un-

179 509 316 552 quam
342 496 531 538 modum
562 495 805 548 fecissent;
847 497 1020 538 satiusa
1047 497 1136 539 sibi
1166 497 1280 547 fore,
1314 499 1369 538 ut
1399 511 1515 552 equo
1549 500 1689 540 certa-

177 555 302 598 mine
324 555 558 611 congressi
583 569 709 598 more
729 556 934 598 virorum
966 556 1161 598 fortium
1187 557 1446 598 moriantur
1475 557 1524 598 in
1552 557 1687 606 bello,

147 629 316 671 squam
347 617 403 657 ut
433 615 483 657 in
515 615 665 658 exiliis
698 617 745 658 et
778 616 1038 658 carceribus
1070 616 1165 657 ritu
1197 612 1456 672 pecudumb
1489 617 1690 672 iugulati

176 674 428 717 ridiculum
460 675 674 717 hostibus
707 676 801 717 suis
834 676 1152 731 spectaculum
1185 676 1422 731 prebeant.
1487 677 1691 718 Econtra

176 733 250 776 illi
281 734 444 777 sedulo
475 735 718 777 instabant
750 735 1064 791 deprecantes,
1099 738 1153 777 ut
1186 736 1468 778 salutaribus
1502 737 1690 778 monitis

178 795 554 850 adquiescerente
602 809 752 850 neque
794 795 1012 850 exiguum
1054 796 1270 838 Saxonici
1310 796 1522 846 nominis,
1567 798 1691 851 quod

179 854 282 897 cedi
328 868 381 896 ac
429 854 781 910 depopulationi
829 855 1152 910 superfuisset,
1201 870 1321 897 vana
1369 856 1689 911 desperatione

131 931 166 956 ιο
178 913 413 970 perditum
445 914 590 965 irent;
625 928 685 965 se,
720 915 758 956 si
789 915 942 956 minus
975 915 1139 956 salutis
1166 929 1337 966 eorum,
1372 912 1448 957 at‘l
1476 917 1689 971 propriae

179 973 535 1016 existimationis
577 988 735 1016 curam
768 975 1098 1030 permaximam
1139 975 1323 1026 habere,
1367 975 1447 1030 qui
1478 977 1689 1031 profecto

179 1033 410 1075 maculam
441 1033 530 1075 sibi
561 1035 607 1075 et
639 1034 813 1076 crimen
843 1034 976 1076 nulla
1003 1035 1220 1089 deinceps
1253 1037 1419 1086 aetate,
1453 1035 1585 1076 nulla
1606 1036 1690 1077 vir-

177 1095 282 1135 tute
314 1092 596 1136 abolendum
629 1094 970 1145 contraherent,
1005 1094 1068 1135 sie
1099 1095 1207 1136 fidei
1241 1108 1350 1136 suae
1384 1095 1582 1137 creditos
1616 1095 1690 1136 ad-

178 1152 412 1195 versitatis
434 1153 705 1208 cuiusquam
726 1154 800 1196 vel
827 1153 940 1195 levis
962 1168 1076 1195 aura
1107 1155 1462 1209 perstringeret3
1497 1155 1690 1209 proinde

131 1229 166 1255 15
177 1212 326 1254 ituros
357 1225 405 1254 se
432 1213 491 1254 ad
517 1226 674 1268 regem
705 1215 765 1264 et,
800 1214 839 1255 si
869 1215 975 1255 tuto
1009 1214 1145 1256 fidem
1181 1214 1345 1265 dicere,
1380 1216 1485 1256 tuto
1506 1215 1686 1256 veniam

177 1271 391 1328 polliceri
411 1275 611 1327 possent,
647 1275 964 1328 comperturos
996 1275 1044 1315 et
1073 1287 1190 1328 quae
1222 1275 1460 1328 comperta
1489 1274 1690 1316 fuissent

178 1331 253 1374 die
305 1333 490 1387 postera
541 1332 908 1374 renunciaturos.
986 1333 1086 1374 Rex
1138 1333 1397 1388 gratissime
1451 1334 1690 1388 amplexus

177 1391 304 1447 pacis
346 1391 699 1434 conventionem
732 1393 944 1447 promisit
986 1394 1046 1443 et,
1090 1393 1210 1434 sicut
1242 1393 1433 1448 vulgata
1470 1394 1519 1434 in
1552 1394 1690 1448 pluri-

177 1464 276 1495 mos
307 1451 435 1493 fama
465 1451 757 1506 loquebatur,
797 1452 936 1494 etiam
970 1452 1293 1494 iusiurandum
1327 1453 1457 1494 dedit
1490 1453 1609 1494 nihil
1642 1467 1689 1495 se

130 1511 228 1554 zoin
259 1524 349 1562 θος,
390 1511 431 1553 si
463 1511 611 1554 dediti
647 1511 859 1562 fuissent,
903 1514 1060 1568 preter
1090 1513 1382 1555 voluntatem
1424 1515 1470 1554 et
1513 1515 1690 1555 senten-

176 1571 294 1612 tiam
340 1572 554 1612 acturum
602 1585 779 1622 eorum,
829 1586 1023 1626 quorum
1071 1586 1213 1627 opera
1259 1575 1306 1614 et
1354 1573 1578 1614 beneficio
1626 1573 1690 1614 in-

1703 425 1763 450 Oct.
1775 424 1820 449 23.

180 1632 373 1672 cruenta
419 1631 508 1672 sibi
555 1631 669 1673 haec
716 1631 912 1673 victoria
958 1631 1202 1686 obtigisset
1218 1631 1246 1672 1.
1311 1631 1427 1687 Sepe
1468 1632 1585 1673 itum
1637 1647 1689 1674 ac
1704 1648 1763 1674 001.
1776 1648 1821 1674 24.

178 1689 382 1732 reditum
415 1692 498 1732 est.
553 1690 670 1745 Sepe
703 1690 918 1740 Saxones,
951 1691 1158 1733 refutato
1192 1691 1442 1733 deditionis
1481 1692 1686 1743 consilio,

181 1762 310 1790 arma
350 1749 556 1804 expediri
597 1752 737 1804 atque
767 1750 817 1790 in
850 1751 996 1792 aciem
1029 1751 1160 1806 signa
1193 1751 1347 1792 efferri
1380 1751 1689 1793 conclamave-

132 1826 168 1852 25
180 1810 299 1859 rant,
344 1809 455 1849 dum
495 1809 651 1850 omnia
690 1809 781 1851 fide
822 1810 943 1865 regis
984 1810 1165 1851 tuciora
1206 1810 1294 1852 sibi
1335 1811 1685 1853 arbitrarentur.

182 1867 273 1910 Sed
306 1864 505 1910 Gozelof
543 1868 636 1909 dux
678 1871 725 1911 et
766 1869 845 1923 qui
886 1883 990 1911 cum
1032 1883 1086 1912 eo
1124 1872 1288 1911 erantg
1324 1870 1435 1911 satis
1467 1871 1688 1926 impigros

181 1941 229 1970 se
252 1923 591 1970 exhibuerunt¹¹
613 1929 806 1983 negocio
829 1931 876 1971 et
897 1929 1164 1971 ferocientis
1182 1929 1498 1971 multitudinis
1520 1930 1688 1971 tumul-

180 1988 282 2028 tum
313 2001 438 2029 nunc
465 1987 613 2039 minis,
645 2002 771 2030 nunc
792 1988 1123 2030 blandimentis
1146 1989 1525 2044 comprimebant,
1560 1990 1690 2045 polli-

182 2048 352 2096 centes,
396 2049 443 2089 et
475 2047 583 2102 quia
613 2048 764 2090 verbis
796 2062 959 2103 parum
992 2048 1101 2090 fidei
1133 2051 1245 2099 erat,
1283 2049 1423 2091 etiam
1456 2049 1541 2091 sub
1574 2050 1689 2091 iure-

134 2125 169 2150 30
180 2106 377 2148 iurando
419 2107 763 2158 confirmantes,
806 2122 901 2150 non
942 2108 1123 2158 salutis,
1168 2122 1261 2150 non
1302 2108 1552 2159 libertatis,
1595 2123 1690 2150 non

181 2166 459 2221 prediorum,
492 2181 588 2208 non
618 2166 959 2217 beneficiorum,
993 2182 1087 2210 non
1109 2170 1319 2210 caeterae
1352 2169 1689 2224 suppellectilis

181 2239 292 2268 suae
322 2225 469 2267 ullam
501 2239 579 2268 eos
610 2226 838 2269 iacturam
870 2241 1095 2278 sensuros,
1130 2229 1210 2270 sed
1243 2231 1487 2283 postquam
1520 2229 1688 2270 faciem

180 2285 303 2341 regis
355 2287 403 2328 et
454 2286 587 2341 regni
647 2287 938 2330 maiestatem
991 2290 1316 2330 momentanea
1369 2288 1688 2330 satisfactione

181 2345 566 2400 magnificassent,
610 2347 770 2388 statim
811 2347 1047 2389 deditione
1090 2347 1394 2390 absolvendos
1432 2349 1478 2389 et
1511 2347 1689 2402 patriae

133 2423 169 2450 35
181 2404 499 2460 libertatique,
542 2406 590 2446 in
631 2406 773 2448 nullis
814 2407 1060 2448 imminuto
1102 2402 1213 2448 sibii
1257 2407 1540 2448 condicionis
1579 2421 1688 2449 suae

182 2466 328 2516 statu,
370 2465 683 2507 restituendos
725 2480 822 2508 esse
837 2467 864 2506 ².
928 2466 1036 2508 Non
1075 2467 1233 2516 verba,
1279 2480 1372 2507 non
1413 2466 1686 2513 iuramenta,

183 2577 213 2610 a)
232 2579 303 2604 satis
324 2579 404 2605 131¹».
478 2581 509 2612 b)
528 2579 673 2612 pecodum
693 2582 719 2606 B
732 2583 811 2608 1=.2.
881 2581 908 2611 c)
927 2589 994 2613 aeq.
1015 2582 1093 2606 131³.
1155 2580 1186 2606 ‹l›
1206 2588 1241 2606 ac
1261 2581 1343 2606 Blb.
1413 2583 1440 2611 e)
1461 2582 1484 2605 si
1500 2595 1533 2599 —
1547 2582 1690 2613 perstrin-

183 2617 269 2646 geret
287 2622 343 2640 om.
364 2614 445 2640 Blb.
507 2616 530 2649 f)
549 2617 591 2641 sic
610 2617 693 2650 B103
715 2618 834 2643 Gozzilo
855 2618 922 2649 A1;
944 2618 1054 2643 Gezelo
1074 2618 1156 2649 B1ss3
1179 2617 1288 2642 ‹zos-elo
1308 2616 1395 2650 Blb;
1417 2617 1547 2644 Glozulo,
1569 2617 1577 2642 l
1598 2618 1689 2642 deleto

184 2656 262 2675 corr.
283 2651 392 2675 Gozclo
411 2651 475 2676 ΒΞ.
549 2653 579 2684 g)
598 2653 767 2685 episcopi
788 2654 856 2678 add.
879 2654 904 2678 A
918 2655 942 2678 1.
1018 2654 1048 2685 h)
1069 2653 1246 2678 exibuerunt
1267 2653 1331 2678 ΒΞ.
1407 2653 1427 2683 i)
1446 2660 1589 2684 superarer.
1609 2652 1688 2680 Bw.

135 2740 172 2764 40
187 2733 221 2775 1)
247 2731 372 2765 Etiam
397 2733 525 2768 Bruno
558 2745 586 2771 c.
612 2736 670 2772 54.
705 2747 740 2770 se
774 2737 876 2778 fama
907 2738 1114 2779 comperisse
1138 2736 1223 2768 dicit
1248 2746 1362 2778 reyem
1391 2737 1531 2769 iurasse
1555 2736 1691 2770 dmitos

179 2781 366 2823 principes
391 2781 530 2815 ineunte
554 2793 667 2817 mense
692 2784 884 2817 Novembri
905 2784 1036 2817 solutos
1064 2785 1123 2818 iri.
1259 2786 1295 2823 22)
1322 2783 1450 2817 Bruno
1474 2794 1501 2818 ‹·.
1528 2785 1585 2819 54.
1614 2794 1690 2817 vere

179 2827 433 2870 proculdubio
455 2828 541 2861 dicit
565 2829 696 2873 leqatos
717 2832 946 2874 prino-spebus
971 2832 1163 2863 Samonicis
1182 2831 1395 2874 promisisse
1418 2841 1475 2865 eos
1499 2842 1559 2865 nec
1584 2832 1688 2874 lonya.

185 2884 246 2907 nec
261 2875 358 2908 dura
374 2877 575 2919 captivitate
591 2879 754 2912 tenendos
770 2890 850 2913 esse.
888 2879 945 2920 Cf.
964 2879 1009 2913 ih.
1027 2890 1054 2913 c.
1070 2880 1126 2913 56.
1145 2878 1185 2910 de
1199 2878 1478 2921 possessionibus
1495 2879 1687 2914 rebellium.

185 2923 392 2956 Assentitm·
415 2924 449 2956 ei
472 2925 577 2957 etiam
603 2926 642 2958 in
667 2927 873 2959 universum
900 2926 1078 2961 Bet-thom.
1105 2926 1217 2967 (Anu.
1243 2926 1280 2961 S.
1308 2926 1444 2968 Blasii)
1464 2938 1503 2970 Ι).
1530 2929 1611 2963 279.
