1968 3164
339 250 386 284 94
705 248 972 284 LAMPERTI
998 249 1250 286 ANNALES.
1301 250 1347 285 A.
1376 252 1477 287 1065.

223 375 324 409 1065.
342 370 507 422 predae
550 383 650 423 spes
693 383 743 410 ac
787 371 1062 412 desiderium
1105 371 1241 425 cepit.
1306 372 1471 425 Itaque
1504 386 1607 413 cum
1639 372 1837 414 transita

340 428 467 469 Licia
499 429 611 469 fines
635 429 988 470 Sarracenorum
1020 430 1314 471 introissenta
1354 433 1400 472 et
1432 426 1550 471 iamb
1589 445 1616 472 a
1647 431 1836 474 civitate

341 487 413 528 cui
455 487 650 528 Ramulo
698 501 864 529 nomen
912 491 980 529 est
1021 503 1113 529 una
1155 489 1225 530 vel
1268 489 1405 543 paulo
1450 490 1553 544 plus
1601 490 1836 532 mansione

175 546 563 593 .x1m-t.25.abessent,
606 544 829 600 *proximo
862 561 1107 601 parasceue
1149 550 1256 589 ante
1290 549 1460 602 pascha
1493 549 1613 590 circa
1645 549 1836 590 terciam
1850 563 1967 596 '‘p-169-

340 605 430 646 diei
473 605 660 646 horam¹
703 606 1010 647 incursionem
1059 607 1179 660 passi
1228 610 1334 647 sunt
1383 608 1439 649 ab
1482 608 1707 657 Arabitis,
1758 608 1867 662 quis

340 667 572 717 comperto
615 667 710 705 tam
751 665 1001 719 insignium
1042 666 1241 707 virorum
1284 667 1486 708 adventu
1533 667 1736 721 undique
1778 667 1837 708 ad

339 722 485 776 spolia
507 723 765 777 diripienda
795 724 1060 777 frequentes
1083 725 1337 778 armatique
1364 726 1692 767 confluxerant.
1739 726 1837 768 Ple-

338 782 465 835 rique
489 782 868 823 christianorum‘
898 783 1162 837 religiosum
1186 786 1403 838 putantes
1435 798 1574 825 manu
1606 785 1694 826 sibi
1715 785 1836 826 auxi-

338 840 451 881 lium
484 842 602 882 ferre
613 838 630 864 ‘¹
659 844 705 882 et
728 842 923 883 salutem
951 856 1091 891 suam,
1127 857 1262 896 quam
1287 856 1473 897 peregre
1497 843 1836 897 proficiscentes

339 899 436 941 Deo
471 900 768 949 devoverant,
809 901 945 941 armis
978 901 1291 955 corporalibus
1323 902 1465 951 tueri,
1500 902 1647 956 prima
1678 903 1836 944 statim
1851 917 1885 942 10

339 959 658 1012 congressione
711 960 951 1013 prostrati,
1006 960 1272 1002 vulneribus
1325 961 1484 1002 multis
1537 962 1737 1003 confecti
1789 964 1836 1004 et

142 1030 268 1062 Gen.14,
280 1030 323 1054 23.
339 1017 549 1058 omnibus
592 1031 708 1071 quae
750 1019 984 1060 habebant
1022 1033 1047 1059 a
1080 1019 1154 1070 filo
1186 1018 1431 1060 subteminis
1461 1033 1590 1072 usque
1621 1021 1680 1061 ad
1709 1019 1836 1062 corri-

336 1075 449 1127 syiam
494 1075 654 1128 calmae
696 1077 937 1131 exspoliati
980 1080 1101 1119 sunt.
1165 1078 1295 1120 Inter
1336 1093 1448 1132 quos
1485 1078 1828 1121 Willihelmus⁶

338 1149 517 1189 quoque
540 1135 844 1177 Traiectensis
877 1137 1129 1191 episcopus,
1166 1138 1353 1179 brachio
1386 1151 1501 1192 pene
1534 1138 1682 1192 plagis
1714 1138 1836 1180 debi-

338 1194 485 1240 litato,
510 1195 661 1236 nudus
685 1209 737 1236 ac
760 1196 1002 1237 semivivus
1025 1196 1214 1238 relictus
1227 1193 1242 1219 f
1265 1199 1346 1238 est.
1391 1195 1574 1239 Caeteri
1596 1197 1836 1239 christiani
1850 1211 1884 1236 15

337 1253 461 1294 iactu
495 1254 722 1307 lapidum,
764 1255 885 1308 quod
918 1268 1061 1308 genus
1099 1255 1182 1296 teli
1214 1256 1334 1297 forte
1367 1256 1494 1297 locus
1525 1256 1623 1310 ipse
1655 1256 1835 1298 affatim

338 1312 650 1362 ministrabat,
701 1327 791 1354 11011
844 1316 939 1354 tam
987 1314 1242 1368 periculum
1295 1315 1648 1369 propulsabant,
1697 1329 1833 1369 quam

337 1373 574 1420 11101²te1n²⁴',
629 1386 744 1424 quae
796 1385 980 1426 presens
1033 1374 1248 1427 urgebat,
1299 1374 1481 1415 differre
1533 1374 1832 1415 conabantur.

337 1429 506 1471 Pedem
549 1430 688 1471 etiam
731 1431 954 1484 paulatim
997 1432 1311 1473 subtrahendo
1354 1433 1411 1473 ad
1444 1432 1600 1474 villam
1638 1433 1833 1475 declina-

337 1488 470 1537 bant,
520 1502 635 1542 quae
687 1489 743 1530 ab
791 1490 890 1543 ipso
937 1490 1101 1532 itinere
1149 1491 1302 1545 spacio
1349 1491 1568 1533 mediocri
1615 1491 1832 1534 distabat.
1846 1506 1882 1532 20

337 1546 659 1600 Capharnaum
702 1549 819 1589 hanc
861 1549 1003 1590 fuisse
1045 1563 1098 1591 ex
1137 1550 1438 1591 similitudine
1470 1551 1683 1592 vocabuli
1715 1551 1834 1592 coni-

336 1606 519 1647 ciebant
536 1607 561 1645 ²².
617 1605 764 1657 Quam
797 1609 849 1648 ut
882 1608 1074 1662 ingressi
1107 1611 1226 1659 sunt,
1261 1609 1462 1663 episcopi
1485 1623 1640 1651 omnes
1663 1609 1832 1650 atrium

335 1665 566 1718 quoddam
595 1669 823 1719 occupant
837 1667 863 1716 3,
899 1667 1063 1707 humili
1097 1670 1278 1722 septum
1310 1668 1507 1709 maceria
1538 1670 1585 1710 et
1616 1670 1713 1710 tam
1743 1668 1831 1710 fra-

335 1723 438 1777 gili,
488 1726 561 1773 ut,
606 1725 786 1766 etiamsi
833 1725 963 1766 nulla
1002 1726 1069 1767 vis
1111 1727 1419 1776 adhiberetur,
1463 1727 1560 1768 sola
1599 1729 1832 1770 vetustate

334 1782 471 1824 facile
504 1786 749 1825 corrueret.
804 1784 862 1824 In
889 1785 1018 1826 cuius
1050 1786 1200 1827 medio
1224 1786 1384 1827 domus
1417 1787 1527 1836 erat,
1562 1786 1832 1828 cenaculum
1843 1801 1880 1827 2⁶

335 1841 509 1882 habens
543 1842 653 1883 satis
686 1843 860 1884 editum
895 1846 941 1885 et
973 1845 1031 1885 ad
1062 1845 1414 1898 repugnandum
1456 1845 1586 1898 quasi
1617 1858 1672 1887 ex
1703 1845 1831 1886 indu-

334 1900 446 1940 stria
478 1904 786 1955 preparatum.
840 1902 992 1943 Huius
1015 1903 1251 1957 superiora
1272 1903 1510 1958 episcopus
1531 1903 1831 1958 Mogontinus

334 1961 380 1999 et
422 1956 845 2014 Babe11bergensis¹¹
883 1975 986 2002 cum
1028 1962 1204 2003 clericis
1246 1963 1359 2012 suis,
1402 1962 1621 2004 inferiora
1661 1962 1830 2004 caeteri

334 2017 564 2071 episcopi4
597 2019 683 2059 sibi
705 2020 965 2060 vendicant.
1019 2017 1168 2062 Laicii
1201 2035 1358 2063 omnes
1387 2022 1445 2062 ad
1468 2022 1712 2063 arcendam
1737 2022 1831 2062 vim

333 2118 362 2150 a)
382 2121 555 2145 retroissent
574 2120 654 2147 Blb.
745 2122 774 2152 b)
794 2122 862 2146 intr.
884 2122 976 2147 eciam
999 2123 1023 2146 B
1036 2123 1061 2147 2.
1155 2124 1182 2153 0)
1201 2123 1283 2149 crist.
1303 2123 1329 2148 B
1344 2122 1376 2148 1b
1397 2131 1490 2155 saepe.
1583 2122 1614 2155 d)
1634 2124 1747 2150 referre
1765 2123 1828 2149 132.
1844 2126 1879 2151 30

334 2154 360 2186 e)
381 2155 566 2180 WVillhelmus
587 2156 650 2187 2113
672 2156 847 2181 Wilhelmus
867 2157 944 2182 131³.
957 2160 983 2182 2.
1041 2159 1063 2190 f)
1083 2157 1242 2183 derelictus
1261 2159 1336 2183 Blss.
1393 2158 1422 2190 g)
1442 2159 1567 2185 morffim
1587 2159 1665 2184 Blss.
1722 2158 1753 2192 h)
1772 2159 1829 2184 Ba-

334 2190 503 2222 benbergefi
523 2198 599 2218 corr.
619 2192 834 2223 Babenburgefi
855 2191 932 2219 Bib.
1006 2192 1026 2224 i)
1046 2194 1122 2224 layci
1140 2192 1211 2218 Blb
1230 2194 1354 2224 saepius.

332 2283 396 2314 que
429 2283 506 2305 cum
541 2273 733 2316 Lampmo
763 2275 992 2308 consentiunt.
1044 2275 1168 2308 Onmes
1203 2279 1277 2309 tres
1308 2276 1436 2318 Jn‘ocul
1468 2276 1574 2309 dubio
1601 2277 1830 2310 narrationes

332 2320 504 2352 socam-um
528 2321 770 2364 episcoporum
786 2321 938 2354 auribus
958 2326 1141 2364 perceptas
1165 2323 1274 2355 secuti
1288 2326 1383 2364 sunt,
1409 2323 1613 2365 neutiquam
1633 2323 1831 2356 Marianus

332 2370 363 2399 et
393 2366 608 2410 Lampertus
638 2368 792 2410 eandem,
831 2368 868 2400 id
899 2368 990 2410 quod
1021 2369 1076 2404 W.
1100 2369 1140 2402 de
1167 2369 1394 2411 Giesffrffnt,
1432 2369 1574 2404 ‘DKZJ
1607 2370 1660 2404 ed.
1685 2371 1719 2404 5.
1753 2369 1827 2412 III,
1842 2379 1877 2405 35

328 2425 367 2457 1).
383 2415 486 2448 1107.
512 2415 665 2456 coniecit,
692 2425 770 2447 eum
795 2415 896 2448 modo
920 2415 1047 2458 Lamp.
1074 2419 1103 2448 et
1129 2416 1224 2450 Ama.
1250 2416 1387 2458 Altah„
1414 2416 1514 2449 modo
1538 2416 1666 2460 Lamp.
1690 2421 1722 2450 et
1747 2417 1828 2450 Ma-

332 2461 473 2503 rianus,
501 2462 601 2494 modo
627 2463 690 2495 iste
713 2466 746 2494 et
770 2462 864 2496 Anu.
883 2462 1007 2496 Altah.
1033 2463 1150 2504 mayis
1174 2464 1268 2496 inter
1292 2473 1327 2496 se
1350 2464 1564 2498 concordent.
1607 2463 1660 2496 Ne
1675 2463 1828 2497 Pseudo-

332 2507 479 2550 Inyulfi,
507 2509 661 2550 falsarii
676 2509 952 2550 Croylandensis
975 2520 1062 2544 saec.
1080 2509 1184 2552 XIV,
1211 2510 1417 2544 relationem
1443 2510 1509 2543 hac
1531 2510 1572 2543 de
1589 2521 1628 2543 re
1651 2510 1825 2553 consulas,

331 2565 419 2589 cave.
525 2556 559 2598 1)
583 2556 678 2590 Ann.
703 2556 850 2590 Alam..-
884 2555 972 2589 hora
998 2555 1070 2590 diei
1095 2567 1189 2599 pene
1214 2556 1382 2590 secunda.
1491 2556 1528 2600 2)
1551 2557 1711 2592 Minime.
1761 2555 1828 2591 Ga-

331 2601 499 2644 pharsala
517 2604 611 2638 Anu.
630 2603 767 2646 Altah„
795 2601 1015 2636 Oavarsalim
1041 2604 1247 2646 Marianus,
1274 2604 1365 2647 quod
1389 2608 1438 2637 est
1462 2604 1558 2646 Kefr
1574 2605 1669 2638 Saba
1693 2604 1876 2647 (Kaffrw

331 2649 445 2691 Suba)
475 2660 587 2693 prope
611 2650 774 2694 Ramleh,
809 2651 958 2693 antiqua
992 2652 1116 2684 civitas
1141 2652 1360 2694 Antipatris,
1396 2661 1485 2694 quae
1518 2652 1603 2684 olim>
1638 2651 1829 2685 vocabatur

331 2696 552 2740 Χαβαρζαβᾶ
577 2697 736 2741 (Iosephi
756 2698 932 2740 Antiquit.
958 2697 1069 2739 XIII,
1087 2699 1142 2740 15,
1163 2699 1195 2733 1.
1221 2698 1326 2740 XVI,
1346 2699 1378 2740 5,
1399 2700 1444 2738 2,·
1468 2699 1514 2739 cf.
1540 2699 1588 2733 K.
1606 2710 1637 2733 v.
1654 2699 1824 2740 Raumer,

333 2743 566 2777 ‘Palaestina’
602 2745 653 2779 ed.
687 2746 721 2780 2.
755 2756 792 2788 p.
830 2746 900 2779 144
931 2747 1016 2787 sq),
1063 2745 1162 2787 Zonqe
1203 2746 1343 2778 distans
1382 2756 1406 2778 a
1446 2746 1518 2778 vico
1556 2745 1825 2788 Capharnaum.

330 2789 366 2832 3)
389 2791 485 2825 Ann.
504 2791 651 2825 Altah.:
676 2793 750 2825 tres
775 2791 934 2835 episcopi
961 2820 968 2827 .
989 2818 996 2826 .
1017 2818 1025 2826 .
1051 2791 1184 2824 atrium
1210 2791 1394 2835 quoddam
1419 2793 1604 2825 muratum
1631 2819 1638 2827 .
1658 2819 1666 2827 .
1687 2819 1695 2827 .
1721 2802 1826 2826 occu-

328 2846 471 2879 pavere.
569 2839 605 2880 4)
638 2838 736 2872 Unus
760 2843 910 2881 tantum,
945 2838 1021 2872 Otto
1045 2839 1326 2882 Ratispzmensis,
1358 2843 1504 2883 praeter
1527 2839 1591 2872 hos
1613 2840 1751 2881 adm-at,
1787 2842 1826 2872 ut
1838 2848 1873 2872 45

329 2885 403 2927 ipse
427 2884 554 2927 Lamp.
580 2895 613 2917 a.
634 2886 738 2926 1064,
758 2897 797 2928 p.
816 2887 873 2921 92.
898 2889 986 2919 recte
1009 2886 1114 2920 dimit.
