1968 3164
157 411 258 446 1074.

133 459 206 490 Apr.
218 459 260 485 23.

61 1796 98 1825 ef,
110 1794 162 1818 loz,
176 1794 202 1825 3,
215 1794 257 1820 24.

88 1836 146 1863 [εν.
158 1836 201 1867 25,
214 1836 256 1862 15.

124 1872 164 1898 Is.
177 1872 220 1902 13,
232 1871 256 1898 5.

275 293 342 327 188
638 291 908 327 LAMPERTI
934 293 1185 329 ANNALES.
1237 293 1283 329 A,
1313 296 1415 330 1074.

273 414 448 455 faceret
477 415 535 455 ad
558 414 793 468 populum,
829 415 1037 469 presagio
1061 417 1258 470 quodam
1281 416 1557 466 futurorum,
1592 415 1772 458 nescius

273 473 369 527 ipse
403 473 524 524 mali,
569 474 690 527 quod
722 475 1039 525 imminebata,
1084 477 1370 516 contestatus
1402 475 1555 517 fuerat
1589 475 1772 517 audien-

273 533 411 582 tibus,
455 534 576 586 quod
619 533 780 574 civitas
822 534 1006 575 diabolo
1046 534 1095 574 in
1136 536 1414 588 potestatem
1447 534 1621 575 tradita
1653 536 1772 576 esset

274 594 320 632 et
352 592 618 646 propediem
660 593 876 647 peritura,
921 593 1008 633 nisi
1049 593 1234 634 iamiam
1275 594 1431 656 impen
1464 596 1620 635 entem
1655 593 1771 635 iram

274 651 361 692 Dei
394 666 475 705 per
506 652 811 706 penitentiam
843 652 1078 694 inflectere
1121 654 1421 703 maturarent4
1484 653 1637 706 Igitur
1666 655 1800 708 post⁵

274 711 529 761 meridiem,
578 711 803 752 inclinata
854 711 946 752 iam
999 712 1072 753 die
1119 712 1168 752 in
1214 705 1472 766 vesperffm,
1523 726 1626 753 cum
1672 712 1771 766 igni

272 769 437 819 oleum,
471 766 764 811 iracundiaeb
803 771 1067 812 accessisset
1100 771 1310 821 ebrietas
1346 785 1399 812 ex
1432 771 1644 812 omnibus
1674 785 1771 826 par-

272 829 397 870 tibus
450 829 576 870 urbis
623 832 765 870 ruunt
814 830 871 870 ad
920 830 1087 883 curtim
1135 830 1488 884 archiepiscopi,
1538 832 1585 871 et
1633 829 1763 872 eume

273 888 442 929 celebri
484 889 681 942 quodam
724 889 824 930 loco
863 903 966 930 cum
1000 890 1213 944 episcopo
1245 885 1767 944 Mi1nigardevurdensi‘1

273 949 514 989 cenantem
557 948 726 997 adorti,
771 948 866 989 tela
907 950 1232 1002 contorquent,
1277 961 1386 989 saxa
1425 948 1620 998 iaciunt,
1664 962 1771 990 non·
1787 961 1820 986 ιο

271 1006 423 1047 nullos
472 1021 526 1048 ex
574 1007 895 1048 assistentibus
936 1007 1241 1057 interficiunt,
1285 1010 1414 1049 caete
1441 1021 1490 1049 os
1531 1007 1680 1062 plagis
1725 1009 1771 1050 et

271 1066 537 1107 vulneribus
591 1067 826 1108 confectos
874 1067 923 1106 in
969 1067 1129 1121 fugam
1176 1069 1378 1108 vertunt.
1414 1021 1603 1147 (lutere
1657 1067 1770 1123 haec

272 1125 599 1179 conspicantur
639 1140 775 1179 quam
818 1125 1005 1180 plurimi
1045 1126 1196 1180 ipsum
1237 1126 1402 1167 talium
1443 1126 1671 1167 furiarum
1706 1126 1770 1166 in-

272 1186 505 1226 centorem
533 1185 773 1226 demonem
787 1180 802 1206 f
830 1199 1094 1239 precurrere
1116 1181 1383 1227 *insanienti
1404 1185 1589 1240 populo,
1623 1184 1770 1240 galea·
1785 1198 1829 1231 tp.
1840 1199 1902 1228 213.

271 1245 383 1292 tum,
428 1243 684 1294 loricatum,
728 1244 864 1298 igneo
902 1258 1118 1286 mucrone
1151 1244 1423 1286 terribiliter
1453 1244 1771 1299 fulgurantem
1786 1257 1819 1282 15

270 1316 354 1343 nec
381 1303 631 1356 ulli,quam
665 1303 752 1344 sibi
785 1303 1064 1344 similiorem.
1119 1303 1326 1357 Cumque
1358 1303 1550 1344 militari
1571 1303 1770 1357 quodam

271 1363 461 1404 classico
484 1364 788 1411 ³011nctantes,
832 1364 885 1402 ut
918 1376 964 1403 se
996 1362 1045 1402 in
1077 1377 1280 1417 pugnam
1313 1364 1624 1416 sequerentur,
1668 1376 1769 1403 con·

271 1422 448 1471 citaret,
491 1422 541 1462 in
572 1421 671 1475 ipso
703 1421 894 1475 impetn,
938 1435 1027 1475 quo
1061 1423 1298 1475 portarum
1340 1435 1461 1463 seras
1494 1421 1769 1463 effracturus

269 1481 566 1522 vociferando
598 1481 816 1529 irruebat,
860 1483 1049 1534 repente
1091 1494 1146 1522 ex
1184 1480 1328 1521 oculis
1361 1480 1651 1534 sequentium
1683 1480 1768 1521 dis-

270 1540 438 1594 paruit.
481 1540 894 1594 Archiepiscopum
927 1539 997 1580 sui
1022 1540 1145 1581 inter
1167 1553 1335 1581 cuneos
1357 1539 1561 1581 hostium
1583 1539 1769 1581 nubem—
1783 1554 1818 1578 20

271 1613 357 1653 que
379 1599 634 1640 iaculorum
657 1599 732 1639 vix
765 1602 811 1640 et
838 1613 972 1653 aegre
995 1599 1261 1653 expeditum
1292 1599 1342 1639 in
1373 1598 1599 1652 templum
1621 1598 1769 1640 sancti

270 1659 397 1700 Petri
430 1659 711 1712 abripiuntg,
755 1658 968 1712 foresque
1009 1672 1102 1699 non
1142 1658 1278 1699 modo
1320 1658 1431 1699 seris
1468 1660 1515 1700 et
1546 1657 1767 1714 vectibus,

271 1718 350 1759 sed
383 1718 580 1759 admotis
623 1717 762 1759 etiam
804 1717 982 1771 magnis
1023 1717 1221 1758 molibus
1253 1717 1513 1758 obfirmant.
1578 1716 1770 1758 Seviunt

269 1777 382 1818 foris
425 1779 471 1818 et
513 1777 659 1818 instar
699 1776 970 1817 inundantis
1011 1789 1156 1830 aquae
1196 1776 1389 1831 rugiunt
1430 1790 1538 1817 vasa
1582 1775 1767 1826 diaboli,

270 1836 408 1891 plena
429 1837 535 1878 vino
558 1836 726 1877 furoris
749 1836 850 1883 Dei,
886 1837 932 1877 et
957 1849 1039 1890 per
1061 1835 1215 1877 omnia
1240 1830 1488 1890 episcopiih
1515 1834 1771 1890 penetralia
1783 1849 1818 1875 25

272 1896 580 1937 discurrentes
620 1896 743 1937 fores
779 1895 1056 1949 infringunt,
1100 1895 1340 1936 thesauros
1383 1894 1620 1948 diripiunt,
1662 1907 1771 1935 vasa

270 1955 447 1996 vinaria
480 1955 742 2004 concidunt,
779 1956 825 1996 et
848 1954 958 1995 dum
979 1954 1087 1995 vina
1118 1954 1167 1994 in
1200 1948 1427 1995 diutinosi
1458 1967 1568 1994 usus
1594 1966 1771 1994 summa

271 2028 356 2068 ope
387 2016 605 2067 congesta
637 2013 990 2067 precipitantius
1023 2009 1321 2063 effunduntk,
1356 2012 1584 2067 repletum
1616 2011 1770 2054 subito

272 2073 509 2114 cellarium
550 2073 673 2126 ipsos
706 2095 762 2098 —
795 2072 917 2125 quod
950 2072 1079 2113 dictu
1121 2085 1299 2126 quoque
1341 2071 1589 2113 ridiculum
1621 2071 1681 2112 sit
1715 2093 1770 2098 --

270 2132 470 2186 inopinis
518 2131 736 2172 fluctibus
783 2131 1069 2184 periclitatos
1117 2145 1233 2184 pene
1281 2131 1600 2172 suffocaverat.
1675 2129 1770 2171 Alii
1784 2145 1819 2170 30

272 2190 497 2244 capellam
545 2189 876 2243 archiepiscopi
929 2190 1236 2243 irrumpentes
1289 2185 1458 2231 altarel
1515 2189 1768 2243 spoliantm,

272 2264 400 2291 sacra
423 2263 533 2291 vasa
565 2248 755 2303 pollutis
787 2248 998 2288 manibus
1026 2250 1328 2298 contrectant,
1363 2248 1638 2289 vestimenta
1663 2261 1770 2301 pon-

271 2309 464 2350 tificalia
506 2307 742 2361 diripiunt,
788 2307 987 2359 dumque
1029 2320 1210 2347 omnem
1253 2306 1621 2360 suppellectilem
1653 2305 1770 2346 sacri

271 2367 516 2409 ministerii
564 2366 760 2416 curiosa,
809 2366 949 2406 immo
962 2369 983 2387 ¹¹
1035 2365 1210 2406 furiosa
1251 2364 1494 2418 diligentia
1541 2366 1766 2413 evertunt,

271 2427 578 2481 reperientes⁰
625 2425 722 2466 illic
771 2425 1000 2479 quendam
1047 2438 1126 2478 pre
1174 2423 1338 2464 timore
1380 2437 1426 2464 se
1474 2423 1523 2463 in
1569 2422 1818 2476 angulo¹35

272 2486 584 2528 occultantem
607 2486 653 2526 et
675 2486 906 2538 putantes,
935 2483 1057 2536 quod
1080 2482 1449 2536 archiepiscopus
1472 2483 1603 2532 esset,
1633 2481 1769 2523 inter-

273 2546 454 2595 ficiunt,
509 2559 601 2586 non
654 2544 750 2584 sine
803 2542 1173 2596 gratulabundaP
1227 2541 1596 2595 exprobratione,
1647 2541 1770 2594 quod

273 2604 669 2658 petulantissimae
702 2602 888 2656 linguae
921 2601 1109 2642 tandem
1132 2600 1380 2654 aliquando
1412 2600 1599 2641 modum
1630 2599 1769 2653 impo-

272 2730 301 2763 ει)
320 2731 463 2756 iminebat
481 2731 507 2755 B
519 2730 560 2757 1¹³.
634 2728 664 2762 b)
683 2736 743 2756 acc.
762 2729 832 2755 irae.
852 2728 913 2755 ΒΞ.
986 2726 1013 2760 c)
1033 2734 1098 2752 cum
1117 2727 1144 2751 B
1155 2725 1197 2754 lb.
1279 2724 1310 2756 d)
1329 2726 1566 2758 Mimigardfurd.
1586 2726 1654 2758 Bl;
1674 2725 1770 2750 Mimi-

272 2765 472 2798 gardefurdefi
491 2766 552 2792 ΒΞ.
626 2764 654 2796 e)
674 2765 735 2790 Iter
753 2765 842 2796 ΒΝ.μ
898 2763 922 2796 f)
941 2763 1101 2796 dyabolum
1120 2762 1181 2789 Β2.
1248 2760 1279 2794 g)
1299 2762 1340 2786 sic
1358 2762 1383 2785 A
1396 2762 1421 2789 1.
1440 2762 1484 2794 V.;
1505 2761 1654 2793 arripiunt
1672 2761 1733 2787 131.
1745 2762 1770 2788 2.
1782 2759 1819 2783 40

273 2801 305 2834 h)
324 2802 455 2833 episcopi
476 2801 553 2828 Blb.
572 2801 604 2827 P.
625 2801 704 2827 Schr.
771 2799 792 2832 i)
812 2800 895 2824 dinos
915 2799 1054 2832 (divinos)
1072 2798 1133 2824 132.
1198 2796 1228 2829 k)
1249 2796 1395 2822 efundunt
1414 2797 1476 2824 Al,
1542 2797 1563 2827 l)
1583 2796 1690 2822 altaria
1709 2796 1770 2822 ΒΞ.

272 2836 312 2869 m)
332 2837 464 2868 spoleant
484 2837 509 2861 A
522 2838 545 2863 1.
619 2836 649 2868 n)
669 2842 766 2868 ymmo
786 2834 901 2862 Blb.2.
968 2835 996 2864 o)
1016 2840 1131 2865 repper.
1151 2833 1227 2859 ΒΜ.
1294 2832 1324 2864 p)
1345 2832 1532 2857 exultacione
1553 2835 1583 2858 et
1603 2832 1671 2859 add.
1691 2830 1769 2858 Blb.

275 2943 309 2986 1)
333 2942 455 2976 altaris
480 2943 582 2976 addit
605 2943 687 2975 Vita
714 2942 877 2975 Annom‘s
904 2941 926 2975 l.
946 2940 966 2975 l.
989 2951 1027 2982 p.
1045 2940 1127 2974 493.
