2014 3184
290 356 392 391 1076.

177 400 236 429 oa,
249 402 394 434 (ic-24).

182 1555 217 1586 cf.
229 1555 289 1582 Act.
301 1557 326 1588 7,
337 1557 380 1583 40.

168 1615 191 1641 1.
203 1614 271 1645 Rey.
282 1616 325 1647 18,
339 1617 380 1643 17.

188 1732 213 1760 2,
226 1732 287 1760 Cor.
299 1734 342 1764 10,
354 1735 379 1761 5.

405 238 477 273 280
773 237 1042 275 LAMPERTI
1065 240 1320 278 ANNALES.
1368 242 1416 277 A.
1443 245 1547 280 1076.

406 360 592 401 tametsi
632 360 769 401 virisa
814 361 1007 403 ferenda
1047 377 1140 404 non
1181 366 1351 415 essent,
1393 363 1587 407 tulimus
1627 367 1802 418 tamen,
1845 380 1904 410 ne

406 420 567 460 contra
598 418 930 470 iusiurandum,
965 435 1054 475 quo
1085 423 1370 474 tenebamur,
1404 424 1736 479 precipitanter
1759 425 1903 482 impu-

406 477 658 531 denterque
680 479 835 521 venire
857 480 1128 531 videremur,
1164 483 1210 523 et
1243 482 1352 523 dum
1384 483 1558 537 gloriae
1590 485 1774 527 nostrae
1801 498 1903 527 con-

405 536 554 578 sulere
587 551 868 589 conaremur,
903 539 1082 581 animae
1114 540 1410 596 naufragium
1442 544 1718 596 pateremur.
1765 543 1901 588 Nunc

403 609 522 642 vero,
567 592 697 637 cumb
736 597 793 638 ab
835 598 1083 640 aecclesiae
1124 613 1312 654 corpore
1352 603 1541 655 propter
1575 601 1759 657 flagicia
1789 603 1933 645 suals

404 654 646 708 apostolici
678 656 987 698 anathematis
1010 672 1226 700 mucrone
1259 660 1461 713 precisus
1484 661 1556 711 sit,
1591 675 1695 703 cum
1721 661 1764 704 ei
1785 676 1902 704 com-

403 714 637 756 municare
670 715 766 756 sine
800 717 1133 758 communionis
1156 718 1492 761 ecclesiasticae
1515 720 1683 762 damno
1715 722 1762 763 et
1793 722 1902 765 fidei

402 772 582 814 iactura
613 787 706 815 non
738 775 975 828 possimus,
1020 790 1123 817 cum
1155 777 1293 818 fidem
1325 779 1542 829 nostram,
1586 779 1746 821 multis
1777 781 1902 836 apud

403 845 507 872 eum
549 833 846 874 sacramentis
886 834 1172 889 implicitam,
1215 836 1450 878 Romanus
1482 838 1693 892 pontifex
1723 841 1901 894 aposto-

401 890 491 931 lica
523 892 800 934 auctoritate
833 894 1123 948 explicuerit:
1158 897 1388 938 extremae
1410 897 1619 951 profecto
1642 897 1901 941 dementiae
1915 913 1950 939 10

403 952 547 991 essetC
588 951 809 992 divinitus
851 953 1055 994 oblatam
1098 954 1260 996 salutis
1297 956 1584 998 occasionem
1615 970 1708 998 non
1739 957 1898 1010 obviis,

400 1011 453 1049 ut
486 1009 577 1050 dici
610 1010 727 1052 solet
743 1011 768 1061 2,
804 1012 1016 1053 manibus
1049 1014 1269 1068 excipere,
1305 1016 1351 1056 et
1383 1015 1507 1069 quod
1537 1015 1630 1057 iam
1662 1013 1771 1058 diu‘1
1803 1030 1900 1072 pre-

400 1068 676 1110 meditatum
718 1070 790 1119 sit,
839 1073 892 1111 ut
934 1075 1111 1126 agatur,
1155 1075 1251 1114 tam
1292 1076 1520 1129 oportuno
1559 1078 1766 1132 tempore
1806 1091 1900 1122 non

400 1142 548 1182 agere,
584 1143 685 1169 cum
720 1129 845 1183 leges
878 1131 1107 1175 humanae
1140 1135 1186 1175 et
1219 1133 1556 1178 ecclesiasticae
1588 1137 1755 1189 sinant,
1794 1151 1900 1180 cum

399 1187 527 1228 locus
575 1190 621 1228 et
667 1190 850 1243 tempus
899 1191 1144 1243 arrideant,
1189 1207 1293 1234 cum
1335 1195 1532 1249 denique
1573 1197 1739 1248 omnia,
1781 1211 1898 1252 quae
1913 1211 1947 1239 ιε

399 1247 503 1299 paci
534 1247 606 1288 vel
648 1247 771 1289 bello
812 1251 915 1290 usui
958 1265 1054 1292 esse
1092 1252 1254 1303 solent,
1299 1255 1609 1298 conficiendae
1639 1258 1800 1300 tantae
1830 1258 1898 1300 rei

398 1306 603 1347 favorem
656 1320 785 1347 suum
842 1309 1150 1362 polliceantur
1164 1312 1191 1351 3.
1277 1311 1568 1368 Quapropter
1619 1318 1896 1372 contemptis

396 1363 602 1404 inanium
636 1369 1012 1419 argumentorum
1045 1370 1282 1421 cuniculis,
1326 1373 1492 1426 quibus
1525 1375 1676 1418 denuo
1715 1376 1765 1418 in
1806 1391 1896 1420 cer-

394 1423 516 1465 vices
548 1424 847 1479 iugulosquee
887 1430 1067 1470 nostros
1099 1430 1218 1471 viam
1260 1431 1416 1486 gladio
1457 1447 1539 1476 suo
1572 1435 1774 1486 affectat,
1816 1437 1895 1478 im-

394 1485 629 1527 mobiliter
660 1484 812 1529 animo
844 1487 983 1530 fixum
1017 1491 1239 1542 tenemus,
1273 1493 1327 1532 ut
1349 1493 1520 1547 absque
1552 1494 1650 1535 ulla
1671 1495 1944 1539 dilationem

393 1544 541 1584 virum
575 1545 705 1586 nobis
738 1548 1071 1600 provideamus,
1106 1551 1184 1604 qui
1215 1552 1433 1605 precedat
1465 1549 1576 1594 nosf
1603 1555 1649 1595 et
1671 1554 1896 1609 prelietur

394 1602 567 1644 bellum
591 1604 780 1646 Domini
813 1607 870 1647 ad
894 1610 1247 1662 expugnandam
1281 1613 1327 1652 et
1353 1612 1680 1655 destruendam
1711 1629 1894 1658 omnem

394 1662 720 1717 cuiuscumque
766 1665 964 1707 hominis
1012 1668 1309 1711 altitudinem
1358 1671 1614 1714 elevantem
1661 1678 1708 1715 et
1753 1675 1892 1716 extol—

393 1720 566 1762 lentem
599 1736 646 1764 se
669 1723 886 1766 adversus
917 1726 1149 1768 iusticiam
1183 1731 1230 1770 et
1251 1730 1493 1772 veritatem
1516 1731 1606 1774 Dei
1637 1734 1684 1774 et
1705 1736 1891 1776 sanctae

391 1780 625 1823 Romanae
658 1783 906 1826 aecclesiae
939 1787 1293 1830 auctoritatem'.
1357 1789 1415 1830 In
1456 1791 1570 1832 haec
1601 1792 1742 1834 verba
1771 1792 1891 1848 lega·
1904 1803 1940 1830 26

393 1841 465 1881 tos
497 1841 618 1894 regis
651 1842 937 1884 dimiserunt.

534 1900 712 1941 Iterum
746 1902 859 1943 alios
892 1906 1030 1958 atque
1064 1905 1177 1947 alios
1210 1907 1348 1958 misit,
1382 1908 1564 1949 nullum
1597 1910 1888 1964 supplicatio-

390 1959 460 2000 nis
483 1974 640 2014 genus,
676 1962 798 2014 quod
819 1962 1141 2017 impediendae
1175 1961 1351 2008 *tantae
1383 1967 1450 2008 rei
1471 1968 1727 2022 proficuum
1759 1970 2014 2024 puta-*nau

389 2020 529 2068 retur,
574 2021 932 2072 pretermittens.
997 2023 1086 2064 Sed
1128 2024 1199 2064 illi
1240 2025 1289 2065 in
1331 2026 1490 2067 eadem
1538 2028 1770 2069 sententia
1810 2029 1889 2070 fixi

389 2077 701 2131 obstinatique
749 2081 1011 2121 manebant.
1085 2082 1276 2136 Iamque
1323 2086 1518 2138 utraque
1561 2100 1615 2127 ex
1656 2088 1787 2140 parte
1829 2087 1888 2129 ad
1902 2099 1936 2126 ao

389 2150 606 2189 magnum
640 2137 884 2179 discrimen
925 2153 995 2180 res
1038 2143 1244 2194 spectare
1276 2143 1533 2184 videbatur.
1597 2144 1887 2202 DQ

388 2194 467 2250 hig
501 2208 549 2235 re
585 2209 656 2236 em
689 2196 831 2236 alium
864 2198 964 2239 sibi
983 2199 1193 2252 protinus
1227 2202 1507 2255 constituere
1541 2205 1587 2244 et
1591 2205 1914 2259 Q

387 2249 550 2305 Rheno
606 2252 745 2297 fluvio
768 2277 826 2283 —
847 2257 1082 2310 navigium
1116 2259 1237 2299 enim
1270 2258 1403 2301 omne
1435 2256 1676 2315 episcopus
1697 2263 1885 2318 Mogon-

385 2308 533 2353 tinusi
585 2313 634 2353 in
682 2328 781 2355 eam
827 2315 974 2369 ripam
1022 2319 1235 2370 coegerat
1281 2341 1339 2345 —
1382 2320 1892 2376 proxima—luee-regi.

386 2371 606 2427 Heinrico
640 2387 766 2414 arma
796 2373 967 2416 inferre
999 2376 1246 2429 parabant;
1282 2379 1328 2418 et
1359 2377 1452 2428 ille,
1486 2378 1631 2420 incisa
1663 2393 1741 2434 spe
1775 2381 1933 2422 dila-35

375 2424 524 2471 'tionis
556 2431 885 2484 impetrandae,
921 2447 1037 2485 SUOS,
1073 2435 1150 2488 qui
1182 2449 1263 2489 per
1284 2437 1512 2490 proximas
1534 2437 1668 2479 villas
1691 2439 1884 2494 dispersi

384 2534 413 2563 a)
433 2533 505 2558 iuris
526 2534 588 2560 132.
673 2534 703 2565 b)
724 2542 777 2562 om.
797 2536 874 2563 Blss.
965 2536 991 2570 c)
1012 2539 1056 2562 est
1075 2538 1172 2564 B1.2.
1264 2538 1293 2570 d)
1313 2537 1414 2563 iandiu
1434 2540 1495 2567 ΒΞ,
1587 2539 1615 2574 e)
1634 2541 1803 2573 iugilosque
1821 2542 1884 2570 Al.

383 2569 528 2635 {garing
542 2569 614 2629 gala
657 2571 688 2602 g)
707 2570 748 2594 hii
767 2571 794 2598 h.
808 2572 826 2598 l.
846 2572 942 2599 R1.2.
1010 2571 1042 2605 h)
1061 2573 1144 2598 Reno
1163 2574 1190 2598 B
1203 2574 1232 2606 23
1254 2574 1351 2599 Rheni
1370 2575 1439 2608 A13
1460 2575 1496 2606 cf.
1510 2583 1542 2607 p.
1556 2576 1618 2608 278,
1639 2584 1666 2604 n.
1679 2584 1707 2604 n.
1781 2578 1802 2608 i)
1821 2585 1882 2603 mo-

385 2688 419 2728 1)
453 2687 638 2730 Principes
671 2690 798 2722 melius
831 2691 1006 2723 sciverunt
1041 2695 1112 2724 tres
1145 2701 1283 2733 causas,
1320 2693 1448 2735 quibus
1478 2705 1578 2737 papa
1612 2705 1646 2728 se
1676 2699 1930 2729 commotumm

382 2734 488 2776 discit,
516 2739 555 2767 ut
580 2746 695 2777 reyem
720 2739 1036 2770 eoecommzmiem·et
1061 2738 1250 2780 (Greyorii
1265 2741 1377 2782 epist„
1405 2741 1518 2783 ιῙαηῗέ,
1541 2742 1632 2774 Bibl.
1651 2742 1704 2783 H,
1724 2753 1763 2785 p.
1779 2741 1878 2787 539),

382 2791 472 2822 quas
509 2783 614 2814 etiam
651 2784 803 2825 simplex
836 2784 1033 2818 Marianus
1066 2785 1218 2828 Scottus,
1259 2786 1323 2820 SS.
1357 2787 1396 2829 V,
1432 2800 1469 2831 p.
1501 2790 1588 2830 561,
1629 2789 1708 2822 bene
1744 2790 1878 2824 retulit.

383 2828 419 2870 2)
446 2828 500 2869 Cf.
527 2840 640 2872 supra
661 2841 699 2872 p.
720 2833 775 2872 75,
802 2842 836 2865 n.
855 2833 888 2866 3.
1010 2833 1046 2875 3)
1082 2832 1169 2866 Ecce
1195 2834 1321 2866 iterum
1347 2834 1453 2868 habes
1477 2846 1666 2868 sermonem
1693 2836 1882 2878 Lamperti

383 2875 430 2906 act
455 2875 592 2915 fratres
617 2877 892 2919 Hersfeldenses‚
925 2889 992 2921 quo
1020 2881 1070 2912 eis
1088 2881 1307 2922 persuadere
1331 2882 1452 2924 voluit,
1489 2886 1527 2915 ut
1549 2887 1690 2925 partem
1715 2883 1881 2916 Heinrici

380 2923 477 2964 reyis
501 2923 705 2958 desererent.
1892 2939 1927 2964 45
