1942 3198
633 189 931 226 PRAEFATIO
957 189 996 226 G.
1015 189 1063 227 V.
1530 191 1602 227 LV

91 313 254 358 nullius
283 312 482 357 momenti
509 312 608 367 sint,
642 313 850 355 adnotare
871 311 1097 366 noluimus,
1131 326 1224 355 eam
1246 317 1411 356 tantum
1432 313 1603 356 variam

92 373 308 419 lectionem
353 372 445 416 eius
491 371 810 426 communicavi,
859 385 966 425 quae
1014 386 1107 414 cum
1148 371 1251 414 aliis
1292 372 1503 416 codicibus
1538 374 1603 416 vel

90 447 177 478 uno
207 446 352 477 eorum
383 431 588 476 convenit.
657 432 774 486 Quae
811 436 1006 486 excerpta
1045 431 1228 474 minoris
1268 432 1436 486 quidem
1467 432 1603 486 pretii

90 497 203 548 sunt,
234 497 378 536 tamen
407 505 730 546 nonnumquam
750 493 810 534 ad
829 492 1159 546 coynoscenclam
1191 491 1348 534 codicis
1367 491 1444 534 B1
1469 492 1603 535 lectio-

61 564 188 597 ⁵nem
235 552 409 608 ideoque
457 551 586 595 etiam
623 551 780 606 paucis
827 550 930 594 locis
970 552 1030 594 ad
1067 565 1213 593 veram
1253 551 1470 594 lectionem
1511 566 1603 594 con-

91 612 350 656 stituendam
378 611 562 666 faciunt.

235 672 361 716 Inter
391 685 461 715 eos
490 671 654 724 multos,
697 670 771 724 qui
802 670 1026 724 Lamperti
1057 670 1255 713 Annales
1286 675 1386 725 post
1423 670 1604 714 Ohurre-

91 746 188 775 rwm
218 731 454 786 ediderunt,
486 731 602 774 solus
633 731 700 773 Io.
723 729 940 773 Pistorius
969 729 1019 772 in
1050 730 1214 772 Rerum
1245 730 1605 774 Germanicarum

93 791 360 847 Scriptorum
396 795 505 834 tomo
536 791 579 833 Ι.
614 788 924 843 (Francofurti
959 791 1095 845 1583)
1139 790 1278 833 codice
1314 790 1604 844 manuscripto

46 863 195 895 lou-sus
234 855 306 906 est,
348 865 469 906 quem
509 851 692 904 fratrem
726 863 979 904 qermanum
1010 849 1165 892 codicis
1195 849 1241 892 B
1252 854 1298 893 lc
1329 850 1476 903 fuisse,
1518 864 1606 892 non

72 911 280 967 'inteyros
300 910 524 966 Lamperti
544 910 742 953 Annales
755 910 783 962 1,
816 910 891 952 sed
909 913 1104 963 excerpta
1129 913 1307 963 tantum,
1334 910 1480 952 eadem
1500 909 1604 963 fere,

93 985 200 1026 quae
230 970 280 1014 in
304 970 408 1014 Blc
438 974 606 1014 exstant
619 971 646 1024 2,
679 983 844 1013 necnon
875 970 1020 1012 eadem
1051 973 1246 1022 excerpta
1277 983 1328 1011 ex
1358 969 1607 1012 Annalibus

92 1030 328 1075 maioribus
349 1034 389 1074 et
409 1029 596 1074 Oronica
611 1031 817 1072 moderna
835 1029 879 1072 S.
893 1028 1014 1071 Petri
1029 1028 1475 1083 Erphesfurtensibus,
1500 1042 1606 1082 quae

94 1093 222 1135 codem
250 1091 355 1134 Blc
376 1090 565 1144 praebet,
599 1088 856 1133 continuisse
896 1089 1026 1131 elucet
1038 1089 1067 1130 3.
1137 1087 1243 1132 Cum
1274 1102 1371 1131 vero
1412 1092 1607 1142 excerpta

48 1164 82 1190 ιτ»
93 1149 379 1206 Lampertina
400 1149 556 1193 codicis
570 1149 675 1192 Blc
697 1150 862 1191 demum
884 1148 937 1190 ab
959 1163 1000 1190 a.
1028 1151 1156 1190 1041.
1179 1148 1400 1190 exordium
1421 1152 1605 1201 sumant,

94 1210 311 1255 Pistorius
330 1223 382 1254 ex
397 1222 473 1252 suo
490 1208 628 1252 codice
643 1208 734 1251 iam
749 1207 849 1251 inde
871 1209 924 1250 ab
941 1222 982 1249 a.
995 1211 1093 1250 705.
1112 1207 1406 1250 additamenta
1423 1207 1607 1261 Erphes-

93 1269 322 1325 sumen-sia,
364 1282 472 1324 quae
511 1272 588 1311 aut
618 1267 778 1312 codices
808 1267 931 1310 Bla.
950 1267 973 1308 b
1005 1271 1080 1309 aut
1110 1267 1225 1309 solus
1255 1267 1361 1310 Blb
1385 1268 1606 1321 praebent,

94 1329 318 1384 inseruit-1,
367 1330 480 1372 unde
527 1332 723 1383 excerpta
762 1326 854 1370 eius
894 1326 1050 1370 codicis
1090 1328 1143 1369 ab
1184 1341 1226 1368 a.
1261 1331 1360 1369 703.
1401 1326 1608 1379 incepisse

96 1389 388 1434 coniciendum
428 1393 501 1431 est.
579 1387 685 1432 Cum
724 1387 860 1442 iqitur
891 1386 1198 1429 Hartmannus
1232 1386 1406 1430 Schedel
1437 1385 1486 1428 in
1517 1387 1608 1428 sub-

49 1449 326 1505 2oscriptione
357 1447 543 1492 codicis⁵
573 1447 677 1491 Blc
708 1446 823 1490 dicat
853 1461 896 1489 se
927 1446 1017 1489 iam
1058 1450 1186 1489 antea
1228 1446 1420 1500 codicem,
1464 1447 1609 1488 eadem

96 1509 188 1563 fere
229 1508 520 1563 continentem,
561 1512 609 1550 ut
649 1506 785 1551 conici
817 1506 943 1560 debet,
986 1506 1218 1560 scripsisse,
1262 1519 1384 1559 quem
1415 1504 1609 1548 Iohanni

98 1627 134 1672 1)
167 1626 268 1670 Quod
299 1626 441 1671 quidem
471 1625 627 1660 Pistorii
657 1625 763 1659 verba
797 1625 1006 1668 siqnifioare
1039 1624 1227 1658 videntur:
1262 1633 1331 1668 ego
1366 1621 1609 1656 Lambertum

96 1674 168 1710 inis
186 1685 233 1709 ex
248 1673 496 1709 vetustissimo
521 1673 615 1708 libro
641 1672 766 1707 multis
791 1671 880 1706 locis
907 1670 1144 1707 emendatum
1171 1673 1209 1705 et
1233 1670 1341 1704 huius
1367 1669 1609 1715 appendicem

97 1725 282 1767 (excerpta
316 1732 360 1756 ex
391 1722 489 1757 Arm.
517 1721 554 1756 S.
572 1721 676 1754 Petri
707 1720 907 1754 maioribus
941 1723 972 1754 et
1005 1719 1112 1754 Gran.
1146 1719 1316 1753 moderna
1353 1719 1609 1759 1078-1352)

50 1774 85 1800 25
99 1769 343 1815 suppeditavi,
369 1779 464 1813 quae
488 1767 527 1802 in
551 1778 636 1803 meo
661 1767 755 1802 libro
773 1767 820 1802 ab
838 1765 1146 1812 Erphesfordensi
1171 1765 1352 1800 monacho
1380 1766 1610 1810 comportata

98 1828 174 1852 non
198 1816 435 1863 indiligenter
460 1818 550 1851 erat.
623 1816 660 1859 2)
686 1816 776 1850 Cum
800 1816 895 1849 enim
920 1815 1002 1850 Blc
1027 1814 1122 1848 locus
1147 1814 1272 1856 (infra
1294 1826 1331 1858 Ρ.
1351 1814 1438 1856 100)
1464 1813 1504 1846 de
1528 1823 1608 1845 suc-

98 1866 251 1900 cessione
274 1864 516 1899 Adalberonis
548 1864 700 1897 omissus
732 1867 829 1905 esset,
863 1872 902 1896 eo
934 1863 1018 1904 loco,
1053 1872 1121 1906 quo
1152 1862 1194 1895 de
1218 1865 1329 1895 morte
1354 1862 1430 1894 eius
1454 1861 1610 1894 relatum

100 1917 149 1948 est
174 1913 300 1956 (infra
318 1923 358 1956 Ρ.
379 1913 479 1954 117),
513 1922 558 1946 ea:
587 1912 714 1956 priore
749 1911 821 1945 loco
852 1911 982 1944 omisso
1014 1910 1188 1954 quaedam
1220 1909 1325 1943 verba
1351 1910 1487 1942 inserta
1513 1911 1608 1950 sunt,

99 1971 191 2006 quae
214 1965 247 1995 et
270 1960 361 1997 Pist.
387 1961 542 1994 imm-uit
566 1960 614 2002 (v.
636 1971 675 2004 Ρ.
690 1960 771 2002 117,
798 1969 835 1993 n.
850 1957 900 2001 *).
939 1958 1028 1992 Item
1053 1968 1132 1991 cum
1158 1958 1280 1991 omnia
1306 1958 1346 1990 in
1372 1956 1453 1991 Blc
1479 1957 1612 1989 omissa

53 2012 223 2052 wessent,
258 2018 349 2053 quae
381 2007 423 2042 de
455 2018 537 2051 reae
561 2018 596 2042 a.
616 2008 720 2043 1071.
747 2007 878 2040 Leodii
900 2009 1038 2040 morato
1058 2016 1099 2049 p.
1119 2007 1200 2047 120,
1235 2005 1258 2040 l.
1276 2006 1378 2040 28—
1393 2005 1474 2047 125,
1512 2004 1533 2038 Ι.
1552 2005 1610 2040 20.

101 2058 281 2101 loquutur,
317 2056 476 2100 sequenti
508 2055 580 2089 loco
613 2055 655 2089 de
688 2054 875 2097 fratribus
899 2052 1171 2087 Stabulensibus
1196 2053 1370 2086 Leodium
1396 2052 1612 2085 advenienti-

101 2105 167 2140 bus
189 2108 221 2138 et
245 2105 286 2139 in
310 2103 392 2140 1310
425 2107 456 2138 et
490 2114 515 2137 a
549 2103 638 2137 Pisi.
667 2103 912 2147 praemissum
944 2105 1016 2135 est:
1051 2099 1145 2135 Cum
1179 2099 1377 2135 Heinricus
1410 2099 1612 2144 imperator

102 2151 284 2188 Leodium
317 2150 488 2196 venisset,
523 2150 616 2185 unde
639 2150 824 2184 Pistorius
857 2149 976 2183 eadem
1006 2152 1146 2182 tantum
1170 2153 1337 2193 excerpta
1363 2148 1529 2181 habuisse
1554 2147 1612 2180 de-

98 2200 348 2246 prehenditur.
471 2199 508 2243 3)
532 2198 590 2242 Cf.
616 2198 669 2232 ‘N
668 2226 676 2234 .
695 2197 841 2232 Archiv’
867 2197 977 2239 XIX,
997 2208 1037 2241 p.
1058 2197 1127 2233 155
1144 2208 1194 2240 sq.
1309 2196 1346 2239 4)
1370 2195 1483 2230 Semel
1506 2195 1613 2228 etiam

54 2249 399 2291 &additamentum
425 2246 518 2291 quod
541 2246 639 2280 solus
663 2246 770 2280 codex
795 2246 858 2281 B2
879 2245 1036 2290 praebet,
1069 2244 1219 2288 eoehz‘bet,
1253 2245 1359 2286 infra
1381 2255 1418 2288 Ρ.
1436 2244 1496 2285 24,
1521 2253 1558 2276 n.
1577 2241 1611 2284 *,

103 2296 168 2330 ubi
189 2295 316 2339 (1.25)
342 2305 416 2340 pro
442 2293 485 2331 P.
502 2293 581 2331 h.1.
604 2305 672 2339 per
697 2304 856 2328 errorem
880 2294 1014 2337 scripto
1040 2292 1222 2336 leyendum
1248 2296 1319 2326 est:
1354 2290 1396 2327 P.
1415 2290 1462 2325 ad
1479 2301 1510 2325 a.
1530 2290 1611 2326 836.

104 2344 141 2387 5)
165 2343 282 2386 Quam
308 2342 346 2378 Ο.
372 2342 512 2385 Wenck,
541 2342 624 2376 ‘Die
648 2341 878 2384 Entstehunq
910 2341 974 2375 der
999 2340 1369 2375 Reinhardsbrunner
1396 2338 1615 2372 Geschichts-

105 2391 245 2426 buchost
268 2403 306 2436 Ρ.
326 2390 407 2427 115.
433 2390 618 2424 exhibuit:
642 2390 685 2426 F.
703 2391 794 2426 219:
830 2387 998 2423 Historia
1034 2387 1311 2432 Thuringorum
1346 2386 1422 2421 sive
1458 2384 1615 2420 Cronica

105 2438 256 2484 antiqua
290 2436 431 2472 'Pharin
461 2437 510 2480 'e‚
549 2438 728 2482 quantum
762 2436 899 2471 habere
933 2435 1050 2480 potui,
1085 2435 1242 2470 feliciter
1275 2434 1388 2469 finem
1421 2433 1533 2468 habet
1568 2431 1615 2466 ad

58 2485 253 2522 wlaudem
286 2485 367 2522 Dei.
458 2485 472 2520 i
503 2495 600 2520 nova
634 2484 786 2519 historia
820 2483 866 2519 de
900 2482 1086 2518 modernis
1120 2482 1366 2527 principibus,
1402 2480 1614 2526 lantgraviis

107 2533 310 2580 Thuringie
343 2544 386 2568 ao
420 2532 575 2568 ducibus
610 2531 780 2576 saxonie,
817 2531 863 2566 ad
897 2542 1027 2565 manus
1060 2530 1288 2576 perveniret,
1323 2529 1410 2564 huic
1446 2527 1616 2563 addenda

108 2583 213 2626 esset,
247 2583 286 2616 et
319 2591 412 2626 opus
445 2580 562 2626 magis
595 2579 819 2625 completum
854 2578 971 2615 fieret.
1029 2577 1231 2623 Perscripsi
1258 2579 1381 2612 autem
1407 2587 1476 2622 ego
1502 2575 1614 2609 Hart-

108 2639 264 2663 mannus
281 2627 439 2664 Sehedel
452 2627 781 2673 Nurenbergensis‚
808 2627 943 2662 artium
969 2637 1011 2661 ac
1036 2626 1226 2671 utriusque
1252 2624 1456 2660 medicinae
1475 2623 1614 2665 doctor,

109 2675 205 2710 hanc
227 2675 419 2711 historiam
444 2687 540 2711 anno
560 2675 710 2710 Domini
729 2677 834 2712 1507.
860 2674 898 2708 in
915 2673 950 2708 N
955 2670 1173 2719 ffiremberga
1198 2673 1342 2708 iterato.
1381 2671 1478 2706 Nam
1503 2671 1614 2705 histo-

61 2723 203 2758 ariam
235 2722 336 2768 prius
369 2734 437 2769 per
470 2734 530 2758 me
564 2723 740 2768 scriptam
765 2721 951 2757 Iohannes
977 2722 1089 2756 abbas
1115 2719 1399 2766 spanhemensis
1426 2719 1493 2753 sub
1519 2719 1616 2753 bona

110 2769 183 2806 fide
209 2781 255 2805 ex
277 2770 502 2806 bibliotheca
524 2781 609 2806 mea
632 2770 785 2816 recepit,
818 2773 860 2804 ut
885 2781 967 2805 eam
991 2770 1030 2804 in
1055 2769 1174 2804 tribus
1205 2767 1391 2802 mensibus
1425 2766 1615 2801 remittere

110 2818 241 2900 vegeta
266 2829 366 2853 nune
398 2817 437 2852 in
461 2818 712 2863 quinquennio
746 2817 912 2853 nondum
937 2817 1098 2853 restituit
1123 2819 1192 2851 etc.
1243 2815 1334 2850 Ideo
1361 2815 1468 2849 istam
1494 2814 1616 2848 denuo

110 2877 154 2901 eo
184 2876 255 2911 egl.
