2014 3184
600 250 765 287 INDEX
788 248 1139 286 LOOUTIONUM.

123 385 227 409 mum
251 371 481 419 oportunitas
507 370 686 406 arrisisset
709 372 792 414 200,
805 381 851 406 20.

126 441 169 448 -
204 431 289 456 cum
321 419 483 466 primum
518 417 765 454 conficiendae
799 416 853 452 rei

123 467 300 515 temporis
309 466 540 514 oportunitas
549 465 727 500 arrisisset
734 467 816 509 209,
826 477 852 500 1.

127 537 169 543 —
189 515 253 552 ubi
269 514 499 560 oportunitas
512 512 704 549 accidisset
715 514 799 556 260,
808 522 852 548 15.

173 565 320 610 captata
348 562 420 598 loci
446 563 484 597 et
507 560 685 606 temporis
710 571 766 604 op
778 571 799 594 ο
809 570 829 593 r
839 578 854 585 -

124 611 315 648 tunitat
326 621 347 645 e
380 612 464 654 213,
477 620 506 646 5.
532 629 578 635 —
614 610 761 654 captata
784 606 855 641 loci

126 658 376 706 oportunitate
400 659 483 702 267,
497 668 544 694 20.

174 705 355 742 Bonifacii
398 704 616 740 auctoritate
653 714 675 738 o
684 714 709 748 p
718 714 744 748 p
754 713 774 737 r
784 713 804 737 e
815 713 831 736 s
841 721 855 728 -

127 766 205 790 sus
229 756 312 799 314,
326 765 372 791 so.
398 755 480 797 315,
496 764 523 788 1.

175 802 329 838 domum
356 829 364 838 .
383 829 392 838 .
411 829 420 838 .
446 809 733 846 oppugnare
759 808 856 832 sum-

127 862 189 886 ma
200 850 237 886 vi
250 848 517 896 aggrediuntur
526 849 647 892 253,5.
660 866 702 872 —
715 855 858 880 summa

128 898 176 940 vi,
213 908 357 933 summo
391 895 583 932 conamine
618 894 770 929 domum
795 903 858 928 ex-

129 956 295 992 pugnare
321 973 330 982 .
357 973 365 982 .
392 972 401 982 .
427 943 582 990 parabat
606 944 750 988 276,10.

181 1325 418 1372 optimum
452 1323 551 1359 factu
586 1323 655 1358 sibi
688 1322 864 1358 iudicavit

132 1376 204 1412 283
229 1385 275 1410 so.

181 1400 270 1467 qiiid
294 1419 392 1456 facto
418 1431 536 1465 opus
561 1420 668 1464 esset,
698 1418 863 1454 visurum

134 1471 192 1515 65,
207 1481 235 1506 1.
253 1489 297 1508 -,-
315 1467 481 1503 omnium
498 1467 629 1512 quibus
654 1465 753 1502 facto
772 1477 864 1511 opus

134 1519 214 1553 erat
246 1515 514 1552 administratio
545 1517 603 1559 69,
617 1525 663 1551 25.
699 1534 742 1540 -
775 1512 865 1558 quid

135 1565 234 1600 facto
259 1575 350 1610 opus
376 1566 482 1607 esset,
514 1562 704 1598 consulere
727 1561 863 1608 rogita-

134 1613 226 1648 bant
259 1614 340 1656 101,
354 1622 382 1648 5.
410 1631 453 1636 —-
486 1610 575 1655 quid
608 1609 662 1646 rei
694 1609 865 1654 publicae

134 1660 233 1696 facto
250 1670 342 1705 opus
358 1661 464 1704 esset,
481 1657 717 1704 previderent
731 1659 811 1702 102,
819 1668 865 1693 20.

138 1729 180 1734 ——
209 1706 298 1753 quid
330 1706 429 1743 facto
462 1717 556 1751 opus
586 1708 692 1750 esset,
726 1705 765 1740 in
789 1715 865 1739 me-

137 1755 239 1791 dium
256 1754 447 1790 consulere
463 1753 706 1789 hortabantur
725 1754 805 1797 148,
819 1762 865 1788 25.

140 1823 181 1830 —
209 1802 297 1849 quid
321 1801 419 1838 facto
453 1813 546 1847 opus
571 1805 667 1836 esset
692 1829 700 1837 .
720 1827 729 1836 .
748 1828 757 1837 .
782 1811 864 1845 per·

137 1850 325 1896 quirerent
367 1852 447 1895 165,
461 1861 507 1886 20.
552 1869 594 1875 —
638 1848 726 1893 quid
767 1847 865 1883 facto

138 1910 230 1944 opus
254 1898 312 1943 sit,
337 1897 534 1933 consulunt
560 1899 640 1940 186,
654 1907 700 1933 20.
724 1898 808 1940 213,
819 1906 864 1932 35.

140 1967 182 1972 -
210 1945 362 1982 consilia
386 1944 624 1980 conferebant
651 1970 659 1979 .
686 1970 694 1979 .
722 1970 752 1987 .,
778 1942 867 1988 quid

138 1994 235 2030 facto
269 2005 362 2040 opus
395 1996 490 2028 esset
523 1995 605 2037 257,
619 2003 666 2029 25.
703 2012 744 2016 —
778 1989 867 2036 quid

138 2041 237 2077 facto
262 2052 354 2087 opus
379 2044 485 2086 esset,
511 2069 519 2077 .
539 2068 548 2076 .
567 2068 575 2076 .
599 2039 867 2075 deliberaturus

139 2091 221 2134 263,
235 2101 262 2125 ι.
302 2109 344 2114 -
380 2087 470 2134 quid
503 2087 601 2123 facto
635 2097 727 2132 opus
762 2088 867 2131 esset,

140 2136 387 2172 deliberarent
414 2137 496 2180 269,
510 2146 556 2172 25.
584 2155 627 2160 -
657 2133 746 2179 quid
770 2133 867 2169 facto

140 2195 232 2230 opus
249 2186 354 2229 esset,
372 2211 382 2221 .
396 2212 405 2220 .
420 2209 429 2218 .
445 2182 709 2229 perquirebant
728 2183 811 2227 277,
823 2192 867 2217 15.

142 2253 184 2258 —
209 2231 299 2277 quid
322 2230 419 2267 facto
444 2242 536 2277 opus
561 2232 666 2274 esset,
692 2255 701 2265 .
719 2255 728 2264 .
748 2258 755 2266 .
782 2240 868 2265 eon-

140 2279 260 2315 sulere
292 2280 375 2324 296,
389 2290 435 2316 86.
462 2299 504 2304 -
532 2277 621 2323 quid
653 2277 751 2313 facto
777 2288 869 2322 opus

141 2330 246 2371 esset,
271 2326 510 2362 decernerent
533 2328 616 2370 301,
630 2337 676 2362 20.

187 2374 339 2410 illustris
355 2374 424 2410 viri
445 2376 484 2410 et
507 2376 586 2409 toto
613 2373 728 2408 orbe
752 2371 869 2407 nomi-

141 2422 219 2457 nati
252 2424 334 2467 320,
348 2433 376 2460 5.
412 2442 455 2448 -
491 2432 627 2456 nomen
660 2423 740 2456 toto
771 2431 869 2454 nunc

142 2471 230 2506 orbe
255 2469 495 2506 clarissimum
519 2471 603 2513 326,
619 2480 663 2505 20.
689 2470 772 2512 347,
789 2479 832 2504 ιο.

189 2516 267 2563 Ipsi
291 2517 468 2564 paulatim
501 2516 689 2562 pedestres
719 2514 870 2550 servatis

143 2565 400 2600 ordinibus
422 2564 694 2609 subsequuntur
709 2565 768 2606 87,
783 2575 808 2598 1.
826 2582 867 2586 —

142 2611 202 2647 Ita
225 2612 403 2658 paulatim
432 2611 584 2647 servatis
609 2610 799 2646 ordinibus
824 2608 871 2643 ad

144 2662 263 2695 castra
288 2687 296 2696 .
323 2687 332 2696 .
359 2688 367 2696 .
393 2659 598 2705 procedunt
621 2661 703 2703 218,
719 2670 762 2694 10.

191 2707 248 2742 vir
262 2710 388 2753 preter
402 2718 548 2742 morum
568 2706 724 2752 gloriam
742 2707 780 2740 et
796 2703 871 2738 ani·

144 2765 226 2790 mae
243 2755 392 2790 divicias
417 2754 579 2800 corporis
596 2764 742 2798 quoque
767 2751 872 2786 bonis

145 2802 309 2848 adprime
335 2805 540 2837 ornatus
565 2804 623 2846 99,
639 2813 682 2837 ιο.
711 2820 753 2825 —
781 2798 873 2833 Erat

147 2877 154 2885 .
182 2877 190 2886 .
218 2875 227 2885 .
251 2852 376 2895 preter
399 2850 554 2885 virtutes
588 2847 700 2883 animi
734 2849 771 2881 et
795 2856 872 2879 mo-

145 2908 227 2932 rum
245 2897 399 2943 gloriam
423 2896 586 2942 eorporis
603 2905 748 2940 quoque
770 2892 874 2927 bonis

146 2944 394 2980 ornatissimus
419 2946 501 2989 243,
514 2955 542 2980 5.

1558 248 1630 284 461

904 606 918 640 l
952 558 1041 612 Sall.
1066 558 1145 601 luy.
1169 559 1227 593 37.
1254 556 1634 601 opportunitate

919 617 988 641 001.

958 700 999 736 V.
1018 700 1132 735 Mart.
1150 701 1208 736 25.
1235 698 1286 733 ita
1304 698 1519 733 auctoritate
1537 698 1636 732 illius

907 758 1173 793 oppressus
1198 758 1290 782 sum.

954 796 1034 831 Liv.
1061 795 1141 838 XL,
1169 797 1226 831 25.
1254 796 1372 829 castra
1396 821 1404 829 .
1424 822 1432 830 .
1452 822 1460 829 .
1484 804 1635 838 oppu-

907 854 1056 890 gnare
1080 842 1240 888 aggressi
1257 844 1351 886 sunt,
1371 852 1513 876 summa
1529 841 1565 875 vi
1579 867 1587 875 .
1604 869 1610 877 .
1627 869 1636 876 .

909 892 1189 937 oppugnarunt3
1224 889 1374 933 XXIII,
1404 890 1458 925 18.
1485 899 1637 934 parvam

908 940 1038 974 urbem
1070 967 1078 975 .
1106 966 1114 974 .
1142 966 1149 974 .
1182 949 1325 972 summa
1356 936 1391 971 vi
1417 964 1426 973 .
1454 965 1462 973 .
1490 965 1497 972 .
1524 947 1637 981 expu-

909 997 1022 1033 gnare
1039 988 1164 1031 parat3
1187 986 1237 1028 X,
1253 987 1284 1021 1.
1303 995 1425 1019 arcem
1443 995 1585 1018 summa
1602 983 1638 1017 vi

910 1031 1640 1128 3{P¹²sg.¹.253.23{{;353.{1>⁷.3{{33152

911 1129 1212 1176 oppugnabatur3
1249 1128 1416 1172 XXXII,
1446 1129 1480 1164 4.
1516 1126 1637 1161 Thau-

911 1189 1033 1212 macos
1062 1205 1070 1214 .
1089 1205 1098 1214 .
1118 1205 1125 1213 .
1153 1187 1295 1211 summa
1319 1175 1355 1210 vi
1381 1174 1639 1220 oppugnabat;

911 1226 1015 1269 XLI,
1044 1227 1098 1261 11.
1125 1224 1302 1270 oppidum
1330 1251 1336 1259 .
1366 1252 1372 1259 .
1631 1221 1637 1227 '

913 1284 1131 1357 ⁰¹²9?aess
1149 1274 1340 1364 ῗῗὲἷᾚ
1362 1318 1391 1352 si
1416 1317 1486 1352 1100
1513 1316 1641 1362 opti-

913 1380 1035 1403 mum
1060 1367 1160 1403 factu
1185 1367 1396 1410 iudicarem,
1422 1369 1480 1401 etc.

962 1417 1076 1452 ludio.
1089 1417 1145 1459 19,
1156 1418 1214 1452 30.
1232 1413 1429 1456 decernite,
1443 1411 1531 1457 quid
1545 1411 1644 1446 facto

914 1467 1026 1510 opus
1056 1464 1112 1500 sit.
1140 1483 1183 1488 -
1212 1463 1303 1498 Sall.
1327 1462 1404 1496 Cat.
1426 1462 1484 1497 46.
1515 1460 1645 1494 anxius

914 1515 994 1548 erat
1013 1540 1020 1548 .
1041 1540 1049 1548 .
1068 1538 1095 1555 .‚
1122 1510 1211 1555 quid
1233 1509 1332 1545 facto
1358 1519 1449 1554 opus
1475 1511 1578 1543 esset.
1600 1527 1642 1531 —

914 1561 992 1596 Liv.
1029 1560 1108 1604 III,
1136 1561 1200 1601 38,
1226 1560 1259 1594 4.
1296 1556 1520 1599 consultant,
1557 1554 1645 1599 quid

915 1607 1013 1643 facto
1039 1618 1130 1652 opus
1157 1607 1221 1649 sit;
1248 1606 1316 1649 IV,
1342 1607 1401 1648 27,
1421 1605 1455 1640 8.
1482 1601 1644 1637 animad-

913 1655 1081 1700 vertitur,
1114 1653 1202 1699 quid
1227 1653 1325 1688 facto
1357 1662 1447 1697 opus
1472 1650 1538 1693 sit;
1577 1651 1641 1692 VI,

916 1706 972 1748 19,
996 1705 1031 1740 4.
1057 1702 1144 1747 quid
1170 1712 1261 1747 opus
1286 1700 1382 1735 facto
1408 1699 1466 1742 sit,
1499 1697 1641 1732 consul-

914 1754 1016 1796 tant3
1041 1751 1183 1794 XLIV,
1202 1751 1259 1786 33.
1283 1747 1415 1791 dicere,
1440 1745 1526 1791 quid
1545 1745 1642 1779 facto

915 1810 1007 1845 opus
1033 1798 1090 1835 sit.
1123 1819 1164 1823 —
1198 1798 1336 1832 Terent.
1363 1794 1479 1830 Andr.
1505 1793 1579 1835 ΙΙΙ,
1606 1794 1643 1834 2,

917 1850 973 1884 10.
1000 1846 1088 1891 quid
1114 1856 1206 1890 opus
1223 1844 1319 1879 facto
1338 1845 1448 1885 esset3
1474 1841 1542 1876 Ad.
1567 1840 1643 1882 III,

915 1897 950 1940 4,
973 1897 1029 1931 66.
1056 1893 1146 1938 quid
1170 1892 1267 1927 facto
1292 1902 1383 1936 opus
1408 1890 1471 1932 sit;
1497 1889 1642 1922 Phorm.

915 1943 986 1986 IV,
1006 1945 1040 1984 6,
1058 1944 1115 1978 35.
1142 1939 1230 1985 quid
1248 1939 1345 1974 facto
1363 1948 1454 1982 opus
1472 1936 1528 1979 sit,
1547 1934 1643 1970 vide.

918 2011 961 2016 —
989 1991 1105 2025 Amm.
1124 1990 1240 2024 Marc.
1258 1986 1403 2028 XXXI,
1418 1987 1474 2028 12,
1495 1986 1528 2019 5.
1554 1981 1645 2026 quid

917 2037 1014 2073 facto
1041 2048 1132 2082 opus
1157 2038 1267 2079 esset,
1295 2032 1531 2069 deliberabat.

1402 1251 1410 1260 .
1436 1233 1578 1257 Summa
1603 1233 1640 1255 Vl

967 2370 1068 2414 Sulp.
1086 2368 1159 2403 Sev.
1179 2367 1275 2401 Dial.
1295 2365 1368 2407 III,
1386 2365 1440 2399 17.
1465 2362 1645 2397 illustrem

919 2418 1039 2453 virum
1065 2427 1107 2450 ac
1131 2418 1210 2449 toto
1236 2412 1425 2447 laudatum
1451 2410 1578 2444 orbe.

969 2702 1048 2735 Liv.
1067 2700 1113 2742 X,
1137 2701 1191 2735 16.
1218 2709 1290 2732 non
1317 2697 1433 2731 solum
1461 2693 1571 2729 animi
1596 2693 1647 2726 vi-

922 2759 1027 2795 gore,
1066 2745 1129 2781 sed
1164 2745 1274 2780 etiam
1313 2742 1475 2788 corporis
1510 2740 1650 2775 viribus

922 2795 1114 2831 excellens.
