2014 3184
357 256 428 291 310
502 276 504 278 -
577 253 706 290 VITA
730 253 887 289 LULLI
912 254 1152 290 ARCHIEP.
1178 254 1326 291 AUOT.
1351 254 1644 292 LAMBERTO.

359 391 495 431 quam
527 378 700 419 totiens
732 378 957 419 infirmior
978 380 1140 419 sexus³
1167 377 1342 419 femina
1364 381 1644 433 usurpasset.
1692 378 1859 421 Paucis

357 437 514 490 itaque
549 437 710 478 diebus
744 437 1076 479 deliberatione
1100 450 1254 478 secum
1287 437 1459 487 habita,
1494 440 1675 492 patrem
1705 452 1858 480 mona-

358 495 516 538 sterii1
549 496 665 537 adiit
698 496 829 550 eique
862 497 973 550 quid
1005 496 1158 537 animo
1192 497 1391 550 agitaret
1423 498 1650 551 apperuit.
1702 497 1746 539 A
1767 511 1858 552 quo

357 555 517 595 multis
550 555 697 596 modis
729 557 998 610 temptatus,
1043 569 1147 596 cum
1179 551 1336 597 nullab
1375 557 1486 606 arte,
1528 556 1671 598 nullis
1701 557 1858 600 verbo-

355 628 458 654 rum
506 614 750 656 blandiciis
799 615 966 656 deduci
1012 616 1166 669 posset
1213 629 1240 655 a
1280 615 1529 664 sententia,
1577 616 1888 658 valefaciens⁵

356 673 598 723 fratribus,
646 674 737 715 iter
779 674 1020 728 adgressus
1063 676 1150 723 est,
1194 674 1372 715 cunctis
1415 688 1519 716 eum
1564 674 1718 717 flendo
1759 689 1857 730 pro-

357 733 654 786 sequentibus
688 734 734 774 et
766 735 864 774 tam
896 733 1061 774 audaci
1094 734 1228 787 cepto
1266 733 1451 775 felicem
1490 734 1664 775 exitum
1695 735 1857 790 impre-

357 791 570 833 cantibus
585 793 613 832 2.
677 792 921 833 Profectus
955 794 1024 833 est
1054 789 1234 846 *itaque
1272 792 1563 842 festinanter,
1598 793 1750 835 Deum
1779 794 1966 839 lia-*ma

357 851 468 892 bens
510 851 689 892 itineris
730 851 904 892 socium
945 853 991 892 et
1033 851 1238 892 omnium
1279 865 1396 905 quae
1435 852 1746 906 proficiscenti
1782 853 1856 896 ob-

356 910 584 950 stitissent
626 910 962 964 propulsorem,
1011 912 1058 952 et
1106 912 1209 964 post
1250 910 1421 952 multos
1460 914 1611 952 terra⁰
1650 911 1857 967 marique
1870 924 1906 951 ιο

355 968 535 1010 labores
567 970 755 1011 tandem
787 969 980 1010 intravit
1004 968 1311 1011 Germaniam.
1359 970 1476 1011 Tum
1498 971 1718 1026 temporis
1740 985 1856 1014 sum-

355 1042 477 1069 mam
523 1041 676 1070 rerum
727 1029 775 1069 in
824 1027 989 1070 Galliis
1036 1029 1226 1070 tenebat
1269 1026 1489 1071 Carolusd
1543 1027 1733 1084 [maiore
1781 1031 1856 1073 do-

355 1101 455 1128 mus
487 1088 617 1142 regni
650 1084 944 1141 Francorum]
962 1088 989 1139 3,
1032 1088 1102 1129 vir
1133 1088 1361 1130 incertum
1393 1091 1463 1130 est
1502 1089 1592 1131 fide
1625 1103 1684 1131 an
1717 1090 1855 1132 armis

355 1147 647 1200 prestantior.
715 1143 846 1200 [Hicf
884 1147 1036 1189 enimg
1072 1149 1141 1189 est
1173 1147 1367 1188 Karolus
1409 1148 1572 1199 senior,
1617 1149 1695 1204 qui
1731 1149 1856 1192 inter

355 1207 519 1254 cetera,
564 1219 679 1260 quae
721 1207 903 1261 egregie
936 1201 1016 1248 ach
1053 1206 1239 1248 fortiter
1270 1207 1396 1260 fecit,
1441 1221 1544 1249 cum
1577 1207 1903 1260 Sarracenis,1⁵

354 1265 432 1318 qui
464 1265 511 1305 in
536 1261 735 1307 Gralliasi
774 1263 1079 1320 irruptionem
1110 1266 1331 1317 fecerant,
1365 1266 1435 1308 bis
1469 1267 1674 1308 conflixit
1706 1269 1753 1309 et
1785 1281 1854 1310 eo-

353 1338 455 1364 rum
473 1324 626 1378 copias
645 1325 823 1366 duobus
842 1325 998 1379 preliis
1015 1326 1083 1365 ita
1100 1325 1293 1375 attrivit,
1312 1327 1378 1376 ut,
1398 1325 1511 1367 alias
1530 1323 1850 1368 OOCLXXVk

354 1383 559 1433 milibus,
603 1383 717 1424 alias
757 1397 873 1438 pene
913 1384 1111 1425 totidem
1150 1384 1336 1425 milibus
1375 1385 1488 1426 cesis
1502 1384 1530 1435 4,
1573 1382 1732 1440 pauci¹
1773 1386 1853 1441 qui

354 1442 678 1496 superfuerant
699 1442 775 1483 vix
807 1445 853 1484 et
875 1456 1010 1497 aegre
1042 1443 1090 1483 in
1112 1442 1400 1497 Hispaniam,
1433 1444 1558 1486 unde
1590 1447 1850 1500 eruperant,

354 1514 400 1542 se
433 1502 689 1555 reciperent
703 1498 744 1554 ⁵.]
1865 1517 1902 1542 20

495 1563 535 1600 4.
586 1560 791 1614 Itaquem
816 1574 919 1601 cum
943 1563 1157 1602 sanctus¹¹
1184 1561 1348 1602 Lullus
1374 1575 1420 1603 se
1449 1562 1586 1604 beato
1609 1563 1852 1606 Bonifacio

351 1621 680 1672 presentasset,
721 1619 1035 1674 gratissimum
1077 1620 1200 1662 eius⁰
1239 1620 1405 1662 habuit
1446 1622 1715 1674 adventum,
1757 1637 1852 1665 non

350 1680 536 1718 tantum
577 1678 653 1718 inp
701 1692 754 1720 eo
794 1681 1038 1720 veneratus
1086 1679 1187 1720 iura
1228 1680 1607 1734 propinquitatis,
1657 1695 1748 1736 qua
1794 1682 1848 1734 ei,

352 1737 471 1778 sicut
510 1739 606 1779 estl'
645 1738 906 1792 predictum
920 1737 947 1789 ⁶,
990 1738 1284 1780 familiariter
1319 1740 1582 1791 accedebat,
1625 1742 1850 1795 quantum

350 1851 379 1884 a)
405 1859 475 1876 sexu
497 1852 563 1879 fem.
583 1856 742 1884 usurparet
762 1853 803 1880 ΞΒ.
893 1852 924 1885 b)
948 1861 976 1880 n.
996 1860 1023 1880 a.
1048 1860 1101 1880 om.
1121 1854 1163 1880 2³.
1255 1853 1282 1886 e)
1307 1856 1387 1889 terre
1407 1855 1557 1887 marisque
1576 1855 1754 1887 laboresque
1773 1854 1849 1884 1¹·b.
1862 1857 1899 1884 2⁶

350 1885 380 1919 d)
399 1890 458 1914 ten.
478 1887 544 1914 Car.
564 1888 610 1912 vir
629 1889 677 1913 inc
696 1889 726 1912 in
746 1889 806 1913 loco
826 1896 895 1913 raso
916 1890 949 1921 1;
971 1889 1072 1915 Karol.
1091 1895 1202 1920 semper
1222 1890 1263 1913 1⁹³·
1274 1888 1298 1916 b.
1312 1889 1389 1917 Εἰδώ.
1464 1890 1492 1922 e)
1511 1891 1592 1915 uncis
1609 1891 1722 1916 inclusa
1740 1892 1771 1916 in
1789 1893 1851 1920 cod.

349 1921 416 1947 2⁸4³
437 1923 580 1955 Ieyuntur,
600 1924 701 1948 desunt
721 1925 744 1950 1.
759 1925 801 1948 1³-
811 1923 836 1950 b.
894 1924 918 1956 f)
937 1925 1017 1948 uncis
1036 1924 1147 1949 inclusa
1167 1925 1197 1948 in
1216 1925 1276 1952 cod.
1296 1924 1364 1949 2a·b
1385 1926 1527 1958 lequntur,
1547 1927 1648 1951 desunt
1668 1927 1691 1954 1.
1707 1926 1781 1959 βλ),
1798 1927 1851 1953 sed

348 1958 378 1982 in
399 1959 413 1982 1
428 1961 497 1990 post
516 1960 697 1990 prestantior
715 1960 769 1983 hoc
786 1960 900 1990 siqnum
914 1960 934 1984 11
951 1962 1054 1990 exstat,
1076 1960 1156 1984 haud
1175 1961 1259 1985 dubie
1278 1961 1317 1985 ad
1336 1968 1370 1985 ea
1389 1968 1462 1993 quae
1479 1962 1511 1986 in
1530 1962 1546 1986 2
1566 1962 1670 1986 addita
1688 1965 1755 1987 sunt
1771 1970 1848 1995 spec-

348 1995 423 2024 tans,
444 1997 475 2017 ut
494 1994 524 2018 in
542 1995 720 2026 sequentibus
739 1995 944 2019 additamentis
963 1997 1089 2022 notatur,
1156 1995 1188 2028 g)
1208 1999 1253 2021 est
1271 1996 1351 2021 enim
1370 1996 1413 2023 2¹³.
1486 1996 1518 2028 h)
1538 2004 1555 2022 a
1568 2000 1638 2029 post
1656 2005 1731 2025 corr.
1750 2005 1786 2024 ac
1804 1997 1848 2026 2²².

348 2027 368 2059 i)
388 2029 478 2059 gallia
497 2030 608 2061 inrupt.
627 2030 668 2057 2³.
741 2030 774 2063 k)
793 2031 931 2055 trecentis
951 2031 1140 2062 septuaginta
1159 2032 1289 2063 quinque
1309 2032 1350 2058 2⁸.
1432 2032 1453 2063 l)
1472 2033 1574 2064 paucis
1593 2032 1636 2060 2¹³.
1710 2033 1750 2067 m)
1768 2034 1849 2060 Dein
1861 2036 1897 2062 80

347 2063 401 2090 del.
427 2067 452 2088 et
477 2071 618 2095 super-scr.
643 2065 691 2090 vel
716 2066 822 2096 Itaque
843 2067 868 2097 1,
896 2066 983 2090 etita
1003 2065 1078 2093 1⁵·b.
1093 2067 1141 2098 2²²;
1172 2067 1269 2099 [git-ur
1287 2066 1331 2094 2¹².
1421 2069 1452 2098 n)
1479 2076 1514 2093 .s.
1535 2069 1637 2094 Lullus
1661 2076 1804 2102 supa-scr.
1823 2071 1848 2098 1.

347 2099 376 2132 o)
399 2099 465 2125 hab.
486 2100 548 2124 eius
567 2100 609 2127 2²¹.
682 2101 713 2132 p)
732 2101 763 2125 in
782 2108 816 2125 eo
835 2108 976 2132 superscr.
997 2102 1021 2128 1.
1095 2102 1125 2132 q)
1143 2103 1224 2133 pred.
1240 2105 1284 2127 est
1302 2103 1343 2130 2¹².

348 2194 383 2236 1)
409 2193 572 2233 Eabam,·
606 2194 653 2235 of.
674 2205 714 2236 p.
732 2196 814 2236 307,
841 2205 876 2229 n.
897 2196 930 2229 3.
1040 2195 1076 2238 2)
1104 2195 1241 2228 Eadem
1270 2198 1345 2238 fere
1375 2198 1607 2232 Willibaldus
1634 2209 1661 2234 c.
1679 2200 1713 2241 4,
1735 2200 1791 2235 11.
1817 2202 1848 2232 et

349 2240 520 2273 Othlomcs
545 2241 576 2283 I,
594 2243 628 2276 4.
658 2242 699 2274 de
723 2242 913 2282 Bonifatio
947 2252 990 2274 ατ
1015 2242 1150 2284 Anylia
1185 2253 1320 2284 eyresso
1350 2245 1482 2286 dicunt,
1517 2255 1606 2287 quos
1629 2245 1758 2289 Lamp.
1783 2246 1848 2280 hoo

347 2287 416 2320 loco
434 2289 594 2321 inaltatus
612 2293 671 2330 est,
693 2292 734 2321 ut
752 2288 1035 2331 Dieffenbacher,
1053 2290 1150 2324 Diss.
1166 2301 1201 2333 p.
1220 2292 1274 2325 19.
1292 2295 1379 2324 recte
1395 2292 1590 2326 adnotavit.
1656 2293 1692 2335 3)
1708 2293 1846 2326 Eadem
1859 2301 1895 2327 35

345 2335 449 2368 verba
483 2335 612 2378 (maior
643 2335 772 2369 domus
805 2335 910 2380 regni
933 2335 1172 2380 Francorum)
1208 2337 1336 2381 Lamp.
1371 2339 1411 2370 in
1437 2339 1533 2373 Arm.
1561 2349 1593 2373 a.
1613 2341 1694 2383 741,
1729 2350 1846 2383 supra

339 2393 378 2424 p.
406 2384 461 2424 12,
494 2383 590 2417 Ana.
615 2383 923 2424 Hersfeldensvum
949 2384 1148 2426 ememplari
1177 2395 1200 2416 a
1225 2395 1259 2417 se
1284 2386 1458 2428 emscrzpto
1483 2387 1645 2422 inseruit.
1695 2387 1846 2420 Lullum

344 2433 497 2472 tempore
519 2430 654 2463 Karoli
669 2430 832 2463 Martem·
854 2433 894 2463 in
914 2431 1147 2464 Germaniam
1171 2433 1303 2465 venisse
1321 2432 1509 2474 probabile
1533 2437 1593 2475 est,
1620 2435 1750 2468 certius
1773 2434 1847 2468 dici

343 2478 472 2519 nequit.
534 2478 596 2510 Ex
632 2478 811 2520 epitaphio
854 2480 945 2518 eius,
983 2479 1088 2520 infra
1119 2489 1158 2521 p.
1190 2480 1277 2520 355,
1322 2484 1472 2522 apparet
1512 2491 1590 2513 eam
1627 2492 1672 2513 ea·
1708 2481 1844 2524 Anqlia

345 2524 392 2555 acl
432 2526 554 2566 patres
591 2523 794 2567 Romanos,
838 2529 960 2569 postea
997 2526 1135 2558 demum
1173 2526 1222 2558 ad
1257 2526 1485 2567 Bonifatium
1521 2528 1725 2570 profectum
1763 2539 1842 2564 esse.
1855 2537 1892 2563 4ο

343 2570 379 2614 4)
403 2571 560 2604 Numero
588 2572 816 2614 praecedente
848 2583 892 2606 ex
922 2573 1117 2615 Beyinonis
1149 2572 1279 2608 Chron.
1315 2578 1508 2618 assumpto,
1543 2574 1626 2608 haec
1656 2576 1762 2619 (pene
1797 2595 1844 2601 —

344 2617 446 2660 cesis)
481 2619 608 2661 Lamp.
645 2630 688 2652 ex
721 2621 796 2652 eius
829 2620 942 2653 verbis
977 2619 1069 2653 sicut
1102 2621 1139 2653 et
1171 2619 1271 2663 prius
1306 2620 1464 2654 maxima
1502 2621 1612 2656 caede
1645 2623 1844 2666 prostravit

343 2665 450 2697 nimis
470 2669 593 2698 temere
610 2666 734 2707 effecit,
760 2668 824 2709 qm·
845 2671 876 2700 et
891 2667 997 2710 pauci
1015 2687 1060 2691 ——
1078 2678 1185 2711 aegre
1210 2677 1274 2700 suo
1291 2668 1473 2701 arbitratu
1490 2670 1626 2704 adiecit.
1693 2671 1728 2714 5)
1746 2670 1843 2704 Haec

342 2722 386 2744 ex
411 2712 599 2745 Einhardi
621 2714 659 2747 V.
686 2713 820 2746 Karoli
849 2724 874 2748 ο.
903 2716 935 2749 2.
967 2718 997 2747 et
1020 2715 1214 2757 Reqinonis
1240 2714 1386 2757 Chron„
1416 2715 1479 2751 SS.
1504 2717 1548 2749 R.
1576 2717 1618 2751 G.
1647 2728 1686 2759 p.
1710 2719 1756 2752 36
1777 2727 1840 2760 sq„

342 2761 532 2801 composita
556 2764 651 2795 sunt.
751 2761 786 2804 6)
811 2761 847 2794 C.
866 2763 898 2796 2.
934 2761 1062 2804 Lamp.
1089 2761 1153 2794 hoo
1179 2762 1249 2794 loco
1275 2763 1376 2795 Vitae
1392 2763 1527 2796 Leobae
1551 2774 1577 2798 ο.
1598 2766 1653 2799 10.
1679 2765 1889 2799 imitatu-345

342 2805 480 2838 videtur
513 2817 593 2848 esse,
628 2808 692 2839 ubi
726 2807 923 2850 Ruodolfus
956 2809 1075 2842 eadem
1109 2810 1183 2850 fere
1216 2809 1258 2841 de
1282 2810 1398 2843 Leoba
1433 2811 1482 2842 ad
1514 2811 1743 2853 Bonifatium
1777 2811 1840 2844 ad-

340 2853 493 2885 veniente
518 2854 613 2896 dica,
641 2858 680 2886 ut
697 2854 975 2897 Dieffenbacher,
1003 2855 1100 2888 Diss.
1123 2867 1159 2898 p.
1181 2857 1234 2890 14.
1262 2859 1410 2892 monuit.
1451 2857 1509 2899 Cf.
1527 2859 1633 2891 etiam
1653 2859 1720 2892 Vit.
1743 2858 1840 2901 szq-

341 2899 432 2932 berti
454 2904 546 2935 auct.
573 2901 677 2943 Impo
701 2912 727 2936 c.
746 2902 780 2945 4,
806 2902 870 2937 SS.
889 2903 972 2943 XV,
993 2904 1024 2946 1,
1045 2913 1084 2945 p.
1103 2904 1160 2938 39.
