1968 3164
341 287 408 321 136
707 283 976 319 LAMPERTI
1001 283 1253 319 ANNALES.
1303 283 1349 319 A.
1378 285 1480 320 1072.

338 408 386 447 in
419 406 743 461 evangelio⁸·1,
779 409 825 448 et
858 408 998 461 caput
1020 406 1254 447 Anastasii
1286 405 1500 447 monachi
1532 407 1579 447 et
1608 404 1842 446 martiris²

338 466 623 520 aliorumque
655 467 918 508 sanctorum
949 465 1166 520 reliquias
1199 465 1263 507 ibi
1285 465 1464 520 accepit
1486 466 1624 518 atque
1650 464 1699 505 in
1725 463 1840 505 Har·

338 521 548 567 tesbureb
586 525 843 566 transtulit.

480 585 687 626 Treveris
719 598 899 639 quoque
932 585 1055 639 apud
1079 583 1299 625 Sanctum
1320 583 1568 624 Paulinum
1600 582 1727 624 XIII
1748 596 1840 625 cor-

210 661 325 691 (Febm
339 658 451 698 pora
492 645 755 685 sanctorum
787 643 1012 693 Thebeae‚
1055 645 1108 684 ut
1140 645 1378 698 putatur0,
1421 642 1616 697 legionis
1656 644 1871 698 repertas

339 705 459 753 sunt,
496 710 678 756 quorum<l
708 711 824 746 haec
858 711 1006 745 nomina
1037 711 1075 744 in
1100 711 1287 745 tabulis
1313 710 1517 754 plumbeis
1544 709 1748 754 conscripta
1771 709 1839 744 ibi-

338 759 441 794 dem
481 761 626 803 reperta
673 762 776 793 sunt:
825 758 1069 802 Palmatiuse,
1111 758 1246 802 Tyrsus
1258 757 1290 802 f,
1332 757 1554 801 Maxentius,
1595 755 1839 801 Constantius,

338 806 576 850 Crescentius,
610 806 784 850 Iustinus,
819 806 997 850 Leander,
1031 805 1254 849 Alexander,
1289 804 1466 849 sotim-s,
1500 803 1703 848 Hormista,
1730 803 1839 850 Papi-

338 854 430 897 rius,
471 853 665 897 Constans,
706 854 888 888 Iovianus.
954 853 1149 898 Dumque
1193 864 1238 888 ex
1279 852 1411 896 cripta,
1455 851 1518 886 ubi
1558 851 1682 886 sancti
1723 863 1839 897 pau-

342 901 533 945 sabant,
578 904 676 935 terra
712 904 930 946 portaretur,
969 911 1008 935 os
1046 900 1229 945 quoddam
1270 900 1413 934 incaute
1449 899 1654 944 proiectum
1696 898 1840 945 sangui·
1854 912 1888 938 10

338 960 422 983 nem
454 948 549 983 fudit
583 960 657 982 non
682 949 877 993 modicum,
916 950 953 982 et
991 959 1102 992 usque
1136 947 1245 982 hodie
1282 950 1473 992 permanet
1509 946 1839 992 sanguinolentum.

339 999 409 1041 De
441 999 652 1054 passione
684 1013 843 1042 eorum
884 1000 997 1041 haec
1039 999 1098 1040 ad
1138 1012 1221 1040 nos
1254 999 1311 1040 ab
1343 998 1454 1053 ipsis
1486 997 1839 1040 Treverensibus

339 1059 511 1114 scripta
558 1059 738 1114 perlata
787 1061 895 1100 sunt
909 1073 916 1100 :
930 1055 950 1076 '¹‘
993 1053 1299 1100 Rictiovarush
1348 1055 1620 1098 Maximiani
1661 1055 1839 1110 impera-

338 1116 443 1159 toris
465 1118 693 1171 prefectus,
727 1117 929 1171 quionem
963 1117 1170 1159 „Thebeani
1200 1116 1320 1158 iussu
1351 1115 1487 1169 ipsius
1518 1114 1839 1168 circumquaque

330 1181 594 1230 persecutus,
644 1177 858 1220 Treceriin
899 1180 1077 1230 propter
1125 1175 1238 1229 ipsos
1280 1175 1411 1217 IIII.
1455 1175 1608 1217 Nonas
1651 1174 1840 1218 Octobris
1853 1191 1887 1217 ιε

338 1239 398 1277 est
427 1235 655 1290 inqressus,
689 1240 727 1278 et
748 1237 891 1278 eadem
913 1235 981 1278 die
1002 1235 1153 1278 occidit
1175 1231 1257 1276 {bii
1291 1236 1435 1276 ducem
1456 1234 1641 1276 eiusdem
1662 1233 1839 1288 leqionis

491 1363 527 1408 *)
554 1364 691 1398 Eadem
726 1365 893 1406 leguntur
930 1365 969 1396 in
1002 1364 1114 1397 codice
1146 1364 1316 1396 Vaticano
1350 1362 1519 1395 Palatino
1553 1361 1636 1397 Lat.
1669 1372 1727 1396 nr.
1754 1362 1836 1398 482.

551 1412 581 1453 f.
609 1413 676 1447 63¹.
703 1422 782 1445 cum
806 1412 954 1455 epistola
979 1411 1025 1444 ab
1057 1411 1175 1444 Udone
1203 1410 1464 1454 archiepiscopo
1493 1409 1699 1443 Treverenei
1721 1409 1838 1452 B[ur-

553 1459 709 1502 charde]
734 1460 853 1501 fram
875 1459 997 1500 missa,
1027 1469 1135 1502 quam
1159 1458 1256 1492 edidi
1280 1458 1331 1490 ‘N
1332 1485 1338 1492 .
1366 1457 1514 1490 Archiv'
1538 1456 1669 1499 XVII,
1689 1466 1729 1500 p.
1754 1457 1838 1498 489,

551 1517 595 1540 ea·
631 1507 758 1550 quibus
794 1507 1010 1549 Lampertns
1045 1506 1152 1539 etiam
1188 1516 1229 1539 ea
1266 1515 1354 1548 quae
1387 1505 1604 1548 praecedunt
1639 1503 1837 1548 ascripsit.
1851 1511 1886 1536 20

551 1553 657 1587 Hanc
687 1554 953 1588 Treverensium
978 1553 1186 1587 relationem
1211 1563 1234 1586 a
1257 1553 1298 1588 V.
1326 1552 1376 1587 Ol.
1403 1551 1562 1586 Iohanne
1592 1550 1774 1585 Tschiedel
1795 1561 1840 1585 esc

552 1602 623 1636 cod.
650 1601 821 1634 Palatino
845 1602 1059 1644 exscriptam
1086 1601 1148 1634 hoc
1174 1601 1244 1634 loco
1267 1599 1434 1633 exhibeo:
1462 1597 1694 1633 Rictiovarus
1718 1596 1837 1632 Maxi-

551 1647 664 1682 miani
696 1647 925 1692 imperatoris
959 1647 1153 1692 prefectus,
1186 1647 1368 1692 legionem
1393 1645 1580 1681 Thebeam
1603 1645 1702 1679 iussu
1725 1644 1838 1690 ipsius

552 1695 831 1739 circumquaque
857 1698 1078 1740 persecutus,
1113 1694 1301 1729 Treverim
1325 1696 1476 1738 propter
1500 1693 1597 1738 ipsos
1621 1691 1716 1728 1111.
1740 1691 1837 1728 Non.

552 1742 680 1778 Octob.
706 1745 761 1778 est
786 1743 978 1788 ingressus,
1004 1745 1041 1776 et
1058 1741 1185 1777 eadem
1211 1741 1269 1776 die
1295 1740 1429 1776 occidit
1453 1740 1504 1775 ibi
1521 1740 1651 1775 ducem
1676 1739 1837 1774 eiusdem
1850 1746 1885 1773 25

550 1790 703 1835 legionis
729 1789 884 1834 Tyrsum
914 1801 996 1824 cum
1022 1789 1189 1824 omnibus
1213 1788 1318 1823 illum
1344 1787 1611 1822 comitantibus
1661 1785 1838 1832 Sequenti

552 1840 675 1872 autem
701 1837 759 1872 die
784 1837 1006 1871 Palmatium
1031 1836 1245 1871 Trevericae
1271 1835 1427 1870 civitatis
1453 1834 1638 1870 consulem
1664 1836 1700 1869 et
1725 1833 1836 1879 patri-

553 1885 648 1919 cium
683 1897 766 1920 cum
801 1885 968 1919 omnibus
1003 1884 1164 1919 eiusdem
1196 1883 1352 1918 civitatis
1386 1882 1610 1928 principibus
1643 1881 1836 1917 interfecit.

551 1932 679 1967 Tereia
703 1943 790 1967 vero
825 1932 884 1967 die
918 1931 1067 1966 caedem
1102 1931 1263 1966 exercuit
1296 1931 1334 1964 in
1365 1930 1473 1975 plebe
1507 1940 1613 1964 sexus
1638 1929 1836 1973 utriusque.

550 1979 697 2014 Horum
734 1982 857 2014 autem
893 1982 1095 2024 martyrum
1136 1989 1287 2023 corpora
1327 1976 1605 2011 innumerabilia
1645 1977 1683 2010 in
1723 1975 1838 2010 sancti
1851 1983 1885 2010 80

550 2026 696 2060 Paulini
720 2027 839 2061 iacent
856 2027 1046 2071 aecclesia;
1072 2037 1227 2070 quorum
1243 2025 1419 2060 tredecim
1437 2027 1474 2059 et
1489 2024 1638 2059 nomina
1654 2026 1692 2058 et
1707 2023 1838 2058 merita

550 2074 588 2107 in
613 2074 764 2118 plumbo
790 2074 993 2118 conscripta
1017 2074 1160 2107 noviter
1185 2075 1268 2107 sunt
1297 2073 1348 2107 ibi
1372 2072 1474 2106 iuxta
1499 2082 1651 2116 corpora
1674 2071 1837 2116 ipsorum

550 2123 714 2164 reperta:
751 2120 953 2154 Palmatius
978 2121 1146 2155 videlicet
1172 2123 1208 2154 et
1234 2120 1381 2164 Tyrsus,
1414 2118 1636 2163 Maxentius,
1662 2117 1837 2153 Constan-

550 2168 633 2211 tius,
671 2166 898 2202 Orescentius
936 2171 972 2201 et
1005 2167 1178 2211 Iustinus,
1216 2167 1394 2210 Leander,
1432 2165 1654 2207 Alexander,
1692 2164 1836 2210 Sother,

552 2214 741 2249 Hormista
768 2217 804 2248 et
828 2213 1006 2259 Papirius,
1033 2213 1209 2248 Constans
1235 2217 1272 2248 et
1296 2213 1479 2248 Iovianus.
1520 2213 1618 2247 Dum
1643 2215 1766 2247 autem
1791 2223 1837 2247 ex
1850 2219 1884 2246 35

551 2262 678 2306 cripta,
713 2261 775 2295 ubi
799 2261 889 2295 haec
913 2261 1031 2295 iacent
1066 2264 1272 2295 sanctorum
1298 2271 1460 2304 corpora,
1494 2262 1593 2294 terra
1616 2261 1836 2304 portaretur,

551 2320 591 2343 os
616 2308 800 2353 quoddam
824 2308 968 2342 incaute
993 2308 1196 2352 proiectum
1221 2307 1433 2352 sanguinem
1468 2306 1597 2340 effudit
1621 2317 1695 2340 non
1718 2305 1835 2340 modi-

551 2368 645 2399 cum,
672 2359 708 2390 et
733 2367 845 2400 usque
868 2356 907 2390 in
922 2355 1140 2390 hodiernum
1157 2355 1254 2389 diem
1270 2356 1461 2398 permanet
1484 2353 1802 2398 sanguinolentum
1811 2353 1834 2388 ³.

551 2405 722 2447 Sequitur
745 2404 942 2447 inscriptio,
967 2414 1057 2447 quae
1082 2403 1220 2436 lamina
1239 2402 1408 2445 plumbea
1431 2402 1605 2435 contineri
1631 2401 1835 2434 dicebatur:

550 2450 596 2485 In
621 2451 688 2485 hac
714 2450 829 2495 cripta
853 2450 971 2484 iacent
997 2460 1148 2494 corpora
1166 2470 1210 2474 —-
1231 2470 1273 2474 —
1292 2448 1418 2483 cedem
1443 2447 1604 2482 exercuit
1628 2447 1666 2481 in
1690 2447 1836 2492 plebem
1847 2455 1884 2480 40

552 2509 657 2533 sexus
683 2498 881 2542 utriusque,
916 2509 1016 2542 saepe
1047 2498 1142 2531 edita
1173 2498 1234 2540 (cf.
1262 2497 1313 2529 ‘N
1316 2524 1323 2531 .
1349 2495 1499 2529 Archiv'
1526 2495 1656 2537 XVII,
1687 2507 1724 2539 p.
1742 2496 1836 2534 488,-

551 2546 615 2581 SS.
637 2547 739 2588 VIII,
761 2558 798 2590 p.
819 2547 886 2581 166
903 2547 984 2589 sq),
1010 2555 1159 2588 quacum
1184 2545 1268 2577 haec
1291 2544 1340 2576 ad
1355 2543 1496 2577 verbum
1521 2543 1595 2584 fere
1619 2543 1835 2577 conveniunt.

337 2665 366 2695 a)
388 2672 503 2696 ewang.
518 2665 544 2690 B
556 2664 599 2690 lb.
612 2665 638 2689 2.
695 2663 726 2697 b)
745 2664 933 2695 Hartespurg
951 2663 979 2688 h.
993 2663 1012 2687 l.
1027 2663 1050 2688 Α
1065 2662 1094 2694 1;
1115 2662 1303 2693 Hartes'ourg
1322 2661 1384 2686 ΒΞ.
1442 2662 1469 2691 c)
1488 2660 1574 2692 putat
1593 2660 1655 2684 Be.
1713 2658 1744 2692 d)
1764 2666 1835 2690 quo-

339 2709 402 2725 rum
422 2715 457 2719 —
477 2707 542 2732 rep.
561 2704 629 2724 sunt
656 2707 711 2724 om.
733 2698 814 2725 Bib.
912 2698 939 2731 e)
965 2698 1131 2722 Palmacius
1150 2697 1214 2722 ΑΞ.
1234 2697 1346 2721 B1a-o,
1373 2697 1402 2721 Ιι.
1424 2696 1444 2721 I.
1471 2699 1496 2720 et
1521 2695 1604 2726 infra
1623 2703 1658 2726 p.
1676 2695 1737 2727 137,
1765 2695 1786 2720 l.
1807 2694 1834 2719 2.

338 2736 361 2769 f)
380 2737 482 2761 Tirsus
502 2736 528 2760 B
540 2734 616 2760 lb·0.
690 2737 720 2767 g)
740 2735 826 2760 Soter
845 2735 907 2759 ΒΞ.
981 2732 1012 2765 h)
1032 2732 1234 2758 Rictiouarius
1255 2732 1280 2756 B
1292 2731 1336 2757 1¹1.
1410 2731 1431 2763 i)
1450 2730 1563 2756 ibidem
1581 2731 1644 2755 ΒΣ.
1848 2731 1884 2756 45

339 2843 373 2884 1)
409 2842 494 2877 Luc.
519 2843 554 2883 2,
572 2842 743 2876 25—32.
864 2842 900 2883 2)
935 2840 1075 2879 Persae,
1109 2842 1149 2871 ut
1177 2838 1325 2872 videtur.
1377 2838 1435 2878 Cf.
1461 2838 1552 2870 Acta
1577 2836 1642 2869 SS.
1668 2836 1750 2870 Ian.
1782 2834 1835 2876 II,

333 2901 371 2932 p.
389 2890 459 2923 422
477 2899 547 2932 sqq.
670 2889 705 2931 3)
738 2888 792 2930 Cf.
819 2887 916 2922 Hist.
942 2890 1047 2920 mart.
1081 2886 1182 2920 Trev.
1207 2896 1234 2919 c.
1253 2887 1286 2925 3,
1322 2885 1387 2920 SS.
1409 2884 1511 2926 VIII,
1536 2895 1575 2926 p.
1594 2885 1687 2923 222·
1721 2881 1834 2925 Styeb.

338 2947 371 2970 a.
393 2937 496 2976 1071,
523 2936 587 2970 SS.
607 2936 668 2976 VI,
691 2947 728 2979 p.
747 2936 828 2970 362.
