2014 3184
518 193 789 257 LAlngERTI
813 193 1069 229 ANNALES.
1118 193 1166 230 A.
1195 195 1299 230 1076.
1589 195 1658 229 267

0 361 2 363 .
150 319 278 362 tione
310 331 476 374 corpus
508 317 740 360 affecisset
771 317 1026 367 insolitum,
1072 318 1118 359 et
1150 316 1240 358 nisi
1282 318 1462 358 mature
1501 330 1658 358 consu·
1675 314 1777 348 1076.

20 395 65 431 *2-
76 397 137 426 248.
149 379 336 430 leretur,
380 380 633 421 extremam
671 377 922 432 perniciem
959 372 1179 418 *allatura
1210 377 1362 418 foreta
1399 375 1656 430 languenti,
1672 360 1770 392 (ΙΨ)

149 439 289 482 facile
330 438 536 481 obtinuit
568 437 692 493 apud
724 438 904 487 nautas,
939 436 1018 491 qui
1051 436 1332 491 pontificalis
1365 436 1563 478 nominis
1596 436 1660 476 in—

150 498 278 541 tuitu
307 511 523 554 magnam
561 497 902 539 humanitatem
944 496 986 538 ei
1024 496 1309 551 prestabant,
1353 498 1406 537 ut
1448 495 1661 550 quotiens

120 558 292 601 avellet
318 557 608 614 applicarent
634 552 709 599 etb
738 557 780 599 ei
803 556 1072 611 egrediendi
1098 557 1237 610 atque
1270 556 1319 596 in
1351 557 1487 606 terra,
1522 557 1661 610 prout

151 617 339 660 libitum
371 620 483 666 erat,
526 617 766 660 recreandi
808 616 1011 671 corporis
1044 616 1225 671 copiam
1257 615 1480 658 facerent.
1546 615 1661 656 Lon-

151 678 324 734 ginqua
362 678 505 733 regio,
549 677 795 720 custodum
828 676 1095 726 multitudo,
1140 675 1358 718 debilitas
1395 674 1662 730 languentis

151 752 334 781 omnem
376 740 564 785 metum,
608 750 790 779 omnem
828 737 969 791 fugae
1000 735 1101 778 vel⁰
1140 735 1414 777 insidiarum
1447 735 1662 789 suspicio-

151 812 257 840 nem
290 793 606 840 ademerantd.
660 796 1000 851 Egrediebatur
1032 795 1186 850 sepius
1219 797 1266 837 et
1298 795 1660 850 regrediebatur,

106 876 140 900 10
153 858 526 913 circumspiciens
567 857 772 911 undique
815 858 862 898 et
895 856 1050 898 omnia
1082 855 1298 910 diligenti
1330 855 1526 897 obtutue
1567 868 1662 909 per-

153 918 370 960 lustrans.
433 916 629 958 Nullum
661 930 855 971 usquam
894 916 1144 971 promissae
1184 915 1347 957 salutis
1388 909 1660 964 indiciumf,

153 978 286 1019 nulla
331 990 435 1033 spes
483 976 710 1019 elucebat.
776 976 914 1018 Forte
957 976 1112 1018 beatig
1158 975 1381 1017 Iohannis
1430 975 1661 1030 baptistae
1676 988 1799 1014 Imm.

154 1037 375 1080 nativitas
417 1039 694 1080 occurrerat.
764 1036 825 1078 Et
872 1050 1019 1087 mane,
1070 1036 1180 1078 dum
1223 1034 1659 1091 preterlaberentur,

155 1097 449 1153 conspicatus
496 1097 764 1152 contiguam
811 1096 961 1139 littori
1009 1096 1298 1147 aecclesiam,
1347 1095 1547 1150 rogavit,
1597 1096 1663 1139 ut,

108 1178 141 1203 15
155 1158 350 1215 appulsa
380 1158 501 1209 navi,
536 1158 595 1200 ad
628 1157 905 1200 celebranda
937 1159 1032 1199 tam
1068 1156 1377 1198 sacratissimo
1406 1155 1480 1196 die
1513 1154 1665 1195 missa·

157 1233 256 1260 rum
279 1217 504 1260 solemnia
536 1218 595 1259 ad
617 1217 889 1260 aecclesiam
921 1217 1239 1272 procederent.
1289 1214 1666 1257 Assentientibus

155 1277 262 1330 illis,
295 1278 528 1334 ingressus
560 1278 844 1328 aecclesiam,
879 1277 1130 1319 salutarem
1154 1275 1253 1318 Deo
1276 1275 1478 1317 hostiam
1501 1275 1666 1316 offerre

157 1338 540 1389 sacerdotalibus,
583 1340 638 1379 ut
683 1337 887 1380 solemne
935 1339 1023 1387 est,
1073 1336 1237 1394 infulis
1285 1335 1479 1376 indutus
1528 1334 1664 1389 cepit.

158 1399 245 1442 Cui
275 1398 343 1442 rei
373 1399 568 1441 intentis
608 1397 834 1448 omnibus,
879 1396 1173 1452 supradictus
1205 1389 1499 1445 Udalricush,
1542 1396 1667 1436 recte

110 1471 239 1515 20per
271 1458 614 1515 exploratorum
657 1457 948 1512 diligentiam
991 1458 1180 1511 captata
1211 1456 1303 1498 loci
1334 1455 1665 1510 oportunitate,

158 1521 348 1575 repente
390 1520 570 1560 armata
601 1517 904 1559 multitudine
937 1516 1207 1559 aecclesiam
1242 1514 1561 1564 circumdedit,
1604 1514 1667 1554 in-

159 1591 432 1634 gressusque
473 1578 694 1626 modeste,
737 1577 924 1619 interim
967 1576 1272 1626 dissimulato,
1316 1577 1505 1630 propter
1546 1573 1669 1628 quod

158 1640 361 1689 venerat,
394 1637 600 1692 negocio,
635 1630 1103 1679 consummationemi
1135 1635 1253 1677 sacri
1285 1634 1530 1676 ministerii
1562 1633 1670 1674 taci-

160 1700 236 1739 tus
294 1697 666 1751 tranquillusque
725 1695 1082 1751 prestolabatur.
1167 1694 1269 1746 Quo
1327 1693 1511 1748 expleto
1565 1706 1670 1734 suos

113 1773 148 1799 25
161 1757 436 1812 quantocius
469 1757 527 1798 ad
560 1756 714 1798 navim
748 1751 1021 1797 convolarek
1050 1757 1097 1797 et
1130 1754 1285 1796 omnia
1317 1767 1433 1808 quae
1468 1752 1671 1807 episcopi

162 1812 278 1858 sint¹
321 1816 475 1859 efferri
506 1816 651 1858 iubet.
707 1815 813 1870 Ipse
844 1814 1203 1857 fortissimorum
1235 1814 1454 1855 iuvenum
1489 1812 1670 1867 agmine

162 1876 362 1932 stipatus
414 1876 742 1931 procedentem
790 1875 847 1916 ab
896 1874 1120 1917 aecclesia
1168 1874 1434 1929 episcopum
1483 1872 1669 1921 salutat,

162 1935 372 1978 osculum
404 1935 613 1991 porrigit,
658 1949 839 1990 equum,
883 1947 1019 1989 quem
1053 1933 1280 1976 evectioni
1314 1933 1411 1975 eius
1444 1932 1671 1987 optimum

163 1998 423 2050 aptaverat,
479 1995 606 2037 ocius
660 1994 966 2037 conscendere
1014 1993 1159 2036 iubet.
1233 1992 1540 2048 Stupentibus
1594 1991 1672 2045 qui

116 2072 150 2098 30
163 2055 430 2110 episcopum
463 2055 804 2105 abduxerantm,
839 2054 950 2108 quid
984 2054 1070 2095 hoc
1103 2053 1172 2096 rei
1197 2055 1329 2103 esset,
1365 2054 1411 2094 et
1444 2054 1549 2107 post
1575 2051 1672 2092 irri—

164 2117 236 2156 tas
268 2115 646 2157 ratiocinationes
679 2114 738 2156 ad
765 2128 892 2156 arma
925 2113 1320 2159 concurrentibus,
1355 2112 1499 2161 iubet,
1534 2113 1599 2161 ut,
1636 2111 1673 2151 si

163 2174 287 2216 vitae
329 2188 381 2216 ac
423 2174 565 2216 saluti
606 2187 715 2216 suae
758 2173 1022 2216 consultum
1054 2173 1214 2223 velint,
1259 2172 1406 2227 quieti
1438 2172 1670 2220 maneant,

164 2248 292 2276 arma
331 2236 527 2290 ponant,
569 2248 709 2276 naves
751 2234 955 2289 pacatis¹¹
1003 2233 1168 2274 animis
1210 2234 1443 2288 repetant,
1489 2232 1673 2286 gratum

165 2293 402 2344 habentes,
446 2294 569 2348 quod
611 2294 842 2336 commissi
882 2293 931 2334 in
971 2295 1157 2334 tantum
1199 2292 1468 2347 pontificem
1501 2289 1675 2345 piaculi
1734 2306 1738 2309 ·

118 2370 152 2397 35
165 2357 333 2410 penas⁰
362 2367 455 2396 non
481 2354 770 2409 exiganturl‘·
786 2354 814 2393 ¹.
864 2353 912 2394 Si
933 2353 1084 2395 verbis
1109 2352 1373 2401 inanibusq,
1408 2351 1445 2391 si
1472 2349 1674 2390 motibus

167 2480 195 2513 a)
215 2481 278 2506 fore
297 2481 376 2508 131⁸.
468 2481 499 2514 b)
519 2485 551 2507 ut
570 2482 651 2508 Bla.
744 2482 771 2514 c)
791 2486 819 2507 et
839 2482 917 2506 ΒΝ.
1011 2479 1042 2512 d)
1062 2479 1215 2506 ademerat
1237 2481 1262 2505 B
1275 2482 1315 2504 1¹¹.
1409 2480 1436 2510 Θ)
1457 2478 1574 2502 obtuitu
1596 2477 1620 2501 Β
1633 2478 1673 2501 1“.

166 2517 190 2547 f)
209 2517 352 2542 indictum
371 2518 434 2543 ΒΞ.
509 2517 539 2550 g)
561 2518 624 2543 Ioh.
646 2518 725 2543 beati
745 2518 808 2543 112.
878 2517 908 2548 h)
931 2515 1033 2542 [Idalr.
1055 2517 1118 2542 Ax.
1139 2517 1200 2541 131.
1277 2517 1296 2546 i)
1317 2519 1468 2540 consumat
1481 2516 1530 2544 (c).
1555 2512 1631 2538 31¹⁸.
1649 2514 1674 2538 2.

167 2552 200 2579 k)
219 2553 355 2578 retiolum
373 2554 452 2579 131⁸.
518 2554 539 2585 1)
559 2557 626 2579 suut
647 2555 710 2579 Al.
767 2556 806 2584 m)
827 2551 1015 2578 adduxerant
1035 2553 1060 2577 A
1073 2554 1097 2581 1,
1118 2553 1193 2584 qnod
1213 2553 1305 2576 :ae-*Mo
1327 2559 1364 2575 (m
1380 2550 1607 2582 praeferendum
1628 2549 1674 2573 xit.

169 2591 199 2618 n)
225 2588 349 2620 placatis
374 2589 437 2617 ΒΞ.
536 2589 564 2622 ο)
593 2590 633 2614 sic
657 2597 753 2614 omnes
782 2590 906 2622 (poenas
935 2596 1013 2614 corr.
1038 2595 1150 2620 poenae
1180 2589 1205 2612 A
1221 2590 1273 2617 1⁸).
1382 2588 1410 2618 p)
1441 2587 1563 2615 exigant
1593 2585 1618 2609 B
1634 2586 1675 2610 1³¹.

121 2627 156 2651 40
170 2626 199 2654 q)
219 2621 315 2649 mani⁹
334 2624 360 2649 B
371 2626 412 2650 1⁸.

172 2730 206 2773 1)
231 2730 287 2771 Cf.
317 2730 413 2765 Ovid.
440 2731 542 2767 Fast.
568 2731 594 2764 Ι
596 2732 634 2774 1⁷,
654 2733 744 2767 230:
775 2731 860 2765 huic
885 2742 1021 2776 poenas
1048 2730 1162 2775 exigit
1188 2730 1239 2763 ira
1266 2729 1343 2772 den
1380 2729 1536 2773 Jletaph.
1572 2728 1675 2771 VIII,

170 2778 240 2813 530
257 2788 328 2821 sq.:
364 2777 432 2811 diri
459 2777 525 2811 sibi
552 2778 694 2813 conscia
719 2778 806 2813 facti
845 2778 979 2823 Exegit
1005 2789 1151 2823 poenas
1203 2778 1329 2811 Nescio
1360 2788 1407 2809 an
1442 2777 1523 2810 Inde
1549 2777 1676 2819 Lamp.

171 2825 346 2859 adductus
369 2826 428 2868 sit,
455 2830 495 2858 ut
519 2827 727 2860 sententiam
753 2827 845 2861 hanc
869 2827 960 2860 male
977 2829 1202 2860 construeret.
1243 2825 1284 2858 Sa·
1307 2826 1399 2858 enim
1426 2823 1512 2859 (lare
1539 2825 1679 2868 supple-

170 2874 288 2916 visses,
316 2872 510 2918 exigantur
534 2883 605 2907 non
630 2873 710 2908 bene
734 2878 851 2910 staret.
