2014 3184
615 269 779 308 INDEX
804 263 1158 304 LOOUTIONUM.

188 395 370 435 Perculsis
394 395 523 430 metu
555 390 724 428 omnibus
750 390 808 434 71,
823 398 868 424 15.

140 468 185 475 -
210 446 334 492 plures
357 445 461 478 metu
484 438 643 487 perculsi
667 438 748 482 169,
758 447 805 473 30.
825 454 869 460 —-

139 495 276 541 Ingens
301 501 428 528 omnes
456 518 463 526 .
491 517 499 526 .
527 516 535 525 .
570 488 691 522 metus
714 482 872 530 perculit

140 544 223 587 281,
236 552 281 578 ⁸5.

187 588 384 627 inusitatae
421 584 475 620 rei
521 579 760 618 miraculo
797 579 872 612 stu-

141 636 315 685 pentibus
338 635 423 678 338,
434 643 462 669 5.
499 651 544 656 —-
578 628 789 674 inopinatae
820 623 875 660 rei

142 683 320 722 miraculo
344 692 439 728 pene
465 677 625 715 exanimi
660 677 801 718 241,1r›.
830 692 872 698 --

143 735 269 770 tautae
292 730 347 767 rei
370 727 548 765 miraculo
569 724 662 761 nihil
685 722 875 769 permotus

144 783 371 864 ὃῧῗιίἓιιιιιι
396 826 520 859 autem
543 821 583 856 in
607 818 760 855 modum
780 815 877 851 dice·

147 888 207 912 res
232 877 349 918 75,15.
384 892 430 898 —
465 880 538 916 qua
563 895 572 904 .
600 897 607 904 .
636 895 644 904 .
678 865 815 901 mirum
839 863 879 898 in

148 923 302 961 modum
330 919 487 957 callebat
517 918 607 962 213,
627 925 673 952 25.
707 933 749 939 —-
782 909 880 956 Equi

150 982 280 1009 eorum
306 998 315 1006 .
335 996 344 1006 .
362 996 371 1005 .
396 967 500 1002 iuxta
515 962 724 1000 naviculam
745 959 881 995 mirum

151 1021 191 1056 in
211 1017 364 1054 modum
388 1043 398 1052 .
416 1043 425 1052 .
445 1043 452 1051 .
477 1011 723 1048 decurrebant
744 1009 880 1052 275,4o.

152 1089 199 1095 -—
223 1066 277 1102 ita
305 1063 441 1100 mirum
474 1061 513 1096 in
546 1058 700 1094 modum
731 1054 883 1102 singulis

152 1125 295 1151 morem
327 1110 481 1159 gerebat
513 1109 595 1152 318,
608 1118 636 1143 5.
670 1125 717 1131 —
747 1103 884 1138 mirum

154 1164 194 1200 in
217 1161 370 1198 modum
395 1157 526 1194 eodem
554 1155 744 1190 momento
770 1153 808 1187 et
830 1149 885 1184 vi-

154 1214 232 1247 tam
256 1208 376 1244 finivit
401 1208 439 1242 et
462 1204 611 1240 missam
636 1203 718 1245 335,
733 1212 759 1236 1.

204 1257 260 1294 Eo
277 1253 591 1292 miseriarum
616 1252 654 1285 et
671 1245 888 1284 calamitatis

195 1335 204 1343 .
231 1333 240 1342 .
264 1305 418 1350 repente
441 1300 662 1347 pervenerat
684 1297 768 1340 284,
783 1306 809 1331 1.

207 1355 260 1398 ut,
285 1352 316 1387 si
338 1350 460 1386 minus
477 1347 650 1390 filiorum,
675 1344 804 1379 saltem
826 1352 890 1387 pa-

160 1401 228 1438 tris
243 1399 339 1436 tanti
362 1397 680 1434 misereretur
706 1393 826 1435 126,5.
844 1409 891 1415 —

161 1453 215 1494 ut,
232 1448 262 1484 si
277 1447 399 1483 minus
414 1443 598 1491 propriae,
615 1441 746 1476 saltem
763 1447 892 1474 eorum

162 1494 381 1538 calamitatis
405 1492 641 1528 misereretur
668 1489 748 1531 182,
762 1497 808 1523 20.

211 1547 254 1580 ut
289 1543 336 1578 ab
373 1540 483 1576 armis
517 1536 666 1574 Domini
702 1532 895 1569 missio-

164 1603 269 1629 nem
293 1592 419 1636 petam
443 1589 525 1631 316,
540 1596 585 1622 15.

215 1642 257 1674 ut
280 1637 342 1673 mi
349 1637 454 1680 cius
478 1632 720 1680 pacaciusque
746 1628 898 1674 agerent

167 1689 252 1732 262,
265 1697 293 1723 5.
328 1705 369 1711 -
402 1682 532 1718 Mitius
564 1709 572 1716 .
601 1707 609 1716 .
637 1708 644 1715 .
677 1688 762 1712 cum
787 1675 899 1710 fratre

171 1733 356 1782 agendum
380 1730 565 1766 iudicabat
591 1729 672 1769 327,
687 1737 731 1762 10.

220 1785 263 1818 ut
286 1777 590 1816 moderatius
616 1774 769 1819 agerent
786 1772 844 1814 97,
856 1781 901 1806 30.

173 1851 220 1858 -—
265 1826 490 1864 moderatius
537 1823 670 1870 agebat
719 1830 803 1854 cum
852 1816 904 1852 eis

177 1880 245 1916 199
273 1887 320 1914 25.

223 1904 370 1970 li’nguae
411 1931 487 1956 non
528 1917 614 1954 satis
661 1911 906 1950 moderari

176 1975 322 2020 poterat
351 1972 433 2013 187,
446 1979 475 2005 5.

230 2164 355 2209 preter
395 2171 432 2194 m
444 2169 465 2193 o
476 2157 500 2191 d
511 2169 535 2191 u
546 2167 583 2190 m
622 2151 911 2194 modestiamque

182 2212 239 2247 ira
306 2204 570 2244 inmoderatior
639 2197 914 2236 debachabatur

187 2261 268 2303 115,
282 2268 326 2294 10.
363 2275 406 2281 —
442 2253 539 2288 ultra
574 2248 727 2286 modum
765 2255 914 2282 omnem

185 2303 475 2347 modestiamque
490 2297 693 2335 debachata
705 2297 761 2331 est
772 2291 914 2328 hostilis

187 2353 313 2390 feritas
349 2352 432 2395 221,
446 2360 474 2385 5.
511 2367 554 2373 —-
589 2355 658 2380 nec
694 2352 844 2389 prorsus
878 2340 915 2374 in

187 2397 438 2448 promittendo
454 2394 606 2432 modum
624 2394 688 2428 aut
699 2388 917 2426 modestiam

189 2449 303 2485 ullam
329 2444 524 2482 servabant
547 2443 630 2485 240,
644 2451 690 2477 80.

237 2495 317 2532 Neo
350 2493 402 2529 sic
436 2495 562 2527 tamen
593 2486 766 2523 audaciae
792 2493 919 2518 eorum
942 2476 945 2492 ⁴¹

192 2543 381 2581 modum
413 2538 670 2585 imposuerunt
705 2535 785 2575 171,
799 2543 844 2568 30.
877 2549 918 2554 -—

194 2590 294 2637 quod
318 2586 630 2634 petulantissimae
665 2582 814 2626 linguae
841 2606 850 2614 .
877 2603 885 2612 .
913 2603 921 2612 .

194 2638 346 2674 modum
377 2632 620 2680 imposuerint
644 2631 725 2673 188,
739 2638 784 2664 35.
813 2646 855 2652 ·—-
883 2626 924 2658 ut

226 2715 234 2723 .
254 2714 262 2722 .
287 2682 498 2719 iracundiae
524 2690 610 2715 suae
634 2676 787 2712 modum
811 2682 925 2718 pone·
949 2708 950 2712 Ἰ

949 2717 951 2727 ⁴
975 2713 1126 2750 modum
1152 2708 1267 2744 furori
1293 2716 1420 2740 eorum
1449 2731 1455 2738 .

196 2736 256 2770 ret
279 2734 362 2775 229,
375 2741 421 2767 20.

247 2780 348 2816 cuius
372 2774 585 2812 iracundiae
612 2801 620 2809 .
640 2801 648 2809 .
668 2798 676 2806 .

200 2839 276 2865 non
299 2824 485 2862 miseratio
513 2851 521 2860 .
541 2851 548 2858 .
569 2850 576 2858 .
602 2819 790 2855 modum
825 2812 927 2848 fecis-

200 2879 259 2911 set
281 2877 406 2918 237,1.
427 2891 469 2898 —-
488 2869 618 2914 Neque
636 2867 734 2902 enim
760 2860 928 2897 lasciviae

203 2923 298 2970 regis
323 2921 382 2956 vel
406 2918 506 2955 racio
523 2915 675 2951 modum
698 2910 855 2947 faciebat
871 2906 930 2941 vel

702 2781 776 2804 non
798 2767 927 2812 pietas,
950 2779 952 2794 ε

1574 255 1644 292 451

967 385 1054 421 Sall.
1073 384 1153 427 luy.
1171 383 1230 419 40.
1257 378 1387 415 ceteris
1411 379 1540 412 metu
1565 386 1647 420 per-

919 432 1046 476 culsi83
1094 433 1151 468 58.
1188 426 1381 474 repentino
1422 427 1523 459 metu
1566 433 1649 468 per-

920 480 1030 523 culsi,
1056 481 1112 516 67.
1130 475 1289 522 perculsi
1313 472 1511 519 improviso
1528 472 1649 513 met-u3

922 528 1001 564 Cat.
1027 529 1062 563 6.
1087 524 1199 560 ceteri
1224 526 1327 558 metu
1351 519 1520 566 perculsi.

969 576 1048 610 Liv.
1067 574 1099 615 I,
1117 575 1175 616 59,
1194 574 1229 608 2.
1253 568 1483 614 stupentibus
1508 565 1650 600 mira-

923 622 1029 658 culo
1055 620 1120 656 rei.
1148 639 1190 645 -
1218 618 1319 662 Sulp.
1338 617 1414 652 Sev.
1433 615 1534 649 Dial.
1548 613 1602 655 ΙΙ,
1616 614 1650 647 2.

923 667 1169 714 obstupefacti
1185 668 1311 701 tantae
1328 663 1383 698 rei
1399 661 1589 697 miraculo.
1609 678 1650 684 —-

926 718 984 761 Cf.
1014 726 1174 751 movere.

980 813 1021 848 V.
1048 811 1160 846 Mart.
1189 811 1245 845 12.
1280 807 1339 842 hic
1364 816 1452 841 vero
1487 802 1655 838 mirum

927 861 964 896 in
990 859 1142 894 modum
1168 856 1331 898 videres,
1366 855 1422 890 14.
1447 851 1543 887 Tum
1569 859 1656 884 vero

928 908 1063 944 mirum
1088 906 1127 941 in
1151 904 1303 940 modum
1322 911 1505 943 cerneres,
1530 901 1564 934 2.
1590 896 1658 931 mi-

929 967 1013 992 rum
1045 955 1084 989 in
1119 952 1271 988 modum
1307 979 1314 987 .
1352 976 1360 984 .
1397 977 1405 985 .
1443 955 1656 987 conversus·‚

934 1007 990 1042 11.
1021 1003 1155 1038 mirum
1190 1000 1229 1035 in
1262 997 1415 1033 modum
1445 1005 1573 1030 vocem
1607 992 1659 1026 lo-

932 1051 1077 1098 quentis
1109 1048 1326 1090 audiebant3
1361 1048 1393 1082 9.
1418 1046 1477 1080 20.
1504 1046 1533 1076 et
1560 1039 1660 1075 Dial.

933 1101 966 1143 Ι,
986 1102 1042 1136 13.
1064 1100 1123 1134 20.
1148 1096 1284 1130 mirum
1309 1094 1347 1128 in
1371 1091 1534 1127 modum.

986 1242 1075 1278 Sall.
1090 1241 1170 1284 luy.
1186 1240 1242 1275 14.
1268 1235 1441 1282 quoniam
1459 1244 1503 1268 eo
1528 1230 1615 1266 mis
1625 1239 1666 1264 e-

938 1291 979 1326 ri
990 1302 1011 1326 a
1020 1301 1040 1324 r
1050 1301 1074 1324 u
1083 1300 1121 1323 m
1146 1288 1323 1322 venturus
1349 1293 1460 1318 eram.

998 1529 1038 1564 V.
1058 1528 1172 1562 Mart.
1189 1526 1224 1560 4.
1250 1525 1395 1566 tempus

945 1579 1042 1613 teret
1066 1572 1359 1610 missionem.

1513 1527 1586 1562 quo
1611 1525 1675 1560 pe-

1003 1908 1123 1943 Plaut.
1138 1906 1243 1940 Cure.
1257 1904 1339 1939 486.
1358 1900 1506 1946 linguae
1531 1909 1568 1932 m
1579 1895 1682 1931 ode-

955 1954 1158 1992 randum
1193 1953 1249 1986 est
1272 1949 1375 1985 mihi.
1410 1967 1456 1973 —-
1491 1945 1578 1980 Sall.
1605 1944 1684 1986 luy.

956 2007 1015 2041 82.
1050 2012 1170 2046 neque
1208 1995 1392 2034 moderari
1429 1995 1604 2039 linguam.
1640 2009 1685 2015 ——

958 2053 1038 2087 Liv.
1060 2047 1248 2092 XXVIII,
1270 2048 1329 2082 44.
1354 2040 1593 2088 temperando
1619 2038 1686 2072 lin-

958 2110 1064 2145 guae.

1009 2146 1099 2181 Sall.
1126 2144 1206 2187 luy.
1232 2143 1290 2178 41.
1326 2139 1403 2174 sine
1438 2134 1576 2172 modo
1612 2143 1689 2167 mo-

962 2194 1170 2238 destiaque3
1207 2190 1285 2225 Cat.
1315 2190 1369 2224 11.
1395 2195 1513 2229 neque
1539 2181 1690 2216 modum

962 2252 1081 2287 neque
1106 2237 1324 2274 modestiam
1350 2233 1506 2267 victores
1534 2230 1691 2268 habere,

964 2292 1023 2327 38.
1048 2297 1165 2332 neque
1187 2285 1259 2319 illis
1276 2280 1455 2317 modestia
1472 2287 1589 2321 neque
1615 2285 1691 2308 mo-

966 2338 1033 2372 dus
1059 2331 1301 2371 contentionis
1328 2330 1417 2364 erat.

1018 2478 1095 2512 Liv.
1124 2473 1248 2513 XLII,
1275 2473 1331 2507 62.
1369 2466 1555 2502 modum
1582 2463 1695 2506 impo-

970 2536 1057 2561 nere
1072 2520 1240 2558 secundis
1254 2519 1375 2553 rebus.
1392 2535 1433 2540 ——
1451 2515 1566 2547 Amm.
1583 2511 1696 2544 Marc.

972 2572 1117 2611 XXVI,
1147 2571 1207 2610 10,
1239 2568 1292 2602 14.
1331 2575 1399 2598 nec
1436 2559 1566 2595 modus
1603 2557 1699 2591 ullus

974 2618 1181 2656 exitialibus
1211 2613 1317 2648 malis
1343 2609 1532 2655 inpositus.
1553 2626 1594 2631 —
1617 2604 1700 2637 Hie-

973 2679 1051 2702 ron.
1079 2664 1203 2709 praef.
1239 2663 1276 2694 in
1304 2660 1374 2694 Jer.
1412 2655 1544 2690 rectius
1584 2651 1702 2686 fuerat

1484 2729 1492 2738 .
1519 2729 1526 2736 .
1554 2709 1702 2745 ponere.

1024 2762 1102 2795 Liv.
1123 2759 1145 2791 I
1149 2759 1188 2800 V,
1203 2758 1261 2797 50,
1276 2756 1308 2789 4.
1334 2764 1416 2787 cum
1436 2748 1610 2783 modum
1628 2746 1703 2780 irae

977 2808 1119 2843 nullum
1154 2804 1301 2838 faceret.
1337 2819 1378 2825 —-
1415 2797 1502 2831 Sall.
1535 2795 1611 2830 Cat.
1646 2795 1703 2829 24.

979 2856 1041 2890 ubi
1084 2856 1183 2887 aetas
1225 2844 1482 2883 tantummodo
1529 2840 1705 2887 quaestui,

979 2912 1097 2947 neque
1122 2897 1287 2934 luxuriae
1313 2892 1464 2928 modum
1491 2890 1637 2925 fecerat.

1350 2963 1420 3000 29*
