1968 3164
334 275 401 309 102
695 271 963 307 LAMPERTI
987 270 1240 307 ANNALES.
1290 270 1337 307 A.
1366 272 1468 307 1066.

218 380 318 415 1066.

220 397 432 457 (ΜΜΘῙ-ειὺ
474 394 725 444 sententia,
769 396 822 435 ut
854 396 935 435 aut
966 407 1108 448 regno
1151 407 1196 435 se
1229 393 1466 434 abdicaret
1499 394 1580 433 aut
1612 390 1832 446 archiepi-

334 468 521 508 scopum
554 453 845 495 Premensem
887 467 914 494 a
955 453 1157 494 consiliis
1199 452 1291 493 suis
1333 455 1471 506 atque
1510 465 1536 492 a
1567 450 1700 506 regni
1730 463 1832 492 con·

334 513 474 555 sortio
508 515 752 554 amoveret.
816 512 1154 566 Tergiversanti
1188 514 1246 562 et,
1291 511 1400 565 quid
1433 510 1592 566 pocius
1625 509 1830 564 eligeret,

333 572 555 615 hesitanti
602 572 973 626 archiepiscopus
1020 571 1262 612 consilium
1315 570 1466 621 dedit,
1519 571 1573 610 ut
1625 569 1834 624 proxima

333 634 480 682 nocte,
524 631 692 673 ablatis
731 645 884 672 secum
916 630 1046 685 regni
1083 630 1353 684 insignibus,
1397 629 1515 671 clam
1553 629 1827 682 aufugeret²
1845 644 1864 671 ⁵

334 694 379 734 et
413 691 669 734 Goslariam
711 693 792 731 aut
823 690 871 730 in
904 690 1046 731 alium
1078 689 1230 731 locum
1263 702 1310 730 se
1342 689 1588 744 reciperet,
1627 686 1708 729 ubi
1739 682 1826 729 abb

332 751 501 792 iniuria
532 752 662 791 tutus
694 749 829 795 foret,
865 749 1008 791 donec
1031 749 1169 790 turba
1201 749 1314 790 haec
1338 747 1693 802 conquiesceret.
1740 746 1831 788 Ad-

332 811 545 853 veniente
578 823 766 863 vespera
798 809 1038 850 thesauros
1065 808 1214 862 regios
1247 821 1328 862 per
1349 806 1575 849 satellites
1606 808 1654 848 et
1686 805 1832 848 socios

332 868 509 911 fraudis
558 882 666 910 suae
713 868 804 908 iam
853 869 1092 923 exportare
1141 868 1346 922 ceperat,
1391 880 1495 908 cum
1541 867 1731 920 repente
1771 865 1832 907 ad

333 927 726 986 ministrOSM-Ijggi}
769 927 1010 968 consilium
1052 927 1161 976 hoc,
1204 925 1358 968 nescio
1391 939 1480 979 quo
1512 924 1702 975 indicio,
1735 937 1881 979 per—10

333 987 558 1037 manavit3
593 986 670 1040 qui
704 986 861 1027 statim
893 986 1038 1040 raptis
1071 985 1208 1026 armis
1241 985 1408 1027 curtim
1439 984 1614 1039 regiam
1645 983 1832 1026 circum-

334 1048 560 1090 dederunt
593 1048 829 1099 totamque
853 1045 1068 1099 deinceps
1090 1047 1272 1086 noctem
1300 1044 1520 1086 ducentes
1548 1042 1830 1098 pervigilem,

333 1122 389 1148 ne
432 1106 541 1161 quid
583 1105 689 1146 novi
731 1105 981 1154 accideret,
1026 1104 1336 1146 asservabant.
1398 1103 1542 1145 Facto
1589 1115 1722 1144 mane
1768 1101 1832 1143 in-

332 1166 475 1208 fensis
508 1166 621 1207 adeo
655 1164 818 1206 animis
851 1177 1007 1205 omnes
1039 1163 1088 1204 in
1110 1163 1506 1217 archiepiscopum
1532 1161 1678 1203 coorti
1710 1162 1831 1212 sunt,

333 1228 385 1267 ut
418 1239 500 1267 nec
534 1224 746 1266 manibus
778 1225 1124 1278 temperassent,
1159 1222 1248 1263 nisi
1279 1222 1407 1276 regia
1438 1221 1653 1263 maiestas
1678 1220 1754 1262 vix
1785 1221 1883 1262 etit>

334 1298 467 1339 aegre
530 1283 815 1325 iracundiam
878 1282 1160 1324 cohibuisset
1176 1282 1202 1321 ¹.
1282 1280 1624 1323 Contumeliose
1675 1279 1832 1334 itaque

334 1345 507 1386 eiectus
540 1346 609 1386 est
642 1342 698 1383 de
732 1344 861 1383 curte
893 1341 1020 1396 regia
1053 1355 1156 1382 cum
1189 1341 1401 1382 omnibus
1433 1339 1691 1394 tyrannidis
1723 1351 1833 1380 suae

332 1403 612 1453 fautoribus,
657 1401 872 1454 misitque
906 1415 1009 1442 cum
1043 1414 1095 1442 eo
1127 1414 1206 1442 rex
1239 1400 1489 1441 amicorum
1523 1413 1709 1440 suorum
1739 1411 1834 1440 non

333 1463 560 1504 modicam
592 1475 800 1509 manum,
844 1474 901 1501 ne
934 1459 1110 1500 scilicet
1151 1459 1208 1500 ab
1242 1459 1405 1500 emulis
1438 1458 1531 1499 suis
1562 1457 1753 1499 insidias
1784 1456 1834 1498 in

333 1522 406 1563 via
448 1523 696 1576 pateretur.
763 1519 837 1560 Sic
879 1519 1073 1560 iterume
1122 1532 1274 1560 rerum
1316 1517 1606 1572 publicarum
1643 1515 1883 1558 admini-20

333 1581 496 1622 stratio
529 1581 587 1622 ad
620 1579 855 1634 episcopos
887 1578 1026 1620 rediit
1040 1578 1066 1627 ²,
1101 1579 1154 1618 ut
1187 1577 1358 1631 singuli
1384 1577 1477 1617 suis
1498 1575 1687 1625 vicibus,
1722 1574 1833 1629 quid

332 1640 442 1694 regi,
477 1640 587 1694 quid
619 1639 686 1680 rei
718 1638 930 1692 publicae
962 1631 1115 1678 faetob
1154 1650 1268 1691 opus
1301 1638 1432 1686 esset,
1466 1634 1772 1690 previderent.

189 1711 318 1742 Almam-
476 1699 573 1741 Rex
605 1694 802 1753 paschad
839 1696 1038 1738 Traiecti
1079 1695 1342 1737 celebravit.
1404 1694 1700 1736 Eberhardus
1731 1693 1832 1736 Tre·

189 1771 318 1802 Apum.
333 1772 543 1800 verorum
577 1757 730 1799 archie
765 1757 959 1811 iscopus,
1001 1756 1110 1796 dum
1141 1755 1190 1796 in
1223 1754 1442 1796 sabbatoe
1481 1755 1640 1795 sancto
1672 1754 1832 1794 tantae

335 1818 426 1860 diei
458 1817 714 1859 misterium
780 1815 1046 1857 solemniter
1067 1814 1238 1869 populo
1271 1813 1566 1863 exhibuisset,
1600 1824 1832 1868 regressus
1844 1826 1885 1853 25.

333 1877 382 1917 in
404 1877 746 1926 secretariumg,
782 1869 949 1930 caputh
976 1874 1024 1915 in
1047 1874 1197 1914 sinum
1219 1871 1533 1914 archidiaconi
1558 1867 1830 1922 *reclinavit,
1846 1885 1890 1920 *μ
1901 1886 1965 1916 178.

335 1935 830 1988 circumstantibusque
862 1933 1098 1983 fratribus,
1142 1932 1355 1987 spiritum
1387 1925 1666 1973 exhalaviti.
1729 1929 1832 1985 Epi-

334 1997 572 2049 scopatum
596 1995 692 2036 eius
719 2008 800 2048 per
820 1988 1163 2034 interventumk
1190 1990 1476 2032 Coloniensis
1498 1988 1832 2044 archiepiscopi

334 2054 535 2107 suscepit
569 2048 751 2094 Cuonol
793 2051 1053 2106 prepositus
1065 2054 1095 2073 ¹¹¹
1138 2050 1424 2092 Coloniensis
1438 2049 1466 2089 3.
1531 2047 1745 2090 Graviter
1784 2049 1832 2090 et

333 2113 522 2166 indigne
555 2112 691 2152 nimis
723 2111 834 2151 tulit
866 2113 962 2151 tam
995 2110 1171 2151 clerusn
1218 2123 1354 2163 quam
1392 2107 1590 2163 populus
1621 2107 1880 2149 Trevero—ao

333 2186 447 2221 rum,
482 2171 604 2225 quod
635 2170 724 2224 ipsi
754 2170 804 2210 in
836 2169 1108 2211 electionem
1150 2168 1274 2210 eius⁰
1313 2167 1500 2208 admissi
1541 2166 1830 2220 consultique

334 2245 427 2272 non
474 2231 646 2280 essent,
697 2242 833 2282 seque
880 2227 1079 2269 vicissim
1129 2227 1449 2276 hortabantur,
1503 2227 1557 2266 ut
1603 2225 1831 2279 insignem

334 2291 452 2330 hanc
480 2288 807 2330 contumeliam
838 2286 1010 2340 insigni
1031 2286 1184 2339 aliquo
1208 2285 1415 2339 exemplo
1448 2284 1669 2326 eluerent.
1717 2283 1830 2324 Erat

333 2391 362 2425 a)
382 2392 491 2423 auffug.
513 2392 574 2418 B2.
667 2390 698 2423 b)
717 2398 772 2416 om,
792 2388 874 2414 ΒΗ).
957 2388 984 2421 c)
1004 2387 1073 2413 dum
1093 2388 1171 2413 Bia.
1255 2387 1285 2420 d)
1305 2387 1412 2419 pasche
1432 2387 1494 2412 132.
1578 2385 1606 2415 e)
1625 2386 1728 2411 sabato
1746 2384 1828 2411 1311».

334 2428 357 2460 f)
376 2432 463 2460 myst.
484 2429 510 2452 Α
522 2429 547 2453 1.
634 2426 665 2459 g>
685 2425 893 2451 sacrarium
914 2425 939 2449 A
951 2426 975 2449 1.
992 2426 1034 2448 18.
1049 2424 1075 2449 2.
1119 2424 1219 2448 Utrum
1239 2423 1414 2453 Lamperms
1432 2422 1590 2454 scripserit,
1609 2423 1683 2446 certe
1701 2422 1831 2452 dignosci
1843 2422 1878 2448 35

334 2464 438 2495 nequit,
459 2471 520 2487 cum
540 2465 565 2487 et
584 2462 746 2487 sacrarium
766 2464 791 2486 et
811 2461 1002 2486 secretarium
1021 2460 1175 2490 scriptores
1194 2458 1280 2483 medii
1293 2458 1356 2483 aevi
1369 2465 1426 2489 pro
1441 2457 1573 2482 aedicula
1591 2464 1678 2488 quam
1698 2463 1831 2482 vocamus

336 2498 503 2524 ‘Sub-risse?
530 2501 681 2529 usurpent,
706 2497 755 2522 sed
778 2503 870 2527 supra
889 2503 922 2527 1).
944 2496 994 2526 82,
1016 2495 1036 2520 I.
1058 2496 1101 2519 16.
1129 2495 1291 2520 sacrarium
1317 2494 1407 2517 celiam
1435 2493 1491 2517 vim
1516 2493 1616 2523 haim,-
1644 2493 1674 2517 iu
1700 2493 1829 2518 sacrario

334 2535 535 2559 Eberhardum
562 2534 663 2558 obiisse
691 2533 819 2563 referunt
845 2530 930 2556 etiam
956 2531 1042 2555 Gesta
1069 2531 1149 2555 Trev.
1176 2538 1199 2554 c.
1220 2530 1268 2561 32,
1295 2529 1345 2554 SS.
1364 2528 1454 2559 VIII,
1475 2535 1509 2559 p.
1525 2528 1587 2553 174.
1681 2527 1713 2559 h)
1733 2525 1829 2559 capud

334 2571 411 2595 Blfl.
514 2569 534 2602 i)
554 2570 631 2594 exal.
651 2569 713 2594 Bl.
728 2569 754 2593 2.
855 2567 887 2599 k)
912 2566 1151 2591 intercessionem
1169 2566 1196 2590 B
1209 2565 1235 2590 2.
1335 2563 1356 2596 l)
1376 2564 1459 2589 (juno
1479 2565 1503 2588 A
1516 2565 1541 2588 1.
1557 2564 1583 2588 2.
1603 2563 1671 2596 323
1698 2563 1780 2588 Oono
1801 2562 1829 2590 S.

334 2604 374 2638 111)
394 2606 455 2630 Col.
477 2612 560 2637 prep.
581 2605 644 2630 ΒΞ.
728 2603 758 2637 n)
778 2603 901 2629 clericus
921 2601 1002 2627 Bib.
1086 2600 1114 2634 o)
1133 2609 1188 2626 om.
1209 2601 1271 2625 Bi.
1284 2601 1310 2625 2.
1840 2600 1878 2626 4ο

334 2689 382 2721 ad
407 2688 658 2721 Aleoeandrmn
679 2697 825 2731 papam,
865 2683 1092 2727 Giesebrecht,
1129 2683 1272 2717 ‘DKZ.⁷
1297 2683 1348 2717 ed.
1368 2682 1400 2717 5.
1427 2682 1499 2724 III,
1528 2693 1565 2725 p.
1586 2681 1688 2724 1258,
1716 2691 1773 2716 nr.
1791 2681 1825 2724 5,

333 2736 542 2778 colloquium
565 2735 755 2768 Tribarz'ae
780 2733 940 2766 habitum
962 2737 1021 2765 est.
1097 2732 1132 2774 1)
1160 2731 1214 2772 Cf.
1232 2741 1346 2774 supra
1368 2741 1404 2773 p.
1420 2731 1476 2772 93,
1501 2740 1535 2763 n.
1550 2730 1583 2764 2.
1657 2729 1694 2772 2)
1719 2727 1830 2771 Apud

334 2793 419 2825 quos
451 2793 572 2815 revera
606 2792 781 2825 nusquam
815 2780 911 2822 fuat,-
948 2780 993 2821 εἴ.
1028 2789 1140 2822 supra
1174 2790 1211 2822 p.
1241 2779 1304 2820 80,
1340 2788 1376 2811 n.
1408 2778 1441 2811 2.
1500 2776 1610 2819 Apud
1642 2776 1826 2808 Annonem

333 2840 507 2862 summam
527 2831 733 2871 potestatem
758 2839 792 2863 α.
813 2828 914 2863 1066.
941 2827 1054 2868 fuisse
1078 2829 1224 2859 constat.
1347 2825 1382 2867 3)
1408 2824 1535 2866 Lamp.
1562 2827 1660 2856 caute
1688 2822 1828 2856 silentio

334 2877 420 2910 tescit
445 2876 538 2909 hunc
563 2877 726 2909 Amwnis
750 2879 903 2918 nepotem
927 2875 1048 2915 fuisse.
1099 2873 1222 2906 Nescio
1246 2882 1294 2905 an
1319 2870 1507 2904 Hazzecha
1533 2873 1646 2903 ntater
1670 2869 1876 2903 Cunom'sw

333 2923 560 2965 (Theoderici
583 2923 708 2956 Passio
731 2923 890 2956 Conradi
911 2932 938 2956 c,
959 2923 990 2964 1,
1019 2920 1083 2955 SS.
1103 2919 1207 2962 VIII,
1229 2931 1265 2963 p.
1285 2920 1373 2962 214)
1398 2927 1500 2952 soror
1516 2917 1680 2950 Amwnis
1704 2917 1826 2958 fuerit.
