1968 3164
506 219 778 256 LAMPERTI
802 220 1059 258 ANNALES.
1110 221 1157 259 A.
1187 224 1290 259 1054.
1615 227 1660 261 65

148 342 486 399 deprecabatur
516 357 606 394 coe,
639 346 694 386 ut
726 344 890 387 ducem
924 343 1268 395 Gotefriduma,
1302 359 1360 388 ne
1393 346 1504 400 quid
1536 347 1659 389 forte
1675 351 1778 387 1054.

148 402 260 445 mali
299 404 460 446 contra
506 417 603 446 rem
651 403 885 458 publicam
933 404 1292 455 machinaretur,
1339 405 1656 457 observarent;

147 462 541 518 promittebatque
582 463 783 518 seipsum
815 464 911 506 vita
952 464 1120 507 comite
1153 465 1360 520 proximo
1394 479 1514 507 anno
1548 466 1659 507 affu-

145 523 304 564 turum
337 523 397 573 et,
432 522 543 577 quid
575 523 703 565 facto
735 537 850 578 opus
883 526 1015 573 esset,
1050 524 1270 565 visurum.

115 595 134 621 5
292 577 473 636 [Huicb·
492 582 506 606 ¹
553 582 863 625 subdiaconus
914 584 1121 626 toxicum
1173 584 1222 624 in
1275 584 1466 626 calicem
1519 585 1658 626 misit.

147 639 295 694 Quem
337 655 441 683 cum
482 641 580 697 ipse
622 645 726 697 post
768 643 1161 685 consecrationem
1202 643 1355 686 levare
1396 643 1539 686 vellet
1575 659 1660 686 nec

146 702 312 756 posset,
346 715 375 743 a
394 701 597 744 Domino
629 716 814 744 causam
845 703 962 744 facti
991 703 1298 758 inquisiturus
1321 706 1452 746 cum0
1487 704 1660 759 populo

146 760 206 802 ad
227 760 485 803 orationem
507 762 828 816 prosternitur,
864 763 1114 817 statimque
1146 763 1377 805 toxicator
1408 777 1436 804 a
1466 764 1660 806 demone

147 817 413 875 arripiturd.
477 820 555 862 Ita
595 821 741 876 igitur
782 836 920 863 causa
952 823 1265 874 manifestata,
1311 823 1507 865 domnus
1539 837 1660 878 papa

100 895 135 920 ιο
147 879 337 922 calicem
370 894 475 922 cum
508 881 732 935 sanguine
765 881 996 924 dominico
1030 882 1213 924 cuidam
1255 882 1394 924 altari
1429 883 1565 924 iussit
1595 883 1660 924 in-

147 938 274 981 cludi
305 941 353 982 et
383 953 467 995 pro
498 939 705 995 reliquiis
736 940 786 981 in
817 943 1094 996 perpetuum
1139 942 1413 984 conservari.
1477 943 1659 985 Deinde

146 998 315 1041 iterum
356 1012 462 1041 cum
503 999 676 1055 populo
716 1001 898 1042 tamdiu
937 1001 996 1042 ad
1036 1001 1293 1044 orationem
1333 1002 1654 1056 prosternitur,

147 1072 385 1114 quousque
417 1059 727 1101 subdiaconus
759 1074 786 1101 a
818 1061 1032 1103 demonio
1065 1058 1368 1115 liberaretur.]

291 1117 553 1161 Fridericus
585 1119 938 1162 archidiaconus
972 1119 1379 1176 Constantinopoli
1411 1135 1656 1176 regressus,

98 1191 134 1218 15
146 1177 228 1220 ubi
267 1178 493 1233 comperit
524 1178 727 1221 Leonem
768 1193 936 1235 papam
977 1180 1192 1222 humanis
1234 1181 1372 1223 rebus
1413 1181 1658 1223 excessisse

146 1238 194 1279 et
215 1236 359 1278 alium
390 1237 483 1279 iam
505 1237 807 1280 ecclesiastici
838 1240 1076 1294 regiminis
1107 1240 1207 1281 iura
1237 1240 1503 1295 suscepisse,
1538 1241 1660 1282 dona

145 1296 331 1351 quidem
346 1330 356 1347 ,
398 1311 516 1352 quae
556 1298 641 1340 abe
679 1298 959 1354 imperatore
999 1299 1521 1355 Constantinopolitano
1562 1314 1656 1355 per-

145 1356 393 1411 magnifica
438 1357 680 1400 deferebat
695 1359 722 1408 ²,
772 1358 1022 1401 aecclesiae
1069 1359 1305 1402 Romanae
1353 1359 1655 1414 consignavit,

146 1417 194 1458 et
232 1416 391 1458 statim
423 1416 550 1459 Urbe
591 1418 816 1460 excedens
854 1418 904 1459 in
943 1419 1274 1461 monasterium
1315 1415 1564 1460 Casinumf
1610 1433 1657 1461 se
1674 1425 1779 1460 1055.

97 1475 348 1518 zocontulit
360 1475 388 1526 3,
428 1476 496 1518 ibi
537 1477 754 1532 deinceps
787 1477 974 1520 Christo
1016 1479 1100 1520 sub
1139 1481 1326 1521 sanctae
1359 1479 1658 1534 professionis

144 1534 287 1578 titulo
318 1535 618 1578 militaturus.
669 1536 805 1589 Quod
835 1538 1015 1580 factum
1049 1538 1168 1581 male
1197 1539 1406 1593 plerique
1437 1539 1658 1594 interpre-

144 1594 381 1637 tabantur.
430 1595 522 1638 Sed
543 1610 678 1639 nemo
711 1597 791 1652 qui
823 1611 986 1639 sanum
1019 1598 1230 1653 sapiebat
1262 1598 1399 1640 aliter
1431 1599 1518 1640 hoc
1551 1612 1657 1641 eum

145 1667 283 1708 quam
305 1655 469 1698 ardore
492 1656 599 1698 fidei
633 1658 680 1699 et
699 1657 828 1699 tedio
851 1657 1129 1699 secularium
1162 1658 1459 1712 negociorum
1491 1658 1656 1700 fecisse

146 1713 378 1765 credebat,
411 1715 654 1770 presertim
677 1730 781 1758 cum
804 1717 965 1758 eodem
997 1719 1206 1771 tempore
1239 1720 1286 1759 et
1318 1717 1446 1772 longi
1477 1717 1657 1759 itineris

97 1786 132 1812 85
145 1772 303 1815 labore
335 1774 588 1816 exhaustus
621 1777 668 1817 et
700 1775 829 1830 gravi
851 1776 1054 1831 corporis
1087 1776 1300 1818 molestia
1332 1777 1543 1831 pulsatus
1577 1777 1657 1818 diu

147 1846 194 1874 se
226 1846 359 1887 posse
391 1833 543 1876 vivere
576 1834 854 1889 desperaret.

145 1973 175 2002 a)
194 1971 318 1998 Godefr.
339 1972 403 1998 Al.
496 1973 526 2004 b)
546 1973 615 1998 haec
634 1974 694 1999 iam
714 1975 919 2006 supraposita
937 1975 1040 2004 Bl.:2,
1062 1983 1087 2000 ι’.
1103 1983 1136 2007 p.
1158 1975 1203 2006 ⁶4,
1224 1984 1252 2001 n.
1267 1984 1296 2008 q.
1391 1978 1418 2007 c)
1439 1977 1482 2000 bis
1499 1984 1556 2002 scr.
1577 1975 1656 2002 Blb.

146 2007 178 2038 d)
196 2008 356 2040 corripitur
375 2008 437 2034 ΒΞ.
521 2009 550 2042 e)
569 2016 587 2034 a
606 2009 708 2036 Const.
730 2010 802 2042 imp.
822 2010 904 2036 B1b.
989 2012 1013 2042 f)
1031 2010 1187 2037 Cassinum
1208 2011 1234 2036 B
1247 2012 1274 2037 2.
1295 2011 1334 2037 H.
1357 2011 1395 2037 N.

147 2128 183 2171 1)
209 2126 295 2163 Sctl.
318 2127 454 2162 Victori
474 2127 526 2164 II.
547 2139 679 2172 papae.
728 2129 837 2172 Haec,
864 2140 954 2173 quae
979 2131 1027 2163 ad
1053 2130 1194 2164 verbum
1219 2141 1298 2164 cum
1324 2130 1499 2164 Bernoldt'
1524 2131 1656 2167 Chrou.

98 2182 179 2210 δθα.
198 2175 304 2219 1054,
341 2175 405 2211 SS.
427 2175 466 2219 V,
496 2187 536 2220 p.
563 2177 635 2213 426
659 2188 710 2221 sq.
746 2179 964 2222 conveniunt,
1003 2179 1040 2212 in
1076 2179 1239 2222 maryine
1272 2179 1401 2212 codicis
1438 2179 1659 2222 autom-(ephi

144 2222 334 2266 Lamperta·
359 2227 482 2267 postea
515 2224 679 2268 suppleta
714 2225 828 2267 fuisse
858 2229 976 2269 patet,
1015 2227 1118 2268 siquo
1146 2227 1264 2270 posito
1302 2227 1350 2260 ad
1385 2225 1655 2271 Gebehardum,

144 2280 222 2304 cum
257 2270 333 2305 alio
358 2271 429 2305 loco
465 2272 503 2305 in
527 2273 573 2315 A,
610 2273 684 2306 alio
714 2274 753 2306 in
777 2273 874 2309 codd.
901 2273 934 2306 B
959 2285 999 2308 ea
1026 2274 1204 2317 Ieyantur,
1240 2284 1300 2308 nec
1330 2285 1524 2318 pronomen
1558 2273 1656 2309 Huic

144 2319 259 2352 κειται·
280 2318 470 2362 Lamperti
491 2321 682 2356 conveniat.
732 2321 804 2355 Nec
827 2332 912 2355 sane
937 2322 1019 2355 stilo
1036 2322 1270 2365 Lampertino
1295 2321 1379 2356 haec
1404 2323 1538 2366 scripta
1562 2327 1655 2358 sunt.

144 2365 214 2399 Sed
236 2366 472 2404 excedit-ibus
487 2367 677 2411 Lampem
699 2368 784 2402 haec
804 2370 1070 2413 eoescraPsertmt
1092 2370 1189 2404 Arm.
1209 2369 1307 2403 Samo
1331 2380 1365 2405 (ι.
1382 2371 1485 2413 1055,
1511 2370 1574 2405 SS.
1593 2371 1653 2413 VI,

97 2420 179 2456 361).
205 2413 287 2458 690,
323 2417 354 2448 et
385 2414 506 2456 frater
535 2414 661 2449 Minor
684 2416 972 2459 Erphordieneis
1004 2418 1041 2450 in
1068 2417 1201 2452 chron.
1228 2417 1381 2459 Minore,
1419 2418 1483 2454 SS.
1510 2418 1653 2461 XXIV,

140 2471 180 2504 p.
207 2461 276 2498 189
302 2472 368 2505 sqq
407 2461 465 2495 hic
498 2472 542 2496 εει·
570 2463 682 2497 codice
714 2463 750 2499 S.
777 2464 879 2498 Petri
902 2465 1197 2508 Etphordiensis.
1248 2465 1316 2499 Sed
1341 2465 1469 2500 Heinr.
1495 2466 1537 2498 de
1562 2466 1655 2499 Her-

145 2509 283 2552 vorda'a,
310 2510 375 2552 qui
386 2519 427 2552 p.
442 2511 523 2546 109.
538 2511 787 2554 praecedentia
809 2513 997 2556 exscripsit
1018 2514 1065 2554 (et
1082 2523 1161 2546 cum
1179 2514 1212 2546 A
1230 2513 1331 2546 habet
1349 2511 1544 2556 datisque),
1572 2513 1656 2548 haec

145 2565 216 2590 non
235 2556 392 2600 praebet.
489 2559 527 2601 2)
554 2558 612 2600 Cf.
637 2559 708 2593 Leo
733 2559 855 2595 Castu.
881 2560 933 2603 II,
953 2561 1011 2603 85,
1039 2560 1102 2596 SS.
1124 2560 1206 2603 VH,
1230 2572 1267 2603 p.
1287 2562 1367 2596 (386.
1420 2562 1491 2602 Qut?
1513 2561 1654 2603 quictem

144 2603 268 2637 scribit
297 2604 564 2639 Trasmtmdum
595 2607 751 2641 comitem
782 2607 968 2641 Teaiinum
995 2608 1121 2651 leyatis
1145 2609 1260 2651 captis
1294 2609 1413 2641 onmia
1448 2619 1537 2651 quae
1563 2609 1656 2649 fere-

95 2659 132 2684 40
145 2650 229 2684 bant
266 2651 464 2696 abetnla‘sse,
502 2653 563 2688 sed
598 2664 625 2688 c.
651 2655 709 2690 86.
751 2654 836 2688 dicit
873 2655 1103 2689 Fridericum
1141 2655 1449 2699 Constantinopoli
1486 2666 1654 2698 nmquam

139 2699 330 2740 pecuniam
354 2710 469 2733 secum
488 2705 663 2744 pmiasse.
715 2702 772 2744 Cf.
800 2703 895 2738 Anu.
923 2703 1036 2746 Rom„
1064 2703 1128 2738 SS.
1154 2703 1194 2746 V,
1218 2715 1255 2746 p.
1282 2705 1364 2739 470.
1473 2706 1509 2746 3)
1539 2703 1655 2737 Mense

145 2744 252 2779 Iunio
275 2757 309 2781 a.
330 2748 434 2784 1055.
460 2748 513 2781 vel
530 2749 645 2791 paulo
664 2754 757 2792 post.
802 2750 887 2784 Vide
912 2751 1011 2794 apud
1035 2751 1183 2784 Leonem
1211 2751 1331 2785 δαείη.
1359 2751 1411 2793 ΙΙ,
1430 2752 1489 2793 86,
1517 2762 1587 2794 qua
1613 2752 1655 2784 de

144 2802 254 2826 causa
280 2794 318 2827 in
343 2797 594 2830 monasterium
621 2798 807 2833 secesserit.
856 2798 1110 2841 (Privileyium
1134 2799 1287 2832 Victor-Is
1312 2798 1364 2833 ΙΙ.
1388 2809 1505 2841 papae
1530 2799 1653 2831 (latum.

145 2850 179 2875 α.
198 2841 303 2883 1055,
332 2840 402 2876 Od.
419 2843 477 2878 29.
500 2853 568 2885 per
592 2854 737 2878 manum
763 2845 873 2879 huius
889 2846 1072 2879 Fre’derici
1094 2846 1315 2887 camellarii,
1343 2846 1449 2887 Jaffe'
1472 2848 1652 2886 »ηπ-1339,

94 2888 336 2929 459emcinum
362 2898 431 2922 non
454 2892 531 2932 est).

1342 2966 1364 2999 5
