1950 3302
329 333 446 372 XXII
859 311 1154 355 PRAEFATIO
1181 309 1219 347 O.
1237 307 1289 344 H.

481 451 587 496 Cum
618 447 684 490 his
716 441 926 488 codicibus
956 437 1004 480 in
1036 432 1226 477 omnibus
1257 427 1374 471 haud
1414 422 1536 468 dubie
1576 417 1829 465 conveniunt

336 513 494 558 codices
532 505 680 562 maqni
721 497 954 556 leqendarii
985 489 1224 542 Austriaci,
1262 485 1340 541 qui
1370 483 1515 527 Vitam
1543 478 1665 524 Luni
1701 473 1827 522 conti-
1867 493 1872 498 ·

336 576 456 625 nent,
508 568 580 623 lc)
627 556 955 608 Zwetlensis
1001 567 1067 596 nr.
1106 554 1177 602 14,
1225 546 1396 589 membr.
1444 554 1552 585 saec.
1587 537 1744 592 XIII,
1790 537 1830 579 et

342 632 421 684 ld)
455 620 808 671 Mellicensis
838 617 955 668 M7‚
997 611 1166 654 membr.
1199 619 1305 649 saec.
1333 602 1438 655 XV,
1480 598 1631 654 quippe
1668 595 1745 651 qui
1779 593 1831 638 in

339 690 488 733 iisdem
517 683 654 728 verbis
686 684 806 733 atque
842 681 911 718 la.
941 674 995 715 lb
1027 668 1224 713 desinant
1257 661 1333 716 (cf.
1358 658 1546 704 ‘Archiv'
1581 656 1640 710 X,
1664 670 1712 711 p.
1728 655 1861 699 6462*

342 752 441 791 655.
483 743 630 796 VIII,
659 756 704 794 p.
732 737 865 791 724);
915 732 988 787 le)
1023 721 1381 771 Monacensis
1422 718 1518 762 bibl.
1550 714 1693 771 reyiae
1731 713 1831 757 Lat.

343 821 410 850 nr.
444 806 583 847 18171
629 798 750 852 (Teq.
787 794 910 848 171),
952 803 1058 832 saec.
1094 785 1199 838 XV,
1242 781 1315 836 qui
1354 779 1450 832 refe
1470 781 1561 821 ente
1605 773 1660 819 G.
1689 770 1835 820 Waiee

345 869 381 909 b.
413 879 467 907 m.
492 859 646 916 paucis
675 854 812 899 verbis
843 849 1036 905 superius
1066 858 1193 899 quam
1228 847 1246 883 1
1259 841 1377 883 a——d
1408 835 1574 881 desinit.
1750 843 1753 848 ·

487 922 586 963 Iam
618 931 710 960 cum
738 912 928 968 priorem
959 905 1181 950 editionem
1211 900 1333 944 Vitae
1364 895 1485 940 Lulli
1511 903 1834 950 praepararant,

347 981 728 1025 animadverteram
758 973 806 1014 in
837 968 973 1013 codice
1010 970 1030 1007 1
1065 962 1272 1017 quaedam
1301 957 1428 1011 siqna
1457 950 1664 1006 inveniri,
1705 961 1886 1004 nequem

348 1047 498 1092 tamen,
526 1036 628 1090 quid
657 1033 713 1076 iis
743 1029 976 1073 indicatum
1005 1023 1071 1076 sit,
1105 1022 1154 1064 in
1175 1021 1250 1062 hoc
1272 1016 1408 1061 codice
1439 1025 1656 1069 apparere,
1686 1009 1839 1052 iisdem

348 1113 444 1142 cero
478 1096 578 1139 locis
607 1094 656 1136 in
687 1089 823 1134 codice
844 1081 1118 1138 Erlanqensi,
1152 1081 1201 1122 de
1232 1091 1312 1131 quo
1342 1088 1440 1118 mox
1470 1072 1643 1124 dicetur,
1675 1066 1840 1112 addita·

351 1161 491 1200 menta
522 1154 727 1208 quaedam
759 1147 838 1201 leqi
870 1160 919 1188 ea
950 1142 1115 1186 ratione
1152 1140 1359 1190 concepta,
1400 1137 1448 1177 ut
1485 1146 1515 1174 a
1552 1128 1718 1173 nemine
1753 1124 1843 1170 nisi

352 1219 403 1259 ab
435 1218 601 1258 auctore
641 1210 761 1253 Vitae
792 1207 883 1260 ipso
914 1204 1015 1246 haec
1038 1203 1186 1255 postea
1216 1196 1378 1238 inserta
1408 1205 1495 1235 esse
1517 1191 1676 1244 pateat.
1720 1185 1844 1229 Haec

353 1275 478 1318 etiam
509 1270 631 1314 docui
661 1280 847 1311 sermone
879 1277 965 1305 non
996 1260 1134 1303 dicam
1165 1252 1455 1308 Lampertino,
1495 1250 1570 1292 sed
1607 1261 1689 1302 qao
1724 1256 1844 1288 nem
1857 1254 1892 1285 ιθ
1943 1296 1946 1297 ⁷

355 1333 441 1376 nisi
474 1332 724 1383 Lampertus
762 1324 824 1367 uti
856 1320 1072 1376 potuisset,
1114 1314 1350 1368 conscripta
1388 1324 1487 1363 esse,
1528 1311 1576 1350 ut
1604 1306 1694 1349 mm
1723 1302 1846 1348 nulla

357 1390 560 1436 dubitatio
596 1386 873 1438 relinquatur,
921 1379 1024 1434 quin
1065 1378 1165 1419 haec
1204 1373 1253 1416 in
1291 1369 1467 1414 scidulis
1502 1361 1845 1416 membranaceis,

358 1464 463 1505 quae
486 1445 708 1502 perierint,
742 1441 872 1485 codici
904 1436 1163 1491 autoqraplto
1195 1430 1348 1485 affixis
1370 1431 1520 1483 postea
1550 1423 1700 1468 addita
1719 1419 1847 1466 sintk

360 1510 410 1551 Is
441 1513 538 1550 tunc
568 1505 681 1547 solus
711 1500 931 1554 scrupulus
961 1496 1214 1546 remanebat,
1256 1490 1367 1544 quod
1405 1487 1454 1530 in
1492 1486 1572 1528 hac
1609 1479 1851 1527 recensione

370 1567 490 1611 Vitae
531 1563 648 1607 Lulli
689 1565 872 1604 extrema
913 1555 1063 1610 capita,
1109 1566 1215 1607 quae
1254 1550 1303 1592 in
1344 1546 1480 1591 codice
1519 1540 1794 1597 wutoyraphov
1825 1541 1899 1581 Lao

363 1628 568 1680 lequntur,
611 1621 766 1664 omissa
805 1620 949 1660 essen-t.
1035 1615 1163 1667 Quem
1202 1607 1446 1662 scrupulum
1484 1603 1548 1647 ita
1586 1598 1853 1645 emimendum

364 1699 448 1727 esse
480 1682 711 1725 arbitratus
740 1692 844 1730 sum,
877 1680 923 1718 ut
953 1673 1181 1717 conicercm
1205 1669 1316 1711 hanc
1342 1665 1462 1708 Vitae
1492 1659 1776 1706 recensionem
1803 1652 1854 1701 in

365 1743 499 1787 codice
521 1737 782 1792 Erlanqensi
813 1749 862 1778 ex
893 1730 1122 1786 exemplari
1148 1725 1367 1771 monachis
1387 1719 1676 1767 Fuldensibus
1705 1731 1734 1760 a
1763 1715 1855 1770 fra·

366 1802 499 1844 tribus
539 1794 911 1850 Hersfeldensibus
951 1789 1200 1834 transmisso
1241 1783 1494 1838 descriptam
1532 1793 1636 1832 esse,
1684 1775 1736 1819 in
1773 1786 1855 1829 quo

366 1865 550 1903 extrema
582 1856 721 1910 capita
751 1855 843 1897 ideo
875 1851 1030 1894 omissa
1050 1851 1185 1891 essent
1197 1848 1225 1900 2,
1258 1845 1369 1898 quod
1398 1844 1545 1884 auctor
1574 1837 1624 1880 in
1653 1835 1716 1879 eis
1737 1837 1907 1889 pem-«fn,

368 1921 505 1962 lanter
534 1917 582 1959 in
612 1914 835 1957 monachos
856 1911 1091 1953 Fuldenses
1121 1907 1308 1949 invectus
1338 1905 1454 1954 essct,
1478 1894 1735 1953 praesertim
1764 1905 1859 1936 cum

369 1978 742 2020 animadverterem
764 1971 899 2014 codice
916 1965 1178 2021 Erlanqensi
1195 1961 1472 2007 collectionem
1488 1956 1685 2001 Vitarum
1699 1954 1858 1996 saneto-

370 2050 465 2078 rum
497 2032 776 2076 Fuldensium
815 2027 1033 2072 contineri.
1096 2025 1192 2067 Hoc
1222 2022 1311 2064 iam
1342 2033 1426 2073 pro
1458 2020 1567 2060 certo
1606 2010 1754 2056 haberi
1783 2020 1882 2067 pos

373 2094 480 2136 terit.
546 2092 662 2134 Nam
692 2093 840 2131 nactus
871 2087 1003 2129 alium
1035 2084 1214 2128 codicem
1244 2080 1386 2124 Vitam
1416 2074 1538 2119 Lulli
1570 2071 1859 2122 continentem
1890 2095 1891 2098 =

375 2166 493 2206 quem
533 2155 631 2192 tunc
669 2147 834 2201 quidem
874 2149 1036 2188 exstare
1075 2154 1286 2193 noveram,
1328 2137 1402 2180 sed
1438 2148 1540 2178 casu
1578 2132 1754 2175 adverso
1794 2124 1922 2174 ὀδ-ἡ

375 2210 560 2253 veniente
590 2206 819 2250 exscribere
850 2218 936 2246 non
958 2207 1192 2256 potueram,
1225 2195 1371 2240 inveni
1400 2195 1545 2237 eadem
1573 2190 1671 2244 ipsa
1700 2185 1878 2231 addssffi‘

376 2272 528 2320 menta,
561 2280 666 2319 quae
696 2265 745 2306 in
775 2261 1035 2315 Erlanyensi
1067 2259 1203 2303 codice
1234 2258 1441 2311 lequntur,
1471 2253 1697 2305 praeterea
1725 2248 1866 2291 autea·

379 2332 604 2370 extremam
635 2327 804 2377 partem
836 2321 974 2374 libelli,
1017 2333 1142 2373 quam
1181 2317 1231 2360 in
1270 2314 1387 2358 nullo
1425 2311 1511 2367 alio
1552 2307 1688 2352 codice
1726 2303 1867 2357 adfice
1931 2310 1946 2320 ⁹

382 2387 572 2439 leqeram.
642 2382 746 2425 Cum
777 2380 888 2422 enim
919 2381 1044 2422 codex
1075 2374 1296 2430 Lamperti
1335 2368 1623 2425 autoqraphus
1650 2365 1701 2408 in
1721 2361 1869 2418 primo
1907 2397 1910 2398 ⁷

381 2443 584 2485 miraculo
615 2441 663 2483 in
694 2438 970 2482 translatione
1004 2438 1048 2480 S.
1071 2435 1190 2478 Lulli
1230 2432 1337 2486 facti
1375 2428 1516 2472 media
1553 2422 1762 2469 sententia
1799 2418 1917 2466 alt-3³}
1938 2427 1950 2462 f

382 2506 508 2554 rupta
548 2500 724 2551 desinat,
765 2497 814 2539 in
855 2497 928 2538 hoc
968 2496 1103 2538 codice
1135 2499 1172 2536 et
1202 2494 1277 2535 hoc
1316 2488 1571 2532 miraculum
1601 2485 1660 2526 ad
1689 2478 1871 2525 debitam

385 2562 512 2612 finem
534 2560 783 2612 perductum
814 2559 884 2607 est,
927 2559 964 2596 et
1000 2554 1090 2596 alia
1128 2556 1307 2606 quatuor
1337 2546 1548 2591 miracula
1578 2541 1728 2586 addita
1756 2538 1950 2583 suna-Q..

386 2619 570 2670 Insuper
601 2616 726 2658 etiam
757 2618 934 2656 extremo
965 2613 1098 2665 capite
1119 2615 1265 2653 auctor
1285 2606 1466 2661 eoeponit,
1499 2617 1579 2658 quo
1609 2597 1785 2645 consilio
1813 2592 1875 2650 ad
1949 2631 1950 2634 η

393 2769 425 2811 1)
454 2768 510 2802 ¹N.
530 2766 676 2799 Archiv’
702 2765 772 2807 IX,
802 2775 838 2807 p.
856 2765 1072 2798 314—317.
1123 2762 1231 2795 Nullo
1255 2762 1335 2794 iure
1365 2759 1408 2793 F.
1430 2756 1536 2791 Stolle
1565 2755 1605 2788 in
1632 2751 1740 2786 ‘Hem
1756 2746 1885 2783 Jahn:
1943 2770 1946 2775 -

392 2813 488 2846 buch’
515 2813 631 2854 XIII,
654 2823 693 2855 p.
711 2812 791 2846 444.
818 2811 856 2843 in
880 2810 986 2843 dubio
1010 2810 1162 2852 reliquit,
1196 2818 1284 2841 num
1308 2806 1552 2840 additanwnta
1585 2799 1715 2834 codicis
1730 2794 1924 2831 >Erum-m

392 2861 508 2902 yensis
533 2859 576 2891 ab
600 2860 676 2902 ipso
698 2859 887 2899 Lamperto
911 2858 1109 2898 conscripta
1132 2856 1215 2888 sint.
1325 2854 1361 2896 2)
1389 2851 1530 2885 Omissa
1552 2849 1624 2882 sive
1647 2857 1671 2880 a
1695 2840 1878 2878 monasth

394 2906 712 2960 Ilersfelclensibus,
738 2914 780 2936 ne
797 2904 990 2936 Fuldenses
1015 2903 1287 2944 offenderentur,
1313 2901 1383 2934 sive
1405 2910 1430 2931 a
1446 2893 1697 2935 Fuldensibus,
1721 2900 1767 2925 m
1789 2893 1879 2933 m

395 2963 434 2985 in
459 2962 617 2996 ipsorum
643 2951 815 2984 invidiam
840 2951 890 2982 ibi
915 2950 1128 2992 legebantur,
1156 2949 1200 2980 ab
1224 2948 1315 2990 ipsis
1338 2945 1629 2979 describerentur.
