<?xml version="1.0" encoding="UTF-8"?>
<!DOCTYPE html PUBLIC "-//W3C//DTD XHTML 1.0 Transitional//EN"
    "http://www.w3.org/TR/xhtml1/DTD/xhtml1-transitional.dtd">
<html xmlns="http://www.w3.org/1999/xhtml" xml:lang="en" lang="en">
 <head>
  <title>
</title>
<meta http-equiv="Content-Type" content="text/html;charset=utf-8" />
  <meta name='ocr-system' content='tesseract 3.04.00' />
  <meta name='ocr-capabilities' content='ocr_page ocr_carea ocr_par ocr_line ocrx_word'/>
</head>
<body>
  <div class='ocr_page' id='page_1' title='image "./lampertimonachih00lambuoft_0255.png"; bbox 0 0 1968 3164; ppageno 0'>
   <div class='ocr_carea' id='block_1_1' title="bbox 572 261 1726 314">
    <p class='ocr_par' dir='ltr' id='par_1_1' title="bbox 572 261 1726 314">
     <span class='ocr_line' id='line_1_1' title="bbox 572 261 1726 314; baseline 0.016 -18"><span class='ocrx_word' id='word_1_1' title='bbox 572 261 844 300; x_wconf 76' lang='lat' dir='ltr'><strong>LAMPERTI</strong></span> <span class='ocrx_word' id='word_1_2' title='bbox 868 265 1123 305; x_wconf 80' lang='lat' dir='ltr'>ANNALES.</span> <span class='ocrx_word' id='word_1_3' title='bbox 1174 270 1220 307; x_wconf 81' lang='lat' dir='ltr'>A.</span> <span class='ocrx_word' id='word_1_4' title='bbox 1249 273 1353 309; x_wconf 88' lang='lat'>1074.</span> <span class='ocrx_word' id='word_1_5' title='bbox 1660 280 1726 314; x_wconf 76' lang='lat'>179</span> 
     </span>
    </p>
   </div>
   <div class='ocr_carea' id='block_1_2' title="bbox 70 385 1899 2711">
    <p class='ocr_par' dir='ltr' id='par_1_2' title="bbox 70 385 1899 2711">
     <span class='ocr_line' id='line_1_2' title="bbox 211 385 1842 453; baseline 0.013 -32"><span class='ocrx_word' id='word_1_6' title='bbox 211 393 393 436; x_wconf 89' lang='lat' dir='ltr'>quoque</span> <span class='ocrx_word' id='word_1_7' title='bbox 425 385 558 438; x_wconf 86' lang='lat' dir='ltr'>parte</span> <span class='ocrx_word' id='word_1_8' title='bbox 580 387 732 428; x_wconf 88' lang='lat' dir='ltr'>castra</span> <span class='ocrx_word' id='word_1_9' title='bbox 754 386 987 431; x_wconf 79' lang='lat' dir='ltr'><strong>Saxonum</strong></span> <span class='ocrx_word' id='word_1_10' title='bbox 1020 405 1114 433; x_wconf 91' lang='lat' dir='ltr'>non</span> <span class='ocrx_word' id='word_1_11' title='bbox 1140 393 1332 436; x_wconf 85' lang='lat' dir='ltr'>minima</span> <span class='ocrx_word' id='word_1_12' title='bbox 1357 397 1591 441; x_wconf 79' lang='lat' dir='ltr'>sedicione</span> <span class='ocrx_word' id='word_1_13' title='bbox 1618 414 1723 453; x_wconf 88' lang='lat' dir='ltr'>qua·</span> <span class='ocrx_word' id='word_1_14' title='bbox 1739 401 1842 437; x_wconf 83' lang='lat'>1074·</span> 
     </span>
     <span class='ocr_line' id='line_1_3' title="bbox 211 439 1899 516; baseline 0.012 -34"><span class='ocrx_word' id='word_1_15' title='bbox 211 439 462 484; x_wconf 86' lang='lat' dir='ltr'>tiebantur.</span> <span class='ocrx_word' id='word_1_16' title='bbox 529 443 667 487; x_wconf 84' lang='lat' dir='ltr'>Plebs</span> <span class='ocrx_word' id='word_1_17' title='bbox 700 446 915 490; x_wconf 86' lang='lat' dir='ltr'>universa</span> <span class='ocrx_word' id='word_1_18' title='bbox 947 451 1327 496; x_wconf 76' lang='lat' dir='ltr'><strong>tumultuabatur</strong></span> <span class='ocrx_word' id='word_1_19' title='bbox 1359 458 1521 498; x_wconf 88' lang='lat' dir='ltr'>contra</span> <span class='ocrx_word' id='word_1_20' title='bbox 1559 459 1722 513; x_wconf 90' lang='lat' dir='ltr'>princi·</span> <span class='ocrx_word' id='word_1_21' title='bbox 1735 447 1899 516; x_wconf 53' lang='lat' dir='ltr'>(fl-JZ;‚²1³³)†⁴</span> 
     </span>
     <span class='ocr_line' id='line_1_4' title="bbox 210 501 1721 573; baseline 0.013 -32"><span class='ocrx_word' id='word_1_22' title='bbox 210 513 303 554; x_wconf 86' lang='lat' dir='ltr'>pes,</span> <span class='ocrx_word' id='word_1_23' title='bbox 337 501 460 556; x_wconf 89' lang='lat' dir='ltr'>quod</span> <span class='ocrx_word' id='word_1_24' title='bbox 493 516 541 545; x_wconf 88' lang='lat' dir='ltr'>se</span> <span class='ocrx_word' id='word_1_25' title='bbox 572 503 749 547; x_wconf 82' lang='lat' dir='ltr'>frustra</span> <span class='ocrx_word' id='word_1_26' title='bbox 780 507 830 548; x_wconf 90' lang='lat' dir='ltr'>in</span> <span class='ocrx_word' id='word_1_27' title='bbox 861 509 1018 551; x_wconf 85' lang='lat' dir='ltr'>tantas</span> <span class='ocrx_word' id='word_1_28' title='bbox 1051 510 1279 554; x_wconf 88' lang='lat' dir='ltr'>bellorum</span> <span class='ocrx_word' id='word_1_29' title='bbox 1313 516 1540 569; x_wconf 86' lang='lat' dir='ltr'>procellas</span> <span class='ocrx_word' id='word_1_30' title='bbox 1577 518 1721 573; x_wconf 89' lang='lat' dir='ltr'>impu-</span> 
     </span>
     <span class='ocr_line' id='line_1_5' title="bbox 209 558 1722 630; baseline 0.013 -30"><span class='ocrx_word' id='word_1_31' title='bbox 209 558 382 603; x_wconf 81' lang='lat' dir='ltr'>lissent.</span> <span class='ocrx_word' id='word_1_32' title='bbox 443 561 559 604; x_wconf 86' lang='lat' dir='ltr'>Cum</span> <span class='ocrx_word' id='word_1_33' title='bbox 593 564 716 606; x_wconf 91' lang='lat' dir='ltr'>enim</span> <span class='ocrx_word' id='word_1_34' title='bbox 748 581 872 609; x_wconf 90' lang='lat' dir='ltr'>nunc</span> <span class='ocrx_word' id='word_1_35' title='bbox 903 568 1146 612; x_wconf 85' lang='lat' dir='ltr'>victoriam</span> <span class='ocrx_word' id='word_1_36' title='bbox 1179 573 1335 615; x_wconf 90' lang='lat' dir='ltr'>omnia</span> <span class='ocrx_word' id='word_1_37' title='bbox 1367 576 1639 630; x_wconf 84' lang='lat' dir='ltr'>spondeant,</span> <span class='ocrx_word' id='word_1_38' title='bbox 1675 582 1722 621; x_wconf 91' lang='lat' dir='ltr'>et</span> 
     </span>
     <span class='ocr_line' id='line_1_6' title="bbox 177 621 1720 685; baseline 0.014 -26"><span class='ocrx_word' id='word_1_39' title='bbox 177 621 501 674; x_wconf 71' lang='lat' dir='ltr'>mportunitas</span> <span class='ocrx_word' id='word_1_40' title='bbox 533 623 592 682; x_wconf 71' lang='lat' dir='ltr'>ad</span> <span class='ocrx_word' id='word_1_41' title='bbox 614 626 773 666; x_wconf 90' lang='lat' dir='ltr'>votum</span> <span class='ocrx_word' id='word_1_42' title='bbox 801 627 1016 680; x_wconf 79' lang='lat' dir='ltr'>arrideat,</span> <span class='ocrx_word' id='word_1_43' title='bbox 1051 630 1110 671; x_wconf 93' lang='lat' dir='ltr'>ad</span> <span class='ocrx_word' id='word_1_44' title='bbox 1133 645 1271 685; x_wconf 92' lang='lat' dir='ltr'>quam</span> <span class='ocrx_word' id='word_1_45' title='bbox 1303 633 1360 675; x_wconf 91' lang='lat' dir='ltr'>ab</span> <span class='ocrx_word' id='word_1_46' title='bbox 1395 636 1581 678; x_wconf 88' lang='lat' dir='ltr'>exordio</span> <span class='ocrx_word' id='word_1_47' title='bbox 1609 637 1720 680; x_wconf 91' lang='lat' dir='ltr'>belli</span> 
     </span>
     <span class='ocr_line' id='line_1_7' title="bbox 207 678 1719 752; baseline 0.012 -32"><span class='ocrx_word' id='word_1_48' title='bbox 207 678 538 724; x_wconf 82' lang='lat' dir='ltr'>anhelantibus</span> <span class='ocrx_word' id='word_1_49' title='bbox 580 697 761 739; x_wconf 85' lang='lat' dir='ltr'>semper</span> <span class='ocrx_word' id='word_1_50' title='bbox 804 687 970 729; x_wconf 90' lang='lat' dir='ltr'>animis</span> <span class='ocrx_word' id='word_1_51' title='bbox 1013 691 1387 745; x_wconf 83' lang='lat' dir='ltr'>suspiravissent,</span> <span class='ocrx_word' id='word_1_52' title='bbox 1431 695 1521 749; x_wconf 88' lang='lat' dir='ltr'>ipsi</span> <span class='ocrx_word' id='word_1_53' title='bbox 1563 710 1719 752; x_wconf 91' lang='lat' dir='ltr'>repen-</span> 
     </span>
     <span class='ocr_line' id='line_1_8' title="bbox 206 737 1716 807; baseline 0.013 -28"><span class='ocrx_word' id='word_1_54' title='bbox 206 737 308 780; x_wconf 88' lang='lat' dir='ltr'>tina</span> <span class='ocrx_word' id='word_1_55' title='bbox 358 741 634 795; x_wconf 89' lang='lat' dir='ltr'>penitudine</span> <span class='ocrx_word' id='word_1_56' title='bbox 687 746 910 788; x_wconf 72' lang='lat' dir='ltr'>correctia</span> <span class='ocrx_word' id='word_1_57' title='bbox 969 763 1132 791; x_wconf 89' lang='lat' dir='ltr'>manus</span> <span class='ocrx_word' id='word_1_58' title='bbox 1186 752 1418 807; x_wconf 89' lang='lat' dir='ltr'>supplices</span> <span class='ocrx_word' id='word_1_59' title='bbox 1471 753 1716 807; x_wconf 74' lang='lat' dir='ltr'>tendantb,</span> 
     </span>
     <span class='ocr_line' id='line_1_9' title="bbox 206 802 1718 863; baseline 0.013 -24"><span class='ocrx_word' id='word_1_60' title='bbox 206 811 366 852; x_wconf 87' lang='lat' dir='ltr'>pacem</span> <span class='ocrx_word' id='word_1_61' title='bbox 399 802 563 855; x_wconf 89' lang='lat' dir='ltr'>petant</span> <span class='ocrx_word' id='word_1_62' title='bbox 605 805 652 845; x_wconf 91' lang='lat' dir='ltr'>et</span> <span class='ocrx_word' id='word_1_63' title='bbox 685 804 740 854; x_wconf 89' lang='lat' dir='ltr'>ei,</span> <span class='ocrx_word' id='word_1_64' title='bbox 784 820 811 846; x_wconf 91' lang='lat' dir='ltr'>a</span> <span class='ocrx_word' id='word_1_65' title='bbox 843 820 933 860; x_wconf 92' lang='lat' dir='ltr'>quo</span> <span class='ocrx_word' id='word_1_66' title='bbox 970 809 1144 851; x_wconf 88' lang='lat' dir='ltr'>totiens</span> <span class='ocrx_word' id='word_1_67' title='bbox 1177 811 1294 853; x_wconf 89' lang='lat' dir='ltr'>elusi</span> <span class='ocrx_word' id='word_1_68' title='bbox 1327 813 1433 863; x_wconf 77' lang='lat' dir='ltr'>sint7</span> <span class='ocrx_word' id='word_1_69' title='bbox 1468 814 1638 857; x_wconf 87' lang='lat' dir='ltr'>iterum</span> <span class='ocrx_word' id='word_1_70' title='bbox 1671 831 1718 859; x_wconf 89' lang='lat' dir='ltr'>se</span> 
     </span>
     <span class='ocr_line' id='line_1_10' title="bbox 206 856 1717 923; baseline 0.012 -23"><span class='ocrx_word' id='word_1_71' title='bbox 206 856 461 902; x_wconf 84' lang='lat' dir='ltr'>eludendos</span> <span class='ocrx_word' id='word_1_72' title='bbox 493 861 709 905; x_wconf 88' lang='lat' dir='ltr'>muliebri</span> <span class='ocrx_word' id='word_1_73' title='bbox 741 866 976 907; x_wconf 73' lang='lat' dir='ltr'>socordia⁰</span> <span class='ocrx_word' id='word_1_74' title='bbox 1007 870 1054 909; x_wconf 91' lang='lat' dir='ltr'>et</span> <span class='ocrx_word' id='word_1_75' title='bbox 1087 870 1255 923; x_wconf 90' lang='lat' dir='ltr'>puerili</span> <span class='ocrx_word' id='word_1_76' title='bbox 1288 871 1479 916; x_wconf 84' lang='lat' dir='ltr'>levitate</span> <span class='ocrx_word' id='word_1_77' title='bbox 1512 876 1717 918; x_wconf 89' lang='lat' dir='ltr'>tradant.</span> 
     </span>
     <span class='ocr_line' id='line_1_11' title="bbox 158 915 1716 991; baseline 0.014 -35"><span class='ocrx_word' id='word_1_78' title='bbox 158 931 192 956; x_wconf 85' lang='lat'>10</span> <span class='ocrx_word' id='word_1_79' title='bbox 205 915 327 960; x_wconf 88' lang='lat' dir='ltr'>Duci</span> <span class='ocrx_word' id='word_1_80' title='bbox 355 932 537 974; x_wconf 88' lang='lat' dir='ltr'>quoque</span> <span class='ocrx_word' id='word_1_81' title='bbox 561 919 726 964; x_wconf 89' lang='lat' dir='ltr'>Ottoni</span> <span class='ocrx_word' id='word_1_82' title='bbox 746 924 1046 969; x_wconf 85' lang='lat' dir='ltr'>vehementer</span> <span class='ocrx_word' id='word_1_83' title='bbox 1078 928 1404 983; x_wconf 69' lang='lat' dir='ltr'>insistebantd,</span> <span class='ocrx_word' id='word_1_84' title='bbox 1440 935 1493 975; x_wconf 90' lang='lat' dir='ltr'>ut</span> <span class='ocrx_word' id='word_1_85' title='bbox 1526 939 1716 991; x_wconf 90' lang='lat' dir='ltr'>accepto</span> 
     </span>
     <span class='ocr_line' id='line_1_12' title="bbox 205 983 1715 1042; baseline 0.013 -25"><span class='ocrx_word' id='word_1_86' title='bbox 205 989 343 1032; x_wconf 87' lang='lat' dir='ltr'>super</span> <span class='ocrx_word' id='word_1_87' title='bbox 383 991 431 1021; x_wconf 91' lang='lat' dir='ltr'>se</span> <span class='ocrx_word' id='word_1_88' title='bbox 471 993 616 1035; x_wconf 85' lang='lat' dir='ltr'>regno</span> <span class='ocrx_word' id='word_1_89' title='bbox 659 983 880 1025; x_wconf 89' lang='lat' dir='ltr'>ducatum</span> <span class='ocrx_word' id='word_1_90' title='bbox 924 986 1011 1028; x_wconf 92' lang='lat' dir='ltr'>sibi</span> <span class='ocrx_word' id='word_1_91' title='bbox 1053 988 1294 1042; x_wconf 68' lang='lat' dir='ltr'>prebereter</span> <span class='ocrx_word' id='word_1_92' title='bbox 1340 991 1533 1034; x_wconf 89' lang='lat' dir='ltr'>ineundi</span> <span class='ocrx_word' id='word_1_93' title='bbox 1575 998 1715 1037; x_wconf 86' lang='lat' dir='ltr'>certa-</span> 
     </span>
     <span class='ocr_line' id='line_1_13' title="bbox 203 1035 1715 1100; baseline 0.014 -24"><span class='ocrx_word' id='word_1_94' title='bbox 203 1035 340 1078; x_wconf 88' lang='lat' dir='ltr'>minis</span> <span class='ocrx_word' id='word_1_95' title='bbox 382 1039 429 1080; x_wconf 92' lang='lat' dir='ltr'>et</span> <span class='ocrx_word' id='word_1_96' title='bbox 470 1053 690 1096; x_wconf 90' lang='lat' dir='ltr'>prospera</span> <span class='ocrx_word' id='word_1_97' title='bbox 731 1044 887 1086; x_wconf 90' lang='lat' dir='ltr'>omnia</span> <span class='ocrx_word' id='word_1_98' title='bbox 929 1047 1224 1100; x_wconf 87' lang='lat' dir='ltr'>promittenti</span> <span class='ocrx_word' id='word_1_99' title='bbox 1261 1049 1362 1093; x_wconf 90' lang='lat' dir='ltr'>Deo</span> <span class='ocrx_word' id='word_1_100' title='bbox 1404 1066 1568 1094; x_wconf 87' lang='lat' dir='ltr'>manus</span> <span class='ocrx_word' id='word_1_101' title='bbox 1610 1068 1715 1097; x_wconf 85' lang='lat' dir='ltr'>suas</span> 
     </span>
     <span class='ocr_line' id='line_1_14' title="bbox 202 1105 847 1157; baseline 0.012 -20"><span class='ocrx_word' id='word_1_102' title='bbox 202 1108 479 1152; x_wconf 85' lang='lat' dir='ltr'>operamque</span> <span class='ocrx_word' id='word_1_103' title='bbox 516 1114 610 1142; x_wconf 89' lang='lat' dir='ltr'>non</span> <span class='ocrx_word' id='word_1_104' title='bbox 642 1105 847 1157; x_wconf 85' lang='lat' dir='ltr'>negaret.</span> 
     </span>
     <span class='ocr_line' id='line_1_15' title="bbox 70 1152 1714 1223; baseline 0.009 -25"><span class='ocrx_word' id='word_1_105' title='bbox 70 1169 188 1202; x_wconf 72' lang='lat' dir='ltr'>*p.200.</span> <span class='ocrx_word' id='word_1_106' title='bbox 347 1152 492 1200; x_wconf 77' lang='lat' dir='ltr'>‘Tune</span> <span class='ocrx_word' id='word_1_107' title='bbox 546 1160 900 1205; x_wconf 81' lang='lat' dir='ltr'>circumstantes</span> <span class='ocrx_word' id='word_1_108' title='bbox 953 1179 1109 1220; x_wconf 83' lang='lat' dir='ltr'>regem</span> <span class='ocrx_word' id='word_1_109' title='bbox 1159 1167 1226 1218; x_wconf 85' lang='lat' dir='ltr'>hi,</span> <span class='ocrx_word' id='word_1_110' title='bbox 1276 1183 1471 1223; x_wconf 91' lang='lat' dir='ltr'>quorum</span> <span class='ocrx_word' id='word_1_111' title='bbox 1521 1174 1714 1215; x_wconf 81' lang='lat' dir='ltr'>consilio</span> 
     </span>
     <span class='ocr_line' id='line_1_16' title="bbox 154 1214 1712 1284; baseline 0.013 -30"><span class='ocrx_word' id='word_1_112' title='bbox 154 1229 187 1254; x_wconf 83' lang='lat'>15</span> <span class='ocrx_word' id='word_1_113' title='bbox 201 1214 478 1259; x_wconf 82' lang='lat' dir='ltr'>familiarius</span> <span class='ocrx_word' id='word_1_114' title='bbox 510 1219 583 1261; x_wconf 91' lang='lat' dir='ltr'>uti</span> <span class='ocrx_word' id='word_1_115' title='bbox 615 1225 929 1274; x_wconf 84' lang='lat' dir='ltr'>consueverat,</span> <span class='ocrx_word' id='word_1_116' title='bbox 974 1238 1080 1266; x_wconf 90' lang='lat' dir='ltr'>cum</span> <span class='ocrx_word' id='word_1_117' title='bbox 1113 1227 1528 1284; x_wconf 81' lang='lat' dir='ltr'>subterfugiendae</span> <span class='ocrx_word' id='word_1_118' title='bbox 1561 1234 1712 1275; x_wconf 90' lang='lat' dir='ltr'>condi-</span> 
     </span>
     <span class='ocr_line' id='line_1_17' title="bbox 201 1274 1711 1337; baseline 0.013 -22"><span class='ocrx_word' id='word_1_119' title='bbox 201 1274 345 1317; x_wconf 89' lang='lat' dir='ltr'>cionis</span> <span class='ocrx_word' id='word_1_120' title='bbox 387 1277 543 1320; x_wconf 89' lang='lat' dir='ltr'>studio</span> <span class='ocrx_word' id='word_1_121' title='bbox 577 1279 734 1322; x_wconf 86' lang='lat' dir='ltr'>divina</span> <span class='ocrx_word' id='word_1_122' title='bbox 775 1284 914 1337; x_wconf 89' lang='lat' dir='ltr'>atque</span> <span class='ocrx_word' id='word_1_123' title='bbox 956 1284 1161 1327; x_wconf 87' lang='lat' dir='ltr'>humana</span> <span class='ocrx_word' id='word_1_124' title='bbox 1193 1288 1349 1329; x_wconf 85' lang='lat' dir='ltr'>omnia</span> <span class='ocrx_word' id='word_1_125' title='bbox 1381 1289 1711 1334; x_wconf 89' lang='lat' dir='ltr'>sollicitantem</span> 
     </span>
     <span class='ocr_line' id='line_1_18' title="bbox 199 1333 1710 1396; baseline 0.013 -22"><span class='ocrx_word' id='word_1_126' title='bbox 199 1333 432 1377; x_wconf 89' lang='lat' dir='ltr'>viderent:</span> <span class='ocrx_word' id='word_1_127' title='bbox 469 1335 706 1391; x_wconf 86' lang='lat' dir='ltr'>‘Nullum&#39;,</span> <span class='ocrx_word' id='word_1_128' title='bbox 740 1340 972 1396; x_wconf 80' lang='lat' dir='ltr'>inquiunt,</span> <span class='ocrx_word' id='word_1_129' title='bbox 1010 1343 1049 1386; x_wconf 84' lang='lat' dir='ltr'>‘o</span> <span class='ocrx_word' id='word_1_130' title='bbox 1082 1359 1173 1396; x_wconf 75' lang='lat' dir='ltr'>reX,</span> <span class='ocrx_word' id='word_1_131' title='bbox 1210 1346 1434 1390; x_wconf 88' lang='lat' dir='ltr'>habemus</span> <span class='ocrx_word' id='word_1_132' title='bbox 1468 1350 1710 1394; x_wconf 87' lang='lat' dir='ltr'>diverticu-</span> 
     </span>
     <span class='ocr_line' id='line_1_19' title="bbox 198 1392 1709 1465; baseline 0.013 -31"><span class='ocrx_word' id='word_1_133' title='bbox 198 1392 317 1436; x_wconf 89' lang='lat' dir='ltr'>lum:</span> <span class='ocrx_word' id='word_1_134' title='bbox 366 1398 448 1437; x_wconf 90' lang='lat' dir='ltr'>aut</span> <span class='ocrx_word' id='word_1_135' title='bbox 496 1399 805 1452; x_wconf 87' lang='lat' dir='ltr'>equanimiter</span> <span class='ocrx_word' id='word_1_136' title='bbox 845 1403 1138 1458; x_wconf 89' lang='lat' dir='ltr'>suscipienda</span> <span class='ocrx_word' id='word_1_137' title='bbox 1186 1408 1256 1448; x_wconf 89' lang='lat' dir='ltr'>est</span> <span class='ocrx_word' id='word_1_138' title='bbox 1298 1408 1521 1460; x_wconf 87' lang='lat' dir='ltr'>condicio,</span> <span class='ocrx_word' id='word_1_139' title='bbox 1572 1425 1709 1465; x_wconf 82' lang='lat' dir='ltr'>quam</span> 
     </span>
     <span class='ocr_line' id='line_1_20' title="bbox 196 1451 1708 1525; baseline 0.013 -31"><span class='ocrx_word' id='word_1_140' title='bbox 196 1451 513 1508; x_wconf 85' lang='lat' dir='ltr'>imposuerint,</span> <span class='ocrx_word' id='word_1_141' title='bbox 557 1462 640 1499; x_wconf 85' lang='lat' dir='ltr'>aut</span> <span class='ocrx_word' id='word_1_142' title='bbox 680 1473 875 1515; x_wconf 84' lang='lat' dir='ltr'>regnum</span> <span class='ocrx_word' id='word_1_143' title='bbox 918 1476 1021 1504; x_wconf 90' lang='lat' dir='ltr'>cum</span> <span class='ocrx_word' id='word_1_144' title='bbox 1055 1479 1223 1519; x_wconf 83' lang='lat' dir='ltr'>magno</span> <span class='ocrx_word' id='word_1_145' title='bbox 1257 1467 1398 1508; x_wconf 81' lang='lat' dir='ltr'>etiam</span> <span class='ocrx_word' id='word_1_146' title='bbox 1431 1469 1554 1512; x_wconf 88' lang='lat' dir='ltr'>vitae</span> <span class='ocrx_word' id='word_1_147' title='bbox 1597 1472 1708 1525; x_wconf 91' lang='lat' dir='ltr'>peri-</span> 
     </span>
     <span class='ocr_line' id='line_1_21' title="bbox 147 1512 1705 1584; baseline 0.013 -32"><span class='ocrx_word' id='word_1_148' title='bbox 147 1527 183 1552; x_wconf 63' lang='grc' dir='ltr'>ιο</span> <span class='ocrx_word' id='word_1_149' title='bbox 196 1512 301 1555; x_wconf 88' lang='lat' dir='ltr'>culo</span> <span class='ocrx_word' id='word_1_150' title='bbox 343 1515 667 1559; x_wconf 81' lang='lat' dir='ltr'>amittendum.</span> <span class='ocrx_word' id='word_1_151' title='bbox 739 1521 854 1563; x_wconf 87' lang='lat' dir='ltr'>Acie</span> <span class='ocrx_word' id='word_1_152' title='bbox 896 1518 992 1564; x_wconf 82' lang='lat' dir='ltr'>visf</span> <span class='ocrx_word' id='word_1_153' title='bbox 1035 1525 1282 1579; x_wconf 86' lang='lat' dir='ltr'>confligere</span> <span class='ocrx_word' id='word_1_154' title='bbox 1325 1528 1705 1584; x_wconf 65' lang='lat' dir='ltr'>periculumqueg</span> 
     </span>
     <span class='ocr_line' id='line_1_22' title="bbox 195 1572 1706 1639; baseline 0.013 -27"><span class='ocrx_word' id='word_1_155' title='bbox 195 1572 333 1614; x_wconf 89' lang='lat' dir='ltr'>armis</span> <span class='ocrx_word' id='word_1_156' title='bbox 365 1575 670 1630; x_wconf 72' lang='lat' dir='ltr'>propulsare?</span> <span class='ocrx_word' id='word_1_157' title='bbox 718 1580 798 1621; x_wconf 89' lang='lat' dir='ltr'>sed</span> <span class='ocrx_word' id='word_1_158' title='bbox 831 1594 922 1635; x_wconf 88' lang='lat' dir='ltr'>qua</span> <span class='ocrx_word' id='word_1_159' title='bbox 954 1582 1141 1635; x_wconf 79' lang='lat' dir='ltr'>virtute,</span> <span class='ocrx_word' id='word_1_160' title='bbox 1177 1587 1326 1639; x_wconf 89' lang='lat' dir='ltr'>putas,</span> <span class='ocrx_word' id='word_1_161' title='bbox 1371 1587 1409 1628; x_wconf 91' lang='lat' dir='ltr'>is</span> <span class='ocrx_word' id='word_1_162' title='bbox 1443 1588 1574 1630; x_wconf 87' lang='lat' dir='ltr'>miles</span> <span class='ocrx_word' id='word_1_163' title='bbox 1607 1590 1706 1631; x_wconf 88' lang='lat' dir='ltr'>hos-</span> 
     </span>
     <span class='ocr_line' id='line_1_23' title="bbox 195 1632 1704 1694; baseline 0.013 -22"><span class='ocrx_word' id='word_1_164' title='bbox 195 1632 291 1673; x_wconf 87' lang='lat' dir='ltr'>tem</span> <span class='ocrx_word' id='word_1_165' title='bbox 313 1646 584 1689; x_wconf 88' lang='lat' dir='ltr'>congressus</span> <span class='ocrx_word' id='word_1_166' title='bbox 616 1640 835 1692; x_wconf 91' lang='lat' dir='ltr'>proteret,</span> <span class='ocrx_word' id='word_1_167' title='bbox 871 1641 950 1694; x_wconf 91' lang='lat' dir='ltr'>qui</span> <span class='ocrx_word' id='word_1_168' title='bbox 972 1643 1109 1684; x_wconf 90' lang='lat' dir='ltr'>modo</span> <span class='ocrx_word' id='word_1_169' title='bbox 1142 1644 1200 1684; x_wconf 89' lang='lat' dir='ltr'>ad</span> <span class='ocrx_word' id='word_1_170' title='bbox 1227 1648 1560 1688; x_wconf 89' lang='lat' dir='ltr'>recensendum</span> <span class='ocrx_word' id='word_1_171' title='bbox 1584 1662 1704 1691; x_wconf 87' lang='lat' dir='ltr'>exer-</span> 
     </span>
     <span class='ocr_line' id='line_1_24' title="bbox 194 1690 1704 1757; baseline 0.013 -26"><span class='ocrx_word' id='word_1_172' title='bbox 194 1690 339 1732; x_wconf 88' lang='lat' dir='ltr'>citum</span> <span class='ocrx_word' id='word_1_173' title='bbox 359 1690 557 1736; x_wconf 87' lang='lat' dir='ltr'>nomenh</span> <span class='ocrx_word' id='word_1_174' title='bbox 580 1696 690 1739; x_wconf 87' lang='lat' dir='ltr'>dare</span> <span class='ocrx_word' id='word_1_175' title='bbox 713 1698 863 1740; x_wconf 89' lang='lat' dir='ltr'>iussus</span> <span class='ocrx_word' id='word_1_176' title='bbox 885 1714 943 1742; x_wconf 87' lang='lat' dir='ltr'>ne</span> <span class='ocrx_word' id='word_1_177' title='bbox 967 1702 1129 1743; x_wconf 85' lang='lat' dir='ltr'>castris</span> <span class='ocrx_word' id='word_1_178' title='bbox 1152 1704 1337 1757; x_wconf 90' lang='lat' dir='ltr'>quidem</span> <span class='ocrx_word' id='word_1_179' title='bbox 1358 1706 1480 1748; x_wconf 84' lang='lat' dir='ltr'>exire</span> <span class='ocrx_word' id='word_1_180' title='bbox 1498 1705 1704 1751; x_wconf 70' lang='lat' dir='ltr'>voluiti‘?</span> 
     </span>
     <span class='ocr_line' id='line_1_25' title="bbox 193 1749 1702 1817; baseline 0.013 -27"><span class='ocrx_word' id='word_1_181' title='bbox 193 1749 392 1794; x_wconf 78' lang='lat' dir='ltr'>Pal-vulo</span> <span class='ocrx_word' id='word_1_182' title='bbox 424 1753 672 1797; x_wconf 85' lang='lat' dir='ltr'>intervallo</span> <span class='ocrx_word' id='word_1_183' title='bbox 705 1757 837 1799; x_wconf 91' lang='lat' dir='ltr'>abest</span> <span class='ocrx_word' id='word_1_184' title='bbox 859 1759 1063 1801; x_wconf 89' lang='lat' dir='ltr'>hostium</span> <span class='ocrx_word' id='word_1_185' title='bbox 1097 1762 1307 1805; x_wconf 89' lang='lat' dir='ltr'>infinitus</span> <span class='ocrx_word' id='word_1_186' title='bbox 1337 1766 1586 1817; x_wconf 86' lang='lat' dir='ltr'>exercitus;</span> <span class='ocrx_word' id='word_1_187' title='bbox 1622 1769 1702 1810; x_wconf 88' lang='lat' dir='ltr'>sed</span> 
     </span>
     <span class='ocr_line' id='line_1_26' title="bbox 143 1810 1700 1879; baseline 0.011 -27"><span class='ocrx_word' id='word_1_188' title='bbox 143 1826 179 1852; x_wconf 78' lang='lat'>25</span> <span class='ocrx_word' id='word_1_189' title='bbox 193 1810 373 1852; x_wconf 91' lang='lat' dir='ltr'>cunctis</span> <span class='ocrx_word' id='word_1_190' title='bbox 395 1811 607 1856; x_wconf 87' lang='lat' dir='ltr'>hostibus</span> <span class='ocrx_word' id='word_1_191' title='bbox 640 1815 744 1870; x_wconf 89' lang='lat' dir='ltr'>plus</span> <span class='ocrx_word' id='word_1_192' title='bbox 777 1817 864 1859; x_wconf 89' lang='lat' dir='ltr'>tibi</span> <span class='ocrx_word' id='word_1_193' title='bbox 886 1819 1172 1862; x_wconf 81' lang='lat' dir='ltr'>formidandi</span> <span class='ocrx_word' id='word_1_194' title='bbox 1194 1826 1302 1864; x_wconf 88' lang='lat' dir='ltr'>sunt</span> <span class='ocrx_word' id='word_1_195' title='bbox 1330 1820 1424 1875; x_wconf 70' lang='lat' dir='ltr'>hik,</span> <span class='ocrx_word' id='word_1_196' title='bbox 1460 1827 1539 1879; x_wconf 86' lang='lat' dir='ltr'>qui</span> <span class='ocrx_word' id='word_1_197' title='bbox 1566 1827 1700 1870; x_wconf 86' lang='lat' dir='ltr'>lateri</span> 
     </span>
     <span class='ocr_line' id='line_1_27' title="bbox 190 1869 1699 1934; baseline 0.012 -24"><span class='ocrx_word' id='word_1_198' title='bbox 190 1870 274 1911; x_wconf 88' lang='lat' dir='ltr'>tuo</span> <span class='ocrx_word' id='word_1_199' title='bbox 314 1869 610 1929; x_wconf 84' lang='lat' dir='ltr'>familiariter</span> <span class='ocrx_word' id='word_1_200' title='bbox 642 1875 958 1929; x_wconf 77' lang='lat' dir='ltr'>obversantur,</span> <span class='ocrx_word' id='word_1_201' title='bbox 1004 1880 1082 1934; x_wconf 92' lang='lat' dir='ltr'>qui</span> <span class='ocrx_word' id='word_1_202' title='bbox 1124 1881 1310 1924; x_wconf 87' lang='lat' dir='ltr'>interim</span> <span class='ocrx_word' id='word_1_203' title='bbox 1353 1884 1441 1925; x_wconf 89' lang='lat' dir='ltr'>tibi</span> <span class='ocrx_word' id='word_1_204' title='bbox 1483 1886 1699 1928; x_wconf 77' lang='lat' dir='ltr'>simulata</span> 
     </span>
     <span class='ocr_line' id='line_1_28' title="bbox 190 1928 1699 1996; baseline 0.013 -27"><span class='ocrx_word' id='word_1_205' title='bbox 190 1928 282 1971; x_wconf 88' lang='lat' dir='ltr'>fide</span> <span class='ocrx_word' id='word_1_206' title='bbox 329 1929 502 1973; x_wconf 87' lang='lat' dir='ltr'>blanda</span> <span class='ocrx_word' id='word_1_207' title='bbox 542 1932 809 1988; x_wconf 87' lang='lat' dir='ltr'>loquuntur,</span> <span class='ocrx_word' id='word_1_208' title='bbox 853 1939 1075 1992; x_wconf 89' lang='lat' dir='ltr'>quamdiu</span> <span class='ocrx_word' id='word_1_209' title='bbox 1123 1954 1212 1991; x_wconf 80' lang='lat' dir='ltr'>eos,</span> <span class='ocrx_word' id='word_1_210' title='bbox 1257 1943 1424 1996; x_wconf 89' lang='lat' dir='ltr'>quibus</span> <span class='ocrx_word' id='word_1_211' title='bbox 1468 1958 1514 1987; x_wconf 92' lang='lat' dir='ltr'>se</span> <span class='ocrx_word' id='word_1_212' title='bbox 1557 1959 1699 1988; x_wconf 85' lang='lat' dir='ltr'>sacra-</span> 
     </span>
     <span class='ocr_line' id='line_1_29' title="bbox 189 1989 1697 2059; baseline 0.013 -30"><span class='ocrx_word' id='word_1_213' title='bbox 189 1989 346 2031; x_wconf 89' lang='lat' dir='ltr'>mento</span> <span class='ocrx_word' id='word_1_214' title='bbox 399 1990 769 2046; x_wconf 86' lang='lat' dir='ltr'>obligaverunt¹‚</span> <span class='ocrx_word' id='word_1_215' title='bbox 830 1997 977 2051; x_wconf 90' lang='lat' dir='ltr'>prelio</span> <span class='ocrx_word' id='word_1_216' title='bbox 1029 1999 1253 2043; x_wconf 86' lang='lat' dir='ltr'>lacessere</span> <span class='ocrx_word' id='word_1_217' title='bbox 1306 2016 1399 2044; x_wconf 92' lang='lat' dir='ltr'>non</span> <span class='ocrx_word' id='word_1_218' title='bbox 1453 2008 1697 2059; x_wconf 87' lang='lat' dir='ltr'>coguntur.</span> 
     </span>
     <span class='ocr_line' id='line_1_30' title="bbox 189 2045 1698 2118; baseline 0.013 -30"><span class='ocrx_word' id='word_1_219' title='bbox 189 2045 365 2099; x_wconf 83' lang='lat' dir='ltr'>Quodsi</span> <span class='ocrx_word' id='word_1_220' title='bbox 387 2049 580 2094; x_wconf 84' lang='lat' dir='ltr'>classica</span> <span class='ocrx_word' id='word_1_221' title='bbox 610 2053 914 2107; x_wconf 86' lang='lat' dir='ltr'>insonuerint,</span> <span class='ocrx_word' id='word_1_222' title='bbox 950 2060 997 2100; x_wconf 89' lang='lat' dir='ltr'>et</span> <span class='ocrx_word' id='word_1_223' title='bbox 1019 2060 1220 2114; x_wconf 90' lang='lat' dir='ltr'>pressius</span> <span class='ocrx_word' id='word_1_224' title='bbox 1243 2062 1394 2116; x_wconf 89' lang='lat' dir='ltr'>posito</span> <span class='ocrx_word' id='word_1_225' title='bbox 1427 2064 1544 2118; x_wconf 89' lang='lat' dir='ltr'>pede</span> <span class='ocrx_word' id='word_1_226' title='bbox 1578 2068 1698 2107; x_wconf 72' lang='lat' dir='ltr'>aut-¹¹¹</span> 
     </span>
     <span class='ocr_line' id='line_1_31' title="bbox 138 2105 1695 2172; baseline 0.012 -23"><span class='ocrx_word' id='word_1_227' title='bbox 138 2124 174 2149; x_wconf 76' lang='lat'>³0</span> <span class='ocrx_word' id='word_1_228' title='bbox 186 2105 317 2148; x_wconf 84' lang='lat' dir='ltr'>feriri</span> <span class='ocrx_word' id='word_1_229' title='bbox 348 2111 431 2150; x_wconf 86' lang='lat' dir='ltr'>aut</span> <span class='ocrx_word' id='word_1_230' title='bbox 461 2110 602 2154; x_wconf 83' lang='lat' dir='ltr'>ferire</span> <span class='ocrx_word' id='word_1_231' title='bbox 634 2115 851 2168; x_wconf 85' lang='lat' dir='ltr'>angustia</span> <span class='ocrx_word' id='word_1_232' title='bbox 877 2116 968 2159; x_wconf 90' lang='lat' dir='ltr'>loci</span> <span class='ocrx_word' id='word_1_233' title='bbox 990 2119 1338 2172; x_wconf 88' lang='lat' dir='ltr'>coartabuntur,</span> <span class='ocrx_word' id='word_1_234' title='bbox 1374 2123 1592 2165; x_wconf 90' lang='lat' dir='ltr'>nimirum</span> <span class='ocrx_word' id='word_1_235' title='bbox 1616 2129 1695 2167; x_wconf 83' lang='lat' dir='ltr'>aut</span> 
     </span>
     <span class='ocr_line' id='line_1_32' title="bbox 188 2165 1696 2236; baseline 0.013 -29"><span class='ocrx_word' id='word_1_236' title='bbox 188 2165 313 2210; x_wconf 86' lang='lat' dir='ltr'>dicto</span> <span class='ocrx_word' id='word_1_237' title='bbox 337 2168 479 2212; x_wconf 88' lang='lat' dir='ltr'>cicius</span> <span class='ocrx_word' id='word_1_238' title='bbox 502 2170 765 2228; x_wconf 83' lang='lat' dir='ltr'>diffugient,</span> <span class='ocrx_word' id='word_1_239' title='bbox 800 2177 882 2217; x_wconf 90' lang='lat' dir='ltr'>aut</span> <span class='ocrx_word' id='word_1_240' title='bbox 913 2178 961 2219; x_wconf 90' lang='lat' dir='ltr'>te</span> <span class='ocrx_word' id='word_1_241' title='bbox 995 2177 1177 2221; x_wconf 88' lang='lat' dir='ltr'>deserto</span> <span class='ocrx_word' id='word_1_242' title='bbox 1210 2181 1269 2222; x_wconf 90' lang='lat' dir='ltr'>ad</span> <span class='ocrx_word' id='word_1_243' title='bbox 1302 2184 1458 2236; x_wconf 91' lang='lat' dir='ltr'>partes</span> <span class='ocrx_word' id='word_1_244' title='bbox 1491 2184 1696 2226; x_wconf 90' lang='lat' dir='ltr'>hostium</span> 
     </span>
     <span class='ocr_line' id='line_1_33' title="bbox 184 2226 1695 2286; baseline 0.013 -20"><span class='ocrx_word' id='word_1_245' title='bbox 184 2226 466 2270; x_wconf 79' lang='lat' dir='ltr'>transibunt.</span> <span class='ocrx_word' id='word_1_246' title='bbox 529 2229 664 2274; x_wconf 88' lang='lat' dir='ltr'>Unde</span> <span class='ocrx_word' id='word_1_247' title='bbox 707 2234 884 2277; x_wconf 86' lang='lat' dir='ltr'>sacius¹¹</span> <span class='ocrx_word' id='word_1_248' title='bbox 922 2236 1079 2279; x_wconf 86' lang='lat' dir='ltr'>fuerat</span> <span class='ocrx_word' id='word_1_249' title='bbox 1111 2238 1452 2283; x_wconf 87' lang='lat' dir='ltr'>Wormaciam⁰</span> <span class='ocrx_word' id='word_1_250' title='bbox 1492 2257 1584 2285; x_wconf 89' lang='lat' dir='ltr'>non</span> <span class='ocrx_word' id='word_1_251' title='bbox 1627 2259 1695 2286; x_wconf 82' lang='lat' dir='ltr'>ex-</span> 
     </span>
     <span class='ocr_line' id='line_1_34' title="bbox 183 2285 1694 2355; baseline 0.013 -29"><span class='ocrx_word' id='word_1_252' title='bbox 183 2285 345 2329; x_wconf 86' lang='lat' dir='ltr'>cedere</span> <span class='ocrx_word' id='word_1_253' title='bbox 386 2302 524 2343; x_wconf 89' lang='lat' dir='ltr'>quam</span> <span class='ocrx_word' id='word_1_254' title='bbox 565 2291 614 2332; x_wconf 91' lang='lat' dir='ltr'>in</span> <span class='ocrx_word' id='word_1_255' title='bbox 655 2295 912 2336; x_wconf 88' lang='lat' dir='ltr'>extremum</span> <span class='ocrx_word' id='word_1_256' title='bbox 956 2297 1203 2340; x_wconf 87' lang='lat' dir='ltr'>discrimen</span> <span class='ocrx_word' id='word_1_257' title='bbox 1244 2315 1538 2355; x_wconf 80' lang='lat' dir='ltr'>progressum</span> <span class='ocrx_word' id='word_1_258' title='bbox 1587 2304 1694 2346; x_wconf 91' lang='lat' dir='ltr'>fidei</span> 
     </span>
     <span class='ocr_line' id='line_1_35' title="bbox 181 2345 1691 2416; baseline 0.012 -30"><span class='ocrx_word' id='word_1_259' title='bbox 181 2345 443 2402; x_wconf 86' lang='lat' dir='ltr'>principum</span> <span class='ocrx_word' id='word_1_260' title='bbox 485 2351 581 2392; x_wconf 90' lang='lat' dir='ltr'>tam</span> <span class='ocrx_word' id='word_1_261' title='bbox 623 2351 783 2407; x_wconf 91' lang='lat' dir='ltr'>iniquo</span> <span class='ocrx_word' id='word_1_262' title='bbox 823 2356 1032 2411; x_wconf 87' lang='lat' dir='ltr'>tempore</span> <span class='ocrx_word' id='word_1_263' title='bbox 1075 2359 1440 2413; x_wconf 85' lang='lat' dir='ltr'>experimentum</span> <span class='ocrx_word' id='word_1_264' title='bbox 1489 2376 1691 2416; x_wconf 89' lang='lat' dir='ltr'>querere.</span> 
     </span>
     <span class='ocr_line' id='line_1_36' title="bbox 132 2403 1692 2476; baseline 0.013 -32"><span class='ocrx_word' id='word_1_265' title='bbox 132 2403 337 2447; x_wconf 49' lang='lat' dir='ltr'>&amp;Unum</span> <span class='ocrx_word' id='word_1_266' title='bbox 378 2408 536 2451; x_wconf 89' lang='lat' dir='ltr'>tamen</span> <span class='ocrx_word' id='word_1_267' title='bbox 581 2413 712 2465; x_wconf 88' lang='lat' dir='ltr'>patet</span> <span class='ocrx_word' id='word_1_268' title='bbox 753 2413 953 2457; x_wconf 81' lang='lat' dir='ltr'>incisaep</span> <span class='ocrx_word' id='word_1_269' title='bbox 991 2417 1088 2472; x_wconf 89' lang='lat' dir='ltr'>spei</span> <span class='ocrx_word' id='word_1_270' title='bbox 1130 2420 1177 2460; x_wconf 92' lang='lat' dir='ltr'>et</span> <span class='ocrx_word' id='word_1_271' title='bbox 1210 2420 1414 2474; x_wconf 86' lang='lat' dir='ltr'>undique</span> <span class='ocrx_word' id='word_1_272' title='bbox 1456 2421 1692 2476; x_wconf 88' lang='lat' dir='ltr'>impeditis</span> 
     </span>
     <span class='ocr_line' id='line_1_37' title="bbox 180 2463 1690 2533; baseline 0.013 -29"><span class='ocrx_word' id='word_1_273' title='bbox 180 2463 318 2506; x_wconf 88' lang='lat' dir='ltr'>rebus</span> <span class='ocrx_word' id='word_1_274' title='bbox 360 2466 598 2523; x_wconf 86' lang='lat' dir='ltr'>effugium,</span> <span class='ocrx_word' id='word_1_275' title='bbox 641 2471 680 2512; x_wconf 91' lang='lat' dir='ltr'>si</span> <span class='ocrx_word' id='word_1_276' title='bbox 721 2472 957 2516; x_wconf 82' lang='lat' dir='ltr'>facturum</span> <span class='ocrx_word' id='word_1_277' title='bbox 995 2478 1042 2518; x_wconf 92' lang='lat' dir='ltr'>te</span> <span class='ocrx_word' id='word_1_278' title='bbox 1076 2491 1192 2531; x_wconf 88' lang='lat' dir='ltr'>quae</span> <span class='ocrx_word' id='word_1_279' title='bbox 1226 2480 1475 2533; x_wconf 89' lang='lat' dir='ltr'>postularis</span> <span class='ocrx_word' id='word_1_280' title='bbox 1507 2481 1690 2524; x_wconf 85' lang='lat' dir='ltr'>incunc-</span> 
     </span>
     <span class='ocr_line' id='line_1_38' title="bbox 179 2524 1689 2583; baseline 0.013 -20"><span class='ocrx_word' id='word_1_281' title='bbox 179 2524 335 2566; x_wconf 86' lang='lat' dir='ltr'>tanter</span> <span class='ocrx_word' id='word_1_282' title='bbox 361 2527 619 2580; x_wconf 89' lang='lat' dir='ltr'>promittas.</span> <span class='ocrx_word' id='word_1_283' title='bbox 668 2530 746 2573; x_wconf 91' lang='lat' dir='ltr'>Ita</span> <span class='ocrx_word' id='word_1_284' title='bbox 778 2535 824 2574; x_wconf 91' lang='lat' dir='ltr'>et</span> <span class='ocrx_word' id='word_1_285' title='bbox 855 2534 1124 2578; x_wconf 85' lang='lat' dir='ltr'>iuveniliter</span> <span class='ocrx_word' id='word_1_286' title='bbox 1145 2538 1457 2580; x_wconf 83' lang='lat' dir='ltr'>exultantium</span> <span class='ocrx_word' id='word_1_287' title='bbox 1486 2540 1689 2583; x_wconf 86' lang='lat' dir='ltr'>hostium</span> 
     </span>
     <span class='ocr_line' id='line_1_39' title="bbox 178 2581 1686 2654; baseline 0.013 -32"><span class='ocrx_word' id='word_1_288' title='bbox 178 2581 471 2627; x_wconf 85' lang='lat' dir='ltr'>ferocitatem</span> <span class='ocrx_word' id='word_1_289' title='bbox 514 2587 700 2632; x_wconf 90' lang='lat' dir='ltr'>eludere</span> <span class='ocrx_word' id='word_1_290' title='bbox 743 2594 790 2633; x_wconf 89' lang='lat' dir='ltr'>et</span> <span class='ocrx_word' id='word_1_291' title='bbox 823 2593 1093 2647; x_wconf 85' lang='lat' dir='ltr'>periculum,</span> <span class='ocrx_word' id='word_1_292' title='bbox 1134 2598 1257 2650; x_wconf 88' lang='lat' dir='ltr'>quod</span> <span class='ocrx_word' id='word_1_293' title='bbox 1290 2598 1504 2640; x_wconf 81' lang='lat' dir='ltr'>faucibus</span> <span class='ocrx_word' id='word_1_294' title='bbox 1538 2604 1686 2654; x_wconf 71' lang='lat' dir='ltr'>urget,</span> 
     </span>
     <span class='ocr_line' id='line_1_40' title="bbox 179 2641 1687 2711; baseline 0.013 -30"><span class='ocrx_word' id='word_1_295' title='bbox 179 2641 371 2684; x_wconf 81' lang='lat' dir='ltr'>evadere</span> <span class='ocrx_word' id='word_1_296' title='bbox 403 2646 451 2686; x_wconf 89' lang='lat' dir='ltr'>et</span> <span class='ocrx_word' id='word_1_297' title='bbox 481 2659 675 2702; x_wconf 86' lang='lat' dir='ltr'>regnum</span> <span class='ocrx_word' id='word_1_298' title='bbox 699 2650 928 2707; x_wconf 87' lang='lat' dir='ltr'>deinceps,</span> <span class='ocrx_word' id='word_1_299' title='bbox 964 2655 1126 2709; x_wconf 88' lang='lat' dir='ltr'>sopitis</span> <span class='ocrx_word' id='word_1_300' title='bbox 1158 2657 1484 2711; x_wconf 84' lang='lat' dir='ltr'>inperpetuum</span> <span class='ocrx_word' id='word_1_301' title='bbox 1509 2661 1687 2702; x_wconf 82' lang='lat' dir='ltr'>cunctis</span> 
     </span>
    </p>
   </div>
   <div class='ocr_carea' id='block_1_3' title="bbox 128 2779 1686 3034">
    <p class='ocr_par' dir='ltr' id='par_1_3' title="bbox 128 2779 1686 2953">
     <span class='ocr_line' id='line_1_41' title="bbox 128 2779 1686 2829; baseline 0.013 -24"><span class='ocrx_word' id='word_1_302' title='bbox 128 2780 164 2805; x_wconf 75' lang='lat'>40</span> <span class='ocrx_word' id='word_1_303' title='bbox 177 2779 205 2808; x_wconf 77' lang='lat'>8)</span> <span class='ocrx_word' id='word_1_304' title='bbox 225 2781 354 2806; x_wconf 75' lang='lat' dir='ltr'>eon-eeu</span> <span class='ocrx_word' id='word_1_305' title='bbox 372 2782 434 2810; x_wconf 71' lang='lat' dir='ltr'>Be.</span> <span class='ocrx_word' id='word_1_306' title='bbox 506 2784 537 2818; x_wconf 91' lang='lat' dir='ltr'>b)</span> <span class='ocrx_word' id='word_1_307' title='bbox 557 2785 661 2813; x_wconf 63' lang='lat' dir='ltr'>tendet</span> <span class='ocrx_word' id='word_1_308' title='bbox 679 2796 754 2816; x_wconf 69' lang='lat' dir='ltr'>corr.</span> <span class='ocrx_word' id='word_1_309' title='bbox 776 2791 880 2816; x_wconf 66' lang='lat' dir='ltr'>tendit</span> <span class='ocrx_word' id='word_1_310' title='bbox 899 2792 960 2820; x_wconf 73' lang='lat'>132,</span> <span class='ocrx_word' id='word_1_311' title='bbox 1042 2796 1070 2823; x_wconf 74' lang='lat'>(⁸)</span> <span class='ocrx_word' id='word_1_312' title='bbox 1088 2794 1190 2821; x_wconf 74' lang='lat' dir='ltr'>sordia</span> <span class='ocrx_word' id='word_1_313' title='bbox 1212 2797 1237 2820; x_wconf 81' lang='grc' dir='ltr'><strong><em>Α</em></strong></span> <span class='ocrx_word' id='word_1_314' title='bbox 1250 2798 1280 2825; x_wconf 80' lang='grc'>1;</span> <span class='ocrx_word' id='word_1_315' title='bbox 1301 2797 1420 2822; x_wconf 66' lang='lat' dir='ltr'>sordida</span> <span class='ocrx_word' id='word_1_316' title='bbox 1442 2798 1472 2824; x_wconf 80' lang='lat'>1¹.</span> <span class='ocrx_word' id='word_1_317' title='bbox 1493 2799 1553 2829; x_wconf 75' lang='lat' dir='ltr'>(sed</span> <span class='ocrx_word' id='word_1_318' title='bbox 1573 2800 1597 2824; x_wconf 75' lang='lat' dir='ltr'><strong><em>A</em></strong></span> <span class='ocrx_word' id='word_1_319' title='bbox 1611 2801 1640 2824; x_wconf 73' lang='grc' dir='ltr'>1ἰ</span> <span class='ocrx_word' id='word_1_320' title='bbox 1661 2804 1686 2825; x_wconf 70' lang='lat' dir='ltr'>e!</span> 
     </span>
     <span class='ocr_line' id='line_1_42' title="bbox 178 2814 1684 2867; baseline 0.014 -28"><span class='ocrx_word' id='word_1_321' title='bbox 178 2814 258 2843; x_wconf 75' lang='lat' dir='ltr'>sehr.</span> <span class='ocrx_word' id='word_1_322' title='bbox 277 2817 435 2849; x_wconf 72' lang='lat' dir='ltr'>socordia).</span> <span class='ocrx_word' id='word_1_323' title='bbox 507 2818 539 2851; x_wconf 86' lang='lat' dir='ltr'>d)</span> <span class='ocrx_word' id='word_1_324' title='bbox 558 2821 712 2850; x_wconf 60' lang='lat' dir='ltr'>instabant</span> <span class='ocrx_word' id='word_1_325' title='bbox 731 2825 793 2853; x_wconf 67' lang='grc' dir='ltr'>ΒΞ.</span> <span class='ocrx_word' id='word_1_326' title='bbox 866 2829 894 2858; x_wconf 87' lang='lat' dir='ltr'>e)</span> <span class='ocrx_word' id='word_1_327' title='bbox 914 2828 1059 2859; x_wconf 79' lang='lat' dir='ltr'>praebere</span> <span class='ocrx_word' id='word_1_328' title='bbox 1080 2831 1137 2858; x_wconf 79' lang='lat' dir='ltr'>Al,</span> <span class='ocrx_word' id='word_1_329' title='bbox 1207 2832 1230 2861; x_wconf 84' lang='lat' dir='ltr'>f)</span> <span class='ocrx_word' id='word_1_330' title='bbox 1251 2833 1295 2857; x_wconf 73' lang='lat' dir='ltr'>ius</span> <span class='ocrx_word' id='word_1_331' title='bbox 1317 2833 1394 2859; x_wconf 64' lang='lat'><em>131³.</em></span> <span class='ocrx_word' id='word_1_332' title='bbox 1469 2836 1499 2865; x_wconf 76' lang='grc' dir='ltr'>ιζ)</span> <span class='ocrx_word' id='word_1_333' title='bbox 1518 2835 1684 2867; x_wconf 74' lang='lat' dir='ltr'>perieulum</span> 
     </span>
     <span class='ocr_line' id='line_1_43' title="bbox 177 2849 1684 2899; baseline 0.014 -24"><span class='ocrx_word' id='word_1_334' title='bbox 177 2849 255 2879; x_wconf 70' lang='lat'>81⁸.</span> <span class='ocrx_word' id='word_1_335' title='bbox 339 2852 371 2884; x_wconf 80' lang='lat' dir='ltr'>h)</span> <span class='ocrx_word' id='word_1_336' title='bbox 396 2853 440 2879; x_wconf 70' lang='lat' dir='ltr'>Mo</span> <span class='ocrx_word' id='word_1_337' title='bbox 459 2861 517 2884; x_wconf 69' lang='grc' dir='ltr'>κν.</span> <span class='ocrx_word' id='word_1_338' title='bbox 534 2856 613 2885; x_wconf 72' lang='lat' dir='ltr'>Bu.</span> <span class='ocrx_word' id='word_1_339' title='bbox 699 2859 720 2891; x_wconf 79' lang='lat' dir='ltr'>i)</span> <span class='ocrx_word' id='word_1_340' title='bbox 745 2861 856 2887; x_wconf 77' lang='lat' dir='ltr'>voluit²</span> <span class='ocrx_word' id='word_1_341' title='bbox 882 2865 953 2895; x_wconf 75' lang='lat' dir='ltr'>(pro</span> <span class='ocrx_word' id='word_1_342' title='bbox 979 2865 1112 2896; x_wconf 76' lang='lat' dir='ltr'>voluit?)</span> <span class='ocrx_word' id='word_1_343' title='bbox 1132 2867 1214 2899; x_wconf 76' lang='lat'>131·;</span> <span class='ocrx_word' id='word_1_344' title='bbox 1246 2868 1375 2893; x_wconf 82' lang='lat' dir='ltr'>voluerit</span> <span class='ocrx_word' id='word_1_345' title='bbox 1404 2868 1482 2896; x_wconf 73' lang='lat'>[31¹³.</span> <span class='ocrx_word' id='word_1_346' title='bbox 1575 2873 1605 2898; x_wconf 56' lang='lat' dir='ltr'>A.)</span> <span class='ocrx_word' id='word_1_347' title='bbox 1630 2879 1684 2899; x_wconf 85' lang='lat' dir='ltr'>om.</span> 
     </span>
     <span class='ocr_line' id='line_1_44' title="bbox 175 2885 1683 2936; baseline 0.015 -24"><span class='ocrx_word' id='word_1_348' title='bbox 175 2885 237 2914; x_wconf 77' lang='lat' dir='ltr'>B2.</span> <span class='ocrx_word' id='word_1_349' title='bbox 292 2887 313 2918; x_wconf 83' lang='lat' dir='ltr'>l)</span> <span class='ocrx_word' id='word_1_350' title='bbox 331 2887 500 2921; x_wconf 71' lang='lat' dir='ltr'>obligavere</span> <span class='ocrx_word' id='word_1_351' title='bbox 520 2891 594 2918; x_wconf 66' lang='lat'>81²¹.</span> <span class='ocrx_word' id='word_1_352' title='bbox 656 2896 696 2926; x_wconf 90' lang='lat' dir='ltr'>m)</span> <span class='ocrx_word' id='word_1_353' title='bbox 715 2899 766 2922; x_wconf 70' lang='lat' dir='ltr'>aut</span> <span class='ocrx_word' id='word_1_354' title='bbox 787 2897 870 2923; x_wconf 81' lang='lat' dir='ltr'>feriri</span> <span class='ocrx_word' id='word_1_355' title='bbox 891 2906 948 2928; x_wconf 80' lang='lat' dir='ltr'>om,</span> <span class='ocrx_word' id='word_1_356' title='bbox 967 2899 1064 2928; x_wconf 72' lang='grc' dir='ltr'><strong>Β1.2.</strong></span> <span class='ocrx_word' id='word_1_357' title='bbox 1120 2907 1151 2929; x_wconf 69' lang='grc' dir='ltr'>ιι)</span> <span class='ocrx_word' id='word_1_358' title='bbox 1171 2903 1244 2928; x_wconf 61' lang='lat' dir='ltr'>satis</span> <span class='ocrx_word' id='word_1_359' title='bbox 1264 2903 1324 2931; x_wconf 71' lang='grc' dir='ltr'>ΒΞ.</span> <span class='ocrx_word' id='word_1_360' title='bbox 1381 2912 1410 2930; x_wconf 68' lang='grc' dir='ltr'>ο»</span> <span class='ocrx_word' id='word_1_361' title='bbox 1432 2906 1601 2932; x_wconf 69' lang='lat' dir='ltr'>Wormacin</span> <span class='ocrx_word' id='word_1_362' title='bbox 1623 2908 1645 2932; x_wconf 73' lang='lat' dir='ltr'><em>A</em></span> <span class='ocrx_word' id='word_1_363' title='bbox 1660 2909 1683 2936; x_wconf 89' lang='lat'>1.</span> 
     </span>
     <span class='ocr_line' id='line_1_45' title="bbox 175 2919 413 2953; baseline 0.013 -7"><span class='ocrx_word' id='word_1_364' title='bbox 175 2919 207 2953; x_wconf 87' lang='lat' dir='ltr'>p)</span> <span class='ocrx_word' id='word_1_365' title='bbox 225 2921 331 2948; x_wconf 72' lang='lat' dir='ltr'>insciae</span> <span class='ocrx_word' id='word_1_366' title='bbox 351 2923 413 2952; x_wconf 70' lang='lat' dir='ltr'>Rs.</span> 
     </span>
    </p>

    <p class='ocr_par' dir='ltr' id='par_1_4' title="bbox 1324 2998 1392 3034">
     <span class='ocr_line' id='line_1_46' title="bbox 1324 2998 1392 3034; baseline 0.015 0"><span class='ocrx_word' id='word_1_367' title='bbox 1324 2998 1392 3034; x_wconf 68' lang='lat'>1⁰*</span> 
     </span>
    </p>
   </div>
  </div>
 </body>
</html>
