1942 3198
643 212 942 250 PRAEFATIO
969 214 1008 250 C.
1024 214 1070 251 V.
1514 218 1610 254 LIII

100 331 354 388 intermisso,
377 338 610 388 sequuntur
628 334 663 388 f.
680 339 926 378 139—162.
949 341 1145 391 excerpta
1166 337 1407 381 Annalium
1432 340 1477 382 S.
1489 340 1610 384 Petri

101 391 528 448 Erphesfiartensium
542 394 754 437 maiorum
770 409 811 438 a.
829 399 1029 438 1078—1
1039 400 1137 439 175.
1155 401 1194 439 et
1206 397 1414 442 Gronicae
1432 399 1476 442 S.
1488 399 1609 443 Petri

313 521 550 567 Erphesfurt.
584 523 803 566 maioribus,
849 524 1006 559 Cronica
1039 525 1076 561 S.
1104 525 1206 560 Petri
1243 527 1414 561 moderna
1452 532 1607 572 sumpta,

313 580 404 615 quae
429 570 687 605 Hartmannus
709 571 864 615 Schedel,
897 583 977 606 cum
1001 574 1042 607 in
1066 575 1207 608 civitate
1231 574 1458 619 E'rphesfurt
1487 587 1607 610 mora-

67 626 86 652 5
313 622 429 662 retur,
455 629 501 652 ex
518 619 728 663 apoqrapho
750 620 816 654 illo
831 620 960 654 codicis
976 621 1010 654 B
1022 623 1054 663 1,
1079 632 1124 656 eoe
1140 632 1209 665 quo
1226 622 1259 655 B
1268 622 1310 657 lb
1327 625 1607 668 transscripta-m

313 669 375 709 est,
410 667 451 700 in
475 666 597 700 Monte
619 666 657 702 S.
675 667 779 701 Petri
801 673 952 711 servato,
986 671 1201 714 excerpsisse
1230 671 1380 706 videtur.
1430 671 1490 705 Ea
1513 673 1607 706 enim

313 713 363 750 Η.
380 713 528 748 Schedel
550 716 591 748 in
615 714 678 749 hoc
702 715 815 750 codice
839 716 1028 761 descripsit
1053 727 1098 750 ea:
1123 718 1237 752 altero
1260 718 1374 752 codice
1397 729 1466 751 sua
1491 720 1608 763 ipsius

312 771 425 795 manu
450 773 484 798 a.
501 763 749 799 1484—1489.
766 765 911 808 scripto,
939 764 1166 798 bibliothecae
1189 767 1312 809 reyiae
1329 766 1607 801 Monacensis

312 808 396 844 Lat.
423 820 482 845 nr.
509 811 592 852 901,
622 811 654 853 f.
672 811 755 855 245,
793 815 823 845 et
856 813 897 845 in
931 816 1082 856 utroque
1115 813 1227 847 codice
1260 813 1319 847 his
1350 816 1524 858 emer-ptis
1550 816 1606 848 in-

50 865 85 891 10
312 858 462 901 scriptio
482 859 687 902 praemissa
713 863 784 893 est:
816 857 874 893 Ex
900 859 1047 894 cronica
1071 859 1211 894 Montis
1237 859 1274 897 S.
1294 859 1397 895 Petri
1421 860 1606 896 Erffordie

311 903 351 939 in
376 904 470 939 libro
496 905 611 950 spisso
635 906 764 949 veteri,
784 909 1002 950 praemissis
1025 909 1066 942 in
1091 908 1172 944 Blc
1197 909 1256 942 his
1279 910 1408 943 etiam:
1444 908 1606 944 Collecta

313 963 360 987 ex
386 952 541 988 cronicis
566 953 848 988 bibliotecarum
872 954 911 989 in
936 955 1167 990 monasteriis
1202 956 1497 991 celebratissimis
1521 969 1605 1002 pro-

312 999 433 1035 vineie
459 999 675 1046 Thuringie.
725 1001 775 1036 Et
804 1002 936 1047 primo.
996 1003 1094 1037 Unde
1121 1007 1219 1048 patet
1253 1015 1331 1038 eum
1365 1005 1524 1048 codicem,
1561 1017 1606 1040 eoe

312 1058 382 1093 quo
404 1048 454 1084 Η.
471 1048 618 1084 schedel
649 1051 794 1084 maiora
827 1054 993 1095 excerpta
1017 1051 1256 1096 Lampertina
1287 1052 1414 1086 codicis
1439 1053 1520 1088 Blc
1544 1064 1604 1087 θατ-

50 1105 84 1131 15
312 1097 470 1142 scripsit,
496 1107 570 1131 non
594 1097 710 1140 fuisse
734 1098 840 1131 illum
867 1098 1001 1132 librum
1027 1101 1183 1143 spissum
1202 1099 1339 1134 Montis
1356 1100 1392 1135 S.
1407 1100 1518 1144 Petri,
1545 1102 1606 1135 sed

306 1144 441 1188 procul
471 1144 580 1179 dubio
614 1155 659 1179 ex
691 1146 807 1180 eodem
831 1146 1044 1182 derivatum.
1097 1147 1194 1188 Quae
1228 1151 1393 1192 excerpta
1428 1159 1451 1181 α
1485 1149 1524 1184 V.
1553 1149 1603 1185 cl.

310 1191 360 1228 H.
378 1191 597 1235 Simonsfeld
621 1203 667 1227 ex
691 1193 804 1227 codice
827 1195 970 1237 siynato
994 1205 1054 1230 nr.
1072 1196 1154 1231 901.
1179 1196 1374 1238 esc-scripta,
1401 1206 1424 1228 a
1448 1207 1502 1229 me
1526 1207 1604 1230 cum

310 1239 393 1275 Blc
416 1239 558 1283 collata,
592 1241 657 1274 hoc
691 1241 764 1275 loco
795 1242 938 1284 inteyra
963 1242 1123 1284 eoehilmi,
1157 1252 1236 1276 cum
1262 1253 1302 1276 ea
1327 1243 1377 1276 ad
1400 1253 1605 1287 cognoscen-

309 1287 396 1322 dam
421 1287 676 1330 affiliationem
709 1299 818 1332 quam
848 1290 1003 1323 dicimus
1027 1290 1183 1324 codicum
1209 1290 1399 1334 Lamperti
1423 1295 1453 1325 et
1477 1302 1604 1326 momi-

46 1343 82 1370 20
309 1339 510 1370 mentor-um
535 1335 901 1380 Erphesfurtensium
926 1338 1066 1380 faciant
1074 1349 1087 1371 .·

379 1381 546 1420 DOOVI.
584 1382 744 1418 Inicium
769 1384 984 1419 monasterii
1008 1384 1046 1421 S.
1062 1384 1165 1420 Petri
1189 1385 1227 1419 in
1244 1384 1478 1431 Erphesfurt,
1503 1386 1603 1431 quod
1615 1386 1721 1417 Lamp.
1732 1387 1799 1413 “dd-

309 1430 516 1465 construxit
540 1430 798 1477 Tagebertusa
827 1443 894 1467 rex
919 1431 1150 1468 Francorum
1182 1433 1220 1467 in
1251 1435 1378 1469 monte
1405 1434 1469 1478 qui
1495 1437 1603 1469 antea
1664 1422 1752 1454 E’ffl'·

259 1495 264 1499 ·
308 1476 594 1525 Merwigisburg
629 1479 850 1524 vocabatur3
895 1480 961 1515 sed
1006 1481 1052 1515 ab
1094 1481 1174 1526 ipso
1213 1480 1450 1527 Tagebertoa
1492 1481 1602 1517 Mons

309 1524 348 1563 S.
365 1525 470 1562 Petri
493 1529 748 1572 nunccupatus
774 1530 840 1564 est.

44 1582 81 1609 25
379 1573 700 1612 DOOOGXXXV.
725 1574 865 1622 Magna
883 1575 1042 1620 synodus
1059 1575 1130 1610 fuit
1146 1576 1183 1610 in
1200 1575 1433 1621 Erphesfurt.
1458 1576 1602 1612 Eodem
1616 1589 1722 1621 Lamp.

307 1632 405 1657 anno
430 1621 629 1658 Heinricus
663 1634 730 1658 rex
764 1623 867 1668 obiit,
903 1623 1023 1658 cuius
1058 1623 1153 1658 filius
1189 1623 1265 1659 eius
1292 1624 1380 1659 Otto
1417 1625 1600 1660 successit.

307 1668 495 1705 Deinde
521 1681 647 1705 anno
673 1670 1010 1715 sequentiOtto
1035 1682 1102 1706 rex
1126 1671 1197 1706 fuit
1221 1671 1259 1706 in
1276 1671 1420 1709 Herolf.
1457 1672 1600 1708 Eodem

307 1727 404 1752 anno
431 1718 583 1753 ecelesia
608 1729 634 1753 s,
652 1717 836 1754 Bonifaoii
861 1721 989 1753 exusta
1015 1721 1079 1755 est.

378 1763 503 1800 Item
527 1765 770 1802 M⁰XXXVL
808 1765 1032 1801 Edificatum
1065 1768 1120 1800 est
1150 1766 1413 1801 monasterium
1446 1766 1599 1802 Scotho-
1614 1755 1799 1816 Μέξοΐάἅ·

43 1822 78 1849 no
306 1811 416 1848 rumh
456 1813 495 1848 in
521 1812 730 1858 Erphordia
763 1825 830 1859 per
861 1813 1053 1848 dominum
1079 1813 1314 1848 Waltherum
1346 1814 1392 1849 de
1418 1814 1598 1860 Glisberg‚
1696 1799 1722 1823 ³⁷
1744 1813 1750 1818 ”

306 1860 444 1896 ibidem
469 1861 644 1906 sepultus.

378 1907 584 1945 MLXVII.
623 1907 712 1944 Otto
737 1908 902 1943 marchio
925 1908 1201 1954 Thuringorum
1227 1909 1329 1955 obiit,
1355 1909 1600 1955 gaudentibus
1613 1922 1719 1954 Lamp.

308 1955 508 1991 admodum
541 1956 581 1991 in
614 1958 734 1991 morte
766 1956 844 1991 eius
869 1956 1039 1991 omnibus
1064 1956 1274 2002 Thuringis,
1310 1968 1354 1992 eo
1389 1957 1489 2002 quod
1522 1957 1599 2002 ipse

306 2003 447 2049 primus
472 2015 519 2039 ex
542 2003 771 2049 principibus
789 2003 1065 2050 Thuringorum
1091 2004 1251 2040 decimas
1277 2016 1323 2040 ex
1349 2005 1422 2039 suis
1447 2005 1485 2039 in
1499 2004 1598 2039 Thu-

43 2062 79 2089 85
306 2051 427 2098 ringia
459 2051 748 2097 possessionibus
779 2051 867 2087 dare
899 2052 1141 2087 consensisset
1165 2055 1203 2088 et
1226 2064 1294 2098 per
1317 2052 1389 2088 hoc
1415 2053 1599 2088 calamita-

306 2102 383 2135 tem
408 2099 607 2134 maximam
633 2099 735 2146 genti
760 2110 825 2135 sue
850 2100 1030 2135 invexisse
1054 2100 1253 2137 videretur.
1303 2099 1496 2136 Marcham
1522 2101 1599 2136 eius

306 2146 492 2194 Egbertus
517 2148 693 2193 patruelis
718 2147 815 2194 regis
840 2148 1011 2194 suscepit.

377 2194 665 2232 MLXXVHIL
708 2194 931 2241 Erphesfurt
956 2195 1083 2231 civitas
1108 2196 1257 2231 incensa
1283 2198 1338 2231 est
1363 2196 1408 2230 ab
1436 2196 1599 2230 exercitu
1613 2184 1810 2247 ἑνὲῗῇῗῖξηῖᾐ

306 2243 402 2290 reg-is
427 2242 596 2279 Heinrici
628 2245 665 2278 et
697 2243 850 2278 ecclesia
876 2243 915 2278 in
940 2243 1072 2279 Monte
1098 2242 1135 2281 S.
1153 2243 1256 2279 Petri
1283 2246 1320 2278 et
1345 2242 1383 2280 S.
1410 2243 1537 2279 Severi
1562 2246 1599 2278 et

42 2301 79 2328 40
306 2291 571 2326 monasterium
605 2302 690 2326 cum
721 2291 957 2327 multitudine
983 2291 1122 2337 populi,
1157 2303 1228 2336 que
1263 2292 1350 2326 illuc
1384 2291 1483 2326 intus
1518 2291 1598 2336 fuit,

86 2350 90 2355 ’
306 2349 378 2384 que
402 2338 540 2374 ibidem
566 2339 783 2385 confugerat
795 2339 818 2375 ¹.

378 2385 616 2422 MLXXXV.
654 2385 879 2422 Edificatum
904 2389 960 2422 est
983 2387 1249 2422 monasterium
1271 2382 1599 2431 Raynhardisborn
1613 2399 1649 2423 A.
1663 2400 1692 2423 s.
1709 2399 1824 2425 Panas.

307 2445 329 2469 a
352 2433 521 2469 Luduieo
547 2433 742 2471 saltatore.

378 2481 575 2518 MOXLII.
614 2481 882 2516 Monasterium
917 2480 955 2518 S.
981 2480 1081 2516 Petri
1117 2482 1156 2516 in
1181 2481 1401 2526 Erphesfurt
1427 2483 1598 2516 exustum
1612 2494 1649 2518 ib.

41 2539 78 2566 45
307 2531 363 2565 est
386 2528 504 2566 vste
527 2528 618 2564 Idus
642 2528 734 2564 Maii
760 2532 798 2564 et
821 2529 982 2564 maxima
1007 2541 1090 2574 pars
1116 2529 1280 2565 eiusdem
1306 2529 1377 2564 loci
1403 2532 1440 2564 et
1472 2540 1597 2563 mona-

306 2577 458 2613 sterium
483 2588 511 2615 s.
529 2576 668 2614 Severi.

91 2702 393 2765 wagobsslhnBlffi
483 2702 515 2737 b)
534 2703 691 2731 Scotorum
712 2703 785 2732 1310.
878 2705 906 2734 c)
924 2703 965 2729 εἰς
985 2703 1071 2729 etiam
1092 2704 1158 2729 1310
1179 2704 1208 2728 in
1228 2703 1392 2728 maim-ibus
1412 2702 1554 2734 excerptis
1573 2705 1598 2726 e!

156 2759 163 2766 .
176 2745 236 2770 W
333 2759 340 2766 .

93 2833 129 2877 1)
161 2833 359 2868 Coniuncta
391 2838 478 2868 eunt
509 2834 574 2868 hoc
609 2835 680 2869 loco
712 2845 803 2879 quae
836 2836 876 2868 in
909 2834 1018 2870 Cron.
1044 2834 1082 2870 S.
1101 2834 1203 2868 Petri
1234 2834 1405 2868 moderna
1439 2836 1469 2866 et
1500 2834 1597 2868 Arm.

43 2880 129 2918 50S.
147 2881 249 2916 Petra·
270 2881 470 2915 maioribus
493 2881 561 2915 hac
584 2882 626 2916 de
649 2892 690 2916 re
714 2882 901 2918 habentur.
