2046 3190
319 235 388 269 ‘222
688 236 956 274 LAMPERTI
981 240 1234 277 ANNALES.
1284 242 1331 277 A.
1359 245 1462 280 1075.

200 355 542 407 1075.obruunt;
587 359 663 412 qui
707 359 920 403 clariores
960 362 1083 404 inter
1123 377 1199 405 eos
1232 364 1510 420 ditioresque
1553 368 1815 419 extiterant,

184 403 202 427 ¹
204 409 249 431 ’Μ’
262 404 303 431 ¹⁰·
316 414 365 456 in
396 416 607 470 patriam,
642 419 765 461 unde
797 421 988 475 quisque
1021 423 1242 464 oriundus
1275 426 1386 475 erat,
1431 426 1719 480 sepeliendos
1753 442 1817 471 re-

316 475 562 526 mittunt¹;
605 478 859 520 vulneratis
901 494 1057 522 curam
1100 483 1344 534 adhibent;
1388 498 1500 538 quos
1538 486 1736 530 miliciae
1768 487 1816 529 in

314 534 543 588 reliquum
585 536 773 579 inutiles
811 539 1004 581 vulnera
1041 541 1351 593 reddiderant,
1394 544 1486 585 suis
1527 545 1576 586 in
1618 546 1815 600 patriam

315 595 540 636 curandos
583 596 831 638 destinant.
895 599 992 641 Nec
1033 600 1171 642 facile
1213 602 1417 643 estimari
1458 606 1653 658 poterat,
1703 609 1845 660 quot5

314 653 419 703 hac,
464 656 576 707 quot
616 655 700 697 illa
745 657 793 697 in
835 658 932 699 acie
974 672 1077 700 cesa
1118 663 1270 702 essent
1311 661 1439 703 milia
1453 664 1479 712 ²¹,
1529 664 1615 706 hoc
1657 666 1814 708 tamen

314 713 466 766 palam
500 717 752 765 constante,
796 717 899 771 plus
933 718 1007 759 hic
1040 719 1278 769 nobilium,
1321 721 1425 775 plus
1466 722 1562 764 illic
1595 724 1812 768 cecidisse

313 771 520 826 plebeiae
538 773 865 826 multitudinis,
883 778 930 817 et
947 779 1136 832 propter
1153 779 1440 822 amissionem
1458 781 1812 826 clarissimorum

310 831 511 873 virorum
551 833 697 874 maius
729 834 925 876 victores
957 850 1094 890 quam
1127 838 1272 879 victos
1309 839 1472 882 tulisse
1505 841 1811 896 dispendium.

455 891 634 934 Merore
677 895 723 934 et
765 893 895 935 luctu
937 896 1116 937 affectis
1155 898 1366 939 omnibus
1404 900 1588 954 gravior
1619 903 1811 944 accessit
1826 916 1860 942 10

310 949 442 990 dolor
474 952 520 991 et
552 951 667 992 facti
700 953 958 1007 penitentia
985 958 1231 1010 comperto,
1267 958 1389 1011 quod
1421 959 1650 1015 principes
1677 960 1816 1004 Saxo-'

308 1009 426 1059 niae,
461 1023 573 1063 quos
606 1011 664 1052 ad
696 1026 840 1053 unum
873 1013 1143 1057 interfectos
1175 1016 1323 1071 pridie
1354 1032 1472 1059 vano
1503 1032 1685 1062 rumore
1715 1021 1810 1062 vul—

308 1071 543 1121 gaverant,
571 1083 728 1112 omnes
755 1072 936 1126 integro
958 1086 1149 1116 numero
1174 1076 1382 1118 viverent
1404 1080 1542 1132 atque
1565 1079 1623 1120 ad
1645 1079 1810 1122 iteran-

309 1128 417 1168 dum
460 1128 657 1183 prelium
699 1145 839 1172 novas
882 1132 1033 1174 denuo
1075 1134 1228 1189 copias
1260 1135 1387 1190 pleni
1419 1137 1676 1179 animorum
1708 1153 1808 1181 con-

307 1187 560 1229 traherent.
625 1188 838 1232 Graviter
878 1192 1014 1233 nimis
1061 1193 1274 1235 ferebant
1315 1197 1362 1237 et
1402 1195 1524 1238 inter
1565 1211 1611 1239 se
1649 1199 1803 1240 haud¹²
1822 1212 1856 1239 15

307 1246 512 1288 obscuris
553 1246 979 1292 mussitationibusb
1016 1252 1290 1303 fremebant,
1334 1255 1456 1308 quod
1498 1257 1695 1299 maximo
1736 1258 1808 1300 sui

307 1305 502 1359 piaculo,
547 1307 735 1349 minimo
767 1309 835 1350 rei
867 1310 1079 1364 publicae
1113 1312 1434 1355 emolimentoc
1475 1329 1636 1357 manus
1669 1313 1801 1358 suasd

305 1364 519 1406 innoxiae
566 1366 714 1420 plebis
763 1369 986 1422 sanguine
1034 1370 1320 1424 polluissent.
1392 1373 1489 1414 Rex
1530 1374 1627 1429 ipse
1668 1389 1805 1430 quam

305 1423 556 1477 plurimum
603 1426 859 1478 verebatur,
913 1442 971 1469 ne
1024 1429 1154 1471 miles
1206 1431 1253 1471 in
1305 1431 1486 1473 irritum
1538 1433 1632 1475 fusi
1683 1436 1805 1477 tanti

304 1483 541 1536 sanguinis
574 1485 786 1539 penitens
818 1486 1054 1541 religionis
1086 1491 1307 1544 optentue
1338 1491 1552 1547 deinceps
1585 1493 1803 1536 miliciam
1817 1507 1853 1532 20

305 1541 597 1594 detrectaret,
642 1558 776 1598 quam
811 1545 908 1587 sine
940 1550 1130 1601 peccato
1163 1550 1210 1590 et
1242 1550 1370 1604 gravi
1402 1551 1578 1592 offensa
1609 1552 1698 1595 Dei
1729 1554 1803 1595 ad-

304 1601 564 1644 ministrare
604 1617 698 1644 non
738 1607 904 1659 posset.
968 1606 1198 1650 Pessimae
1238 1609 1306 1650 rei
1338 1610 1585 1663 pessimum
1616 1611 1803 1666 Mogon-

302 1656 458 1701 tinusf
495 1662 865 1718 archiepiscopus
896 1666 1150 1707 remedium
1193 1668 1420 1710 adhibuit.
1485 1668 1666 1712 Collato
1699 1685 1803 1714 cum

302 1719 462 1773 paucis
502 1721 810 1764 familiaribus
850 1725 972 1779 regis
1014 1726 1218 1777 consilio,
1261 1730 1451 1783 repente
1492 1731 1714 1784 processit
1753 1731 1803 1772 in

301 1779 540 1832 publicum
573 1783 619 1822 et
652 1782 880 1837 principes
912 1784 1189 1839 Turingiaeg
1223 1800 1307 1828 nec
1341 1789 1559 1830 canonice
1596 1790 1656 1831 ad
1687 1790 1850 1832 sino-2⁵

303 1833 441 1878 dumh
479 1842 690 1882 evocatos
723 1855 806 1883 nec
840 1839 1063 1884 sinoda.li¹¹
1101 1845 1338 1887 audientia
1379 1848 1631 1890 secundum
1663 1849 1801 1892 eccle—

302 1897 509 1939 siasticas
551 1899 675 1953 leges
717 1900 943 1943 discussos
985 1904 1197 1958 precipiti
1235 1906 1467 1947 sententia
1499 1909 1801 1950 excommuni-

303 1956 436 2006 cavit,
482 1971 535 1998 ea
575 1959 751 2000 scilicet
784 1973 932 2011 causa,
977 1963 1098 2015 quod
1137 1977 1242 2004 euin
1273 1978 1394 2006 anno
1426 1966 1576 2020 priore
1608 1966 1802 2022 Erphes-

301 2011 446 2061 furti,
491 2029 594 2056 cum
637 2018 694 2058 ad
736 2019 982 2073 exigendas
1026 2022 1225 2063 decimas
1273 2024 1528 2075 assedisset,
1578 2026 1800 2068 districtis

300 2073 468 2126 gladiis
509 2072 661 2116 intrak
706 2078 973 2120 aecclesiam
1015 2080 1305 2134 impetissent
1318 2083 1347 2123 3.
1415 2084 1476 2124 Et
1515 2098 1574 2126 ne
1615 2086 1716 2139 quis
1757 2086 1848 2128 eiao

300 2133 423 2174 forte
456 2133 543 2174 hoc
577 2135 758 2175 crimini
790 2137 932 2186 daret,
967 2140 1088 2191 quod
1122 2142 1284 2182 contra
1316 2156 1542 2184 canonum
1574 2144 1691 2186 scita
1721 2145 1799 2186 mi-

302 2204 425 2232 seros
458 2193 677 2244 homines,
720 2196 816 2235 tam
849 2195 1250 2250 inexplicabilibus
1281 2202 1483 2254 negociis
1521 2202 1580 2243 ad
1611 2216 1799 2257 presens

300 2251 563 2305 implicitos,
605 2254 702 2293 tam
742 2253 900 2308 iniquo
933 2257 1139 2310 tempore
1172 2258 1361 2299 adortus
1392 2259 1570 2311 fuisset,
1614 2262 1798 2315 quando

298 2310 444 2350 tantis
484 2311 686 2365 undique
719 2312 945 2354 bellorum
977 2315 1190 2368 procellis
1228 2317 1390 2358 iactati
1430 2332 1523 2359 non
1555 2320 1702 2360 causis
1735 2320 1797 2362 di-

302 2370 458 2410 cendis
497 2384 672 2421 vacare,
716 2372 796 2413 sed
836 2372 979 2413 vitam
1020 2387 1149 2414 suam
1189 2375 1303 2429 fuga
1333 2376 1407 2417 vel
1449 2377 1585 2418 armis
1618 2391 1796 2421 servare
1810 2393 1844 2419 35

300 2441 484 2470 necesse
516 2429 753 2481 haberent,
787 2431 854 2472 ait
885 2445 912 2473 a
942 2432 1149 2474 Romano
1181 2431 1422 2488 pontifice¹
1463 2436 1551 2477 sibi
1582 2437 1669 2479 hoc
1701 2451 1796 2492 per-

301 2487 489 2528 missum
512 2502 620 2538 esse,
649 2491 702 2530 ut
725 2490 895 2544 absque
917 2490 1198 2545 legittimism
1219 2493 1428 2545 induciis,
1464 2495 1634 2549 absque
1666 2496 1795 2551 legit-

300 2545 454 2587 timalm
496 2547 788 2599 discussione,
839 2550 925 2600 die,
974 2564 1064 2605 quo
1106 2551 1193 2592 sibi
1234 2556 1511 2605 occurreret,
1556 2568 1632 2596 eos
1673 2555 1795 2598 iusto

298 2650 328 2678 a)
348 2648 422 2674 hant
441 2649 518 2678 Bia,
591 2652 622 2681 b)
641 2652 771 2679 musitat.
789 2653 850 2680 132.
924 2654 950 2684 e)
970 2653 1166 2679 emolumento
1186 2654 1247 2682 Al.
1267 2655 1344 2682 Bia.
1418 2655 1449 2687 d)
1467 2664 1522 2684 om.
1541 2656 1621 2686 Blb.
1688 2658 1715 2691 e)
1735 2659 1797 2686 obt.

300 2684 326 2707 A
338 2685 362 2711 1.
380 2685 406 2708 Β
418 2683 495 2712 lb.2.
559 2686 583 2719 ἰ)
602 2687 792 2718 Moguntinus
810 2689 871 2715 132.
935 2690 964 2720 g)
983 2689 1075 2716 Thur.
1093 2689 1190 2717 3102.
1254 2690 1284 2722 h)
1303 2698 1368 2723 syn.
1388 2692 1414 2716 A
1427 2693 1449 2719 1.
1468 2693 1582 2721 Bia.2.
1645 2693 1667 2726 i)
1686 2694 1843 2726 Erpes-4O

298 2719 361 2744 furt
380 2720 447 2752 A1;
474 2721 665 2752 erphesfurdt
684 2721 764 2751 Bib.
854 2723 885 2755 k)
905 2724 984 2750 inter
1002 2723 1081 2752 Blb.
1171 2724 1192 2758 l)
1211 2725 1269 2750 sibi
1289 2726 1344 2751 hoc
1363 2731 1444 2758 pont.
1462 2728 1522 2755 ΒΞ.
1614 2728 1654 2762 m)
1672 2729 1794 2761 legitim.

298 2754 326 2778 B
336 2755 367 2778 1⁵
379 2755 558 2788 plerumque.

301 2837 336 2879 1)
352 2836 531 2872 consentit
543 2839 670 2873 Bruno
687 2851 714 2875 c.
732 2842 793 2880 47,·
817 2842 862 2882 cf.
878 2842 1030 2876 Carmen
1048 2843 1120 2885 HI,
1136 2844 1337 2880 213—216.
1421 2847 1458 2889 2)
1482 2846 1660 2881 Numeros
1683 2847 1795 2890 affert

297 2883 481 2920 Berthold.
509 2887 622 2928 (Arm.
650 2887 688 2921 S.
714 2888 849 2928 Blasii)
869 2900 909 2932 p.
927 2891 1007 2925 279.
1105 2892 1141 2934 3>
1169 2890 1224 2932 Cf.
1250 2902 1363 2935 supra
1385 2904 1422 2936 p.
1441 2895 1522 2929 201.

2039 244 2046 253 .
2036 195 2046 208 ,ι
2031 175 2038 179 -«
2010 0 2046 166 ᾎᾲῑῑτῗ,.ῑρὲἱιῑιἐ
