<?xml version="1.0" encoding="UTF-8"?>
<!DOCTYPE html PUBLIC "-//W3C//DTD XHTML 1.0 Transitional//EN"
    "http://www.w3.org/TR/xhtml1/DTD/xhtml1-transitional.dtd">
<html xmlns="http://www.w3.org/1999/xhtml" xml:lang="en" lang="en">
 <head>
  <title>
</title>
<meta http-equiv="Content-Type" content="text/html;charset=utf-8" />
  <meta name='ocr-system' content='tesseract 3.04.00' />
  <meta name='ocr-capabilities' content='ocr_page ocr_carea ocr_par ocr_line ocrx_word'/>
</head>
<body>
  <div class='ocr_page' id='page_1' title='image "./lampertimonachih00lambuoft_0289.png"; bbox 0 0 2046 3190; ppageno 0'>
   <div class='ocr_carea' id='block_1_1' title="bbox 507 261 1663 298">
    <p class='ocr_par' dir='ltr' id='par_1_1' title="bbox 507 261 1663 298">
     <span class='ocr_line' id='line_1_1' title="bbox 507 261 1663 298; baseline -0.001 0"><span class='ocrx_word' id='word_1_1' title='bbox 507 261 779 298; x_wconf 65' lang='lat' dir='ltr'>LABffERTI</span> <span class='ocrx_word' id='word_1_2' title='bbox 803 261 1060 297; x_wconf 80' lang='lat' dir='ltr'>ANNALES.</span> <span class='ocrx_word' id='word_1_3' title='bbox 1110 261 1157 296; x_wconf 86' lang='lat' dir='ltr'>A.</span> <span class='ocrx_word' id='word_1_4' title='bbox 1186 263 1289 298; x_wconf 78' lang='lat'><strong>1075.</strong></span> <span class='ocrx_word' id='word_1_5' title='bbox 1592 263 1663 297; x_wconf 79' lang='lat'>213</span> 
     </span>
    </p>
   </div>
   <div class='ocr_carea' id='block_1_2' title="bbox 103 381 1864 2649">
    <p class='ocr_par' dir='ltr' id='par_1_2' title="bbox 105 381 1864 1337">
     <span class='ocr_line' id='line_1_2' title="bbox 150 381 1839 439; baseline -0.005 -8"><span class='ocrx_word' id='word_1_6' title='bbox 150 388 262 439; x_wconf 88' lang='lat' dir='ltr'>eius,</span> <span class='ocrx_word' id='word_1_7' title='bbox 305 387 381 430; x_wconf 83' lang='lat' dir='ltr'>cui</span> <span class='ocrx_word' id='word_1_8' title='bbox 421 385 753 428; x_wconf 89' lang='lat' dir='ltr'>contumeliam</span> <span class='ocrx_word' id='word_1_9' title='bbox 793 384 1027 435; x_wconf 70' lang='lat' dir='ltr'>fecissent,</span> <span class='ocrx_word' id='word_1_10' title='bbox 1072 384 1136 425; x_wconf 90' lang='lat' dir='ltr'>sic</span> <span class='ocrx_word' id='word_1_11' title='bbox 1168 386 1342 426; x_wconf 90' lang='lat' dir='ltr'>temere</span> <span class='ocrx_word' id='word_1_12' title='bbox 1375 381 1782 438; x_wconf 79' lang='lat' dir='ltr'>ingererent31075·</span> <span class='ocrx_word' id='word_1_13' title='bbox 1834 427 1839 432; x_wconf 58' lang='grc'><strong>,</strong></span> 
     </span>
     <span class='ocr_line' id='line_1_3' title="bbox 150 427 1864 503; baseline -0.004 -13"><span class='ocrx_word' id='word_1_14' title='bbox 150 447 357 503; x_wconf 89' lang='lat' dir='ltr'>alioquin</span> <span class='ocrx_word' id='word_1_15' title='bbox 395 446 525 502; x_wconf 85' lang='lat' dir='ltr'>regia</span> <span class='ocrx_word' id='word_1_16' title='bbox 565 459 760 488; x_wconf 78' lang='lat' dir='ltr'>censura</span> <span class='ocrx_word' id='word_1_17' title='bbox 801 444 1138 488; x_wconf 77' lang='lat' dir='ltr'>coercituruma</span> <span class='ocrx_word' id='word_1_18' title='bbox 1176 457 1223 486; x_wconf 88' lang='lat' dir='ltr'>se</span> <span class='ocrx_word' id='word_1_19' title='bbox 1261 444 1418 486; x_wconf 88' lang='lat' dir='ltr'>hostes</span> <span class='ocrx_word' id='word_1_20' title='bbox 1452 443 1663 498; x_wconf 90' lang='lat' dir='ltr'>publicos</span> <span class='ocrx_word' id='word_1_21' title='bbox 1677 427 1864 459; x_wconf 45' lang='lat' dir='ltr'>(Am-,Mam</span> 
     </span>
     <span class='ocr_line' id='line_1_4' title="bbox 150 503 1663 560; baseline -0.005 -10"><span class='ocrx_word' id='word_1_22' title='bbox 150 509 198 550; x_wconf 87' lang='lat' dir='ltr'>et</span> <span class='ocrx_word' id='word_1_23' title='bbox 237 506 532 549; x_wconf 71' lang='lat' dir='ltr'>insidiatores</span> <span class='ocrx_word' id='word_1_24' title='bbox 571 505 717 560; x_wconf 88' lang='lat' dir='ltr'>regni,</span> <span class='ocrx_word' id='word_1_25' title='bbox 761 505 840 559; x_wconf 92' lang='lat' dir='ltr'>qui</span> <span class='ocrx_word' id='word_1_26' title='bbox 881 504 966 546; x_wconf 92' lang='lat' dir='ltr'>sub</span> <span class='ocrx_word' id='word_1_27' title='bbox 1008 505 1226 559; x_wconf 87' lang='lat' dir='ltr'>pretextu</span> <span class='ocrx_word' id='word_1_28' title='bbox 1262 503 1510 558; x_wconf 73' lang='lat' dir='ltr'>legationis</span> <span class='ocrx_word' id='word_1_29' title='bbox 1543 517 1663 544; x_wconf 87' lang='lat' dir='ltr'>men-</span> 
     </span>
     <span class='ocr_line' id='line_1_5' title="bbox 151 562 1663 622; baseline -0.004 -13"><span class='ocrx_word' id='word_1_30' title='bbox 151 567 284 609; x_wconf 86' lang='lat' dir='ltr'>dacia</span> <span class='ocrx_word' id='word_1_31' title='bbox 315 580 399 608; x_wconf 90' lang='lat' dir='ltr'>sua</span> <span class='ocrx_word' id='word_1_32' title='bbox 430 580 513 622; x_wconf 91' lang='lat' dir='ltr'>per</span> <span class='ocrx_word' id='word_1_33' title='bbox 543 565 769 621; x_wconf 90' lang='lat' dir='ltr'>populum</span> <span class='ocrx_word' id='word_1_34' title='bbox 802 566 1007 607; x_wconf 83' lang='lat' dir='ltr'>sererent</span> <span class='ocrx_word' id='word_1_35' title='bbox 1041 563 1100 605; x_wconf 84' lang='lat' dir='ltr'>ad</span> <span class='ocrx_word' id='word_1_36' title='bbox 1133 562 1452 605; x_wconf 89' lang='lat' dir='ltr'>sollicitandos</span> <span class='ocrx_word' id='word_1_37' title='bbox 1486 563 1663 604; x_wconf 88' lang='lat' dir='ltr'>animos</span> 
     </span>
     <span class='ocr_line' id='line_1_6' title="bbox 119 622 1664 682; baseline -0.005 -13"><span class='ocrx_word' id='word_1_38' title='bbox 119 626 412 682; x_wconf 79' lang='lat' dir='ltr'>⁵principum</span> <span class='ocrx_word' id='word_1_39' title='bbox 465 627 513 668; x_wconf 92' lang='lat' dir='ltr'>et</span> <span class='ocrx_word' id='word_1_40' title='bbox 564 624 906 680; x_wconf 84' lang='lat' dir='ltr'>expeditionem</span> <span class='ocrx_word' id='word_1_41' title='bbox 963 637 1094 665; x_wconf 90' lang='lat' dir='ltr'>suam</span> <span class='ocrx_word' id='word_1_42' title='bbox 1145 622 1503 678; x_wconf 80' lang='lat' dir='ltr'>impediendam.</span> <span class='ocrx_word' id='word_1_43' title='bbox 1588 622 1664 663; x_wconf 89' lang='lat' dir='ltr'>Ita</span> 
     </span>
     <span class='ocr_line' id='line_1_7' title="bbox 149 681 1663 742; baseline -0.005 -13"><span class='ocrx_word' id='word_1_44' title='bbox 149 686 296 742; x_wconf 88' lang='lat' dir='ltr'>legati</span> <span class='ocrx_word' id='word_1_45' title='bbox 327 686 426 728; x_wconf 90' lang='lat' dir='ltr'>sine</span> <span class='ocrx_word' id='word_1_46' title='bbox 459 685 632 728; x_wconf 85' lang='lat' dir='ltr'>effectu</span> <span class='ocrx_word' id='word_1_47' title='bbox 663 684 835 726; x_wconf 87' lang='lat' dir='ltr'>reversi</span> <span class='ocrx_word' id='word_1_48' title='bbox 867 685 989 725; x_wconf 87' lang='lat' dir='ltr'>sunt.</span> <span class='ocrx_word' id='word_1_49' title='bbox 1038 683 1219 725; x_wconf 90' lang='lat' dir='ltr'>Iterum</span> <span class='ocrx_word' id='word_1_50' title='bbox 1246 682 1360 724; x_wconf 91' lang='lat' dir='ltr'>alios</span> <span class='ocrx_word' id='word_1_51' title='bbox 1388 683 1526 736; x_wconf 85' lang='lat' dir='ltr'>atque</span> <span class='ocrx_word' id='word_1_52' title='bbox 1549 681 1663 723; x_wconf 87' lang='lat' dir='ltr'>alios</span> 
     </span>
     <span class='ocr_line' id='line_1_8' title="bbox 150 742 1663 798; baseline -0.004 -10"><span class='ocrx_word' id='word_1_53' title='bbox 150 746 395 797; x_wconf 87' lang='lat' dir='ltr'>miserunt,</span> <span class='ocrx_word' id='word_1_54' title='bbox 439 746 520 788; x_wconf 91' lang='lat' dir='ltr'>sed</span> <span class='ocrx_word' id='word_1_55' title='bbox 553 745 714 787; x_wconf 89' lang='lat' dir='ltr'>eodem</span> <span class='ocrx_word' id='word_1_56' title='bbox 747 757 905 786; x_wconf 89' lang='lat' dir='ltr'>omnes</span> <span class='ocrx_word' id='word_1_57' title='bbox 937 743 1089 798; x_wconf 85' lang='lat' dir='ltr'>rigore</span> <span class='ocrx_word' id='word_1_58' title='bbox 1122 742 1388 784; x_wconf 90' lang='lat' dir='ltr'>obfirmatas</span> <span class='ocrx_word' id='word_1_59' title='bbox 1422 744 1584 783; x_wconf 90' lang='lat' dir='ltr'>contra</span> <span class='ocrx_word' id='word_1_60' title='bbox 1617 755 1663 783; x_wconf 90' lang='lat' dir='ltr'>se</span> 
     </span>
     <span class='ocr_line' id='line_1_9' title="bbox 150 801 1664 860; baseline -0.004 -12"><span class='ocrx_word' id='word_1_61' title='bbox 150 807 249 848; x_wconf 88' lang='lat' dir='ltr'>tam</span> <span class='ocrx_word' id='word_1_62' title='bbox 289 806 413 848; x_wconf 86' lang='lat' dir='ltr'>fores</span> <span class='ocrx_word' id='word_1_63' title='bbox 454 819 593 860; x_wconf 89' lang='lat' dir='ltr'>quam</span> <span class='ocrx_word' id='word_1_64' title='bbox 634 817 769 846; x_wconf 90' lang='lat' dir='ltr'>aures</span> <span class='ocrx_word' id='word_1_65' title='bbox 805 803 956 858; x_wconf 86' lang='lat' dir='ltr'>regias</span> <span class='ocrx_word' id='word_1_66' title='bbox 988 803 1267 845; x_wconf 87' lang='lat' dir='ltr'>invenerunt</span> <span class='ocrx_word' id='word_1_67' title='bbox 1282 802 1310 843; x_wconf 78' lang='lat'>1.</span> <span class='ocrx_word' id='word_1_68' title='bbox 1374 801 1526 844; x_wconf 83' lang='lat' dir='ltr'>Semel</span> <span class='ocrx_word' id='word_1_69' title='bbox 1560 816 1664 843; x_wconf 90' lang='lat' dir='ltr'>cum</span> 
     </span>
     <span class='ocr_line' id='line_1_10' title="bbox 151 861 1664 920; baseline -0.003 -13"><span class='ocrx_word' id='word_1_70' title='bbox 151 879 273 907; x_wconf 90' lang='lat' dir='ltr'>unus</span> <span class='ocrx_word' id='word_1_71' title='bbox 319 865 581 920; x_wconf 85' lang='lat' dir='ltr'>legatorum</span> <span class='ocrx_word' id='word_1_72' title='bbox 623 865 812 919; x_wconf 90' lang='lat' dir='ltr'>captata</span> <span class='ocrx_word' id='word_1_73' title='bbox 858 863 950 904; x_wconf 88' lang='lat' dir='ltr'>loci</span> <span class='ocrx_word' id='word_1_74' title='bbox 991 865 1038 904; x_wconf 92' lang='lat' dir='ltr'>et</span> <span class='ocrx_word' id='word_1_75' title='bbox 1077 862 1300 917; x_wconf 88' lang='lat' dir='ltr'>temporis</span> <span class='ocrx_word' id='word_1_76' title='bbox 1345 861 1664 916; x_wconf 85' lang='lat' dir='ltr'>oportunitate</span> 
     </span>
     <span class='ocr_line' id='line_1_11' title="bbox 105 921 1664 981; baseline -0.004 -13"><span class='ocrx_word' id='word_1_77' title='bbox 105 939 139 964; x_wconf 84' lang='lat'>10</span> <span class='ocrx_word' id='word_1_78' title='bbox 153 939 200 968; x_wconf 91' lang='lat' dir='ltr'>se</span> <span class='ocrx_word' id='word_1_79' title='bbox 239 925 500 981; x_wconf 83' lang='lat' dir='ltr'>inprovisus</span> <span class='ocrx_word' id='word_1_80' title='bbox 540 924 591 965; x_wconf 91' lang='lat' dir='ltr'>in</span> <span class='ocrx_word' id='word_1_81' title='bbox 632 924 932 978; x_wconf 87' lang='lat' dir='ltr'>conspectum</span> <span class='ocrx_word' id='word_1_82' title='bbox 973 922 1094 977; x_wconf 90' lang='lat' dir='ltr'>regis</span> <span class='ocrx_word' id='word_1_83' title='bbox 1126 921 1430 977; x_wconf 83' lang='lat' dir='ltr'>proripuisset</span> <span class='ocrx_word' id='word_1_84' title='bbox 1469 923 1515 962; x_wconf 92' lang='lat' dir='ltr'>et</span> <span class='ocrx_word' id='word_1_85' title='bbox 1548 935 1664 975; x_wconf 85' lang='lat' dir='ltr'>quae</span> 
     </span>
     <span class='ocr_line' id='line_1_12' title="bbox 151 980 1665 1038; baseline -0.005 -11"><span class='ocrx_word' id='word_1_86' title='bbox 151 985 202 1027; x_wconf 92' lang='lat' dir='ltr'>in</span> <span class='ocrx_word' id='word_1_87' title='bbox 242 985 474 1027; x_wconf 87' lang='lat' dir='ltr'>mandatis</span> <span class='ocrx_word' id='word_1_88' title='bbox 515 983 719 1026; x_wconf 90' lang='lat' dir='ltr'>habebat</span> <span class='ocrx_word' id='word_1_89' title='bbox 761 982 974 1038; x_wconf 91' lang='lat' dir='ltr'>proloqui</span> <span class='ocrx_word' id='word_1_90' title='bbox 1007 981 1216 1037; x_wconf 81' lang='lat' dir='ltr'>cepisset,</span> <span class='ocrx_word' id='word_1_91' title='bbox 1259 981 1335 1023; x_wconf 83' lang='lat' dir='ltr'>vix</span> <span class='ocrx_word' id='word_1_92' title='bbox 1373 981 1432 1022; x_wconf 91' lang='lat' dir='ltr'>ad</span> <span class='ocrx_word' id='word_1_93' title='bbox 1464 980 1665 1035; x_wconf 90' lang='lat' dir='ltr'>primum</span> 
     </span>
     <span class='ocr_line' id='line_1_13' title="bbox 153 1040 1665 1095; baseline -0.005 -8"><span class='ocrx_word' id='word_1_94' title='bbox 153 1045 376 1087; x_wconf 87' lang='lat' dir='ltr'>sermonis</span> <span class='ocrx_word' id='word_1_95' title='bbox 417 1044 656 1087; x_wconf 85' lang='lat' dir='ltr'>exordium</span> <span class='ocrx_word' id='word_1_96' title='bbox 704 1043 814 1084; x_wconf 90' lang='lat' dir='ltr'>dato</span> <span class='ocrx_word' id='word_1_97' title='bbox 856 1042 1042 1084; x_wconf 87' lang='lat' dir='ltr'>silentio</span> <span class='ocrx_word' id='word_1_98' title='bbox 1084 1041 1244 1083; x_wconf 88' lang='lat' dir='ltr'>statim</span> <span class='ocrx_word' id='word_1_99' title='bbox 1286 1055 1390 1082; x_wconf 87' lang='lat' dir='ltr'>cum</span> <span class='ocrx_word' id='word_1_100' title='bbox 1432 1040 1562 1095; x_wconf 85' lang='lat' dir='ltr'>gravi</span> <span class='ocrx_word' id='word_1_101' title='bbox 1602 1040 1665 1080; x_wconf 87' lang='lat' dir='ltr'>in-</span> 
     </span>
     <span class='ocr_line' id='line_1_14' title="bbox 154 1095 1664 1160; baseline -0.004 -14"><span class='ocrx_word' id='word_1_102' title='bbox 154 1104 424 1160; x_wconf 85' lang='lat' dir='ltr'>dignatione</span> <span class='ocrx_word' id='word_1_103' title='bbox 465 1103 665 1146; x_wconf 89' lang='lat' dir='ltr'>reiectus</span> <span class='ocrx_word' id='word_1_104' title='bbox 703 1104 792 1152; x_wconf 85' lang='lat' dir='ltr'>est,</span> <span class='ocrx_word' id='word_1_105' title='bbox 837 1104 884 1144; x_wconf 93' lang='lat' dir='ltr'>et</span> <span class='ocrx_word' id='word_1_106' title='bbox 926 1115 1031 1143; x_wconf 91' lang='lat' dir='ltr'>cum</span> <span class='ocrx_word' id='word_1_107' title='bbox 1069 1100 1126 1143; x_wconf 92' lang='lat' dir='ltr'>ab</span> <span class='ocrx_word' id='word_1_108' title='bbox 1168 1095 1418 1142; x_wconf 88' lang='lat' dir='ltr'>Udalricob</span> <span class='ocrx_word' id='word_1_109' title='bbox 1465 1100 1664 1154; x_wconf 89' lang='lat' dir='ltr'>quodam</span> 
     </span>
     <span class='ocr_line' id='line_1_15' title="bbox 152 1159 1665 1219; baseline -0.004 -13"><span class='ocrx_word' id='word_1_110' title='bbox 152 1164 280 1219; x_wconf 87' lang='lat' dir='ltr'>regio</span> <span class='ocrx_word' id='word_1_111' title='bbox 303 1163 506 1206; x_wconf 85' lang='lat' dir='ltr'>satellite</span> <span class='ocrx_word' id='word_1_112' title='bbox 534 1163 584 1204; x_wconf 92' lang='lat' dir='ltr'>in</span> <span class='ocrx_word' id='word_1_113' title='bbox 606 1162 858 1204; x_wconf 89' lang='lat' dir='ltr'>crastinum</span> <span class='ocrx_word' id='word_1_114' title='bbox 886 1161 1138 1203; x_wconf 86' lang='lat' dir='ltr'>servandus</span> <span class='ocrx_word' id='word_1_115' title='bbox 1161 1160 1391 1202; x_wconf 89' lang='lat' dir='ltr'>abductus</span> <span class='ocrx_word' id='word_1_116' title='bbox 1414 1159 1488 1201; x_wconf 91' lang='lat' dir='ltr'>vel</span> <span class='ocrx_word' id='word_1_117' title='bbox 1506 1159 1665 1214; x_wconf 89' lang='lat' dir='ltr'>pocius</span> 
     </span>
     <span class='ocr_line' id='line_1_16' title="bbox 105 1219 1667 1280; baseline -0.002 -17"><span class='ocrx_word' id='word_1_118' title='bbox 105 1236 140 1263; x_wconf 86' lang='lat'>15</span> <span class='ocrx_word' id='word_1_119' title='bbox 153 1224 373 1280; x_wconf 86' lang='lat' dir='ltr'>abreptus</span> <span class='ocrx_word' id='word_1_120' title='bbox 403 1223 584 1274; x_wconf 83' lang='lat' dir='ltr'>fuisset,</span> <span class='ocrx_word' id='word_1_121' title='bbox 628 1222 862 1277; x_wconf 69' lang='lat' dir='ltr'>proximoss</span> <span class='ocrx_word' id='word_1_122' title='bbox 902 1234 1049 1271; x_wconf 88' lang='lat' dir='ltr'>mane,</span> <span class='ocrx_word' id='word_1_123' title='bbox 1094 1220 1233 1262; x_wconf 88' lang='lat' dir='ltr'>elusis</span> <span class='ocrx_word' id='word_1_124' title='bbox 1267 1219 1549 1269; x_wconf 85' lang='lat' dir='ltr'>custodibus,</span> <span class='ocrx_word' id='word_1_125' title='bbox 1591 1219 1667 1260; x_wconf 80' lang='lat' dir='ltr'>vix</span> 
     </span>
     <span class='ocr_line' id='line_1_17' title="bbox 151 1282 663 1337; baseline -0.008 -11"><span class='ocrx_word' id='word_1_126' title='bbox 151 1283 250 1326; x_wconf 75' lang='lat' dir='ltr'>vita</span> <span class='ocrx_word' id='word_1_127' title='bbox 281 1283 450 1326; x_wconf 86' lang='lat' dir='ltr'>comite</span> <span class='ocrx_word' id='word_1_128' title='bbox 483 1282 663 1337; x_wconf 85' lang='lat' dir='ltr'>effugit.</span> 
     </span>
    </p>

    <p class='ocr_par' dir='ltr' id='par_1_3' title="bbox 152 1337 1666 1518">
     <span class='ocr_line' id='line_1_18' title="bbox 298 1337 1666 1395; baseline -0.004 -10"><span class='ocrx_word' id='word_1_129' title='bbox 298 1343 481 1385; x_wconf 88' lang='lat' dir='ltr'>Dehinc</span> <span class='ocrx_word' id='word_1_130' title='bbox 523 1341 694 1384; x_wconf 88' lang='lat' dir='ltr'>crebris</span> <span class='ocrx_word' id='word_1_131' title='bbox 735 1340 1049 1395; x_wconf 86' lang='lat' dir='ltr'>legationibus</span> <span class='ocrx_word' id='word_1_132' title='bbox 1091 1339 1243 1381; x_wconf 90' lang='lat' dir='ltr'>adorti</span> <span class='ocrx_word' id='word_1_133' title='bbox 1291 1339 1456 1380; x_wconf 89' lang='lat' dir='ltr'>ducem</span> <span class='ocrx_word' id='word_1_134' title='bbox 1495 1337 1666 1380; x_wconf 82' lang='lat' dir='ltr'>Rudol-</span> 
     </span>
     <span class='ocr_line' id='line_1_19' title="bbox 152 1398 1666 1454; baseline -0.003 -9"><span class='ocrx_word' id='word_1_135' title='bbox 152 1399 300 1454; x_wconf 71' lang='lat' dir='ltr'>fumd,</span> <span class='ocrx_word' id='word_1_136' title='bbox 335 1403 501 1445; x_wconf 90' lang='lat' dir='ltr'>ducem</span> <span class='ocrx_word' id='word_1_137' title='bbox 533 1401 888 1451; x_wconf 68' lang='lat' dir='ltr'>Berhtoldume,</span> <span class='ocrx_word' id='word_1_138' title='bbox 932 1400 1098 1442; x_wconf 86' lang='lat' dir='ltr'>ducem</span> <span class='ocrx_word' id='word_1_139' title='bbox 1131 1398 1409 1441; x_wconf 86' lang='lat' dir='ltr'>Gozelonem</span> <span class='ocrx_word' id='word_1_140' title='bbox 1443 1400 1489 1440; x_wconf 92' lang='lat' dir='ltr'>et</span> <span class='ocrx_word' id='word_1_141' title='bbox 1522 1400 1666 1440; x_wconf 76' lang='lat' dir='ltr'>caete-</span> 
     </span>
     <span class='ocr_line' id='line_1_20' title="bbox 152 1457 1666 1518; baseline -0.005 -13"><span class='ocrx_word' id='word_1_142' title='bbox 152 1476 228 1505; x_wconf 89' lang='lat' dir='ltr'>ros</span> <span class='ocrx_word' id='word_1_143' title='bbox 246 1462 492 1518; x_wconf 83' lang='lat' dir='ltr'>-principes</span> <span class='ocrx_word' id='word_1_144' title='bbox 506 1463 533 1510; x_wconf 77' lang='lat'>²,</span> <span class='ocrx_word' id='word_1_145' title='bbox 577 1475 691 1516; x_wconf 92' lang='lat' dir='ltr'>quos</span> <span class='ocrx_word' id='word_1_146' title='bbox 723 1460 958 1516; x_wconf 86' lang='lat' dir='ltr'>superiore</span> <span class='ocrx_word' id='word_1_147' title='bbox 996 1459 1120 1502; x_wconf 87' lang='lat' dir='ltr'>bello</span> <span class='ocrx_word' id='word_1_148' title='bbox 1154 1458 1486 1501; x_wconf 89' lang='lat' dir='ltr'>coniurationis</span> <span class='ocrx_word' id='word_1_149' title='bbox 1519 1457 1666 1499; x_wconf 86' lang='lat' dir='ltr'>socios</span> 
     </span>
    </p>

    <p class='ocr_par' dir='ltr' id='par_1_4' title="bbox 103 1512 1668 1813">
     <span class='ocr_line' id='line_1_21' title="bbox 103 1512 1664 1576; baseline -0.003 -13"><span class='ocrx_word' id='word_1_150' title='bbox 103 1537 141 1563; x_wconf 58' lang='grc' dir='ltr'>πο</span> <span class='ocrx_word' id='word_1_151' title='bbox 154 1522 428 1574; x_wconf 88' lang='lat' dir='ltr'>habuerant,</span> <span class='ocrx_word' id='word_1_152' title='bbox 462 1522 602 1564; x_wconf 88' lang='lat' dir='ltr'>fidem</span> <span class='ocrx_word' id='word_1_153' title='bbox 629 1521 895 1576; x_wconf 90' lang='lat' dir='ltr'>implorant,</span> <span class='ocrx_word' id='word_1_154' title='bbox 928 1519 1114 1569; x_wconf 77' lang='lat' dir='ltr'>federis,</span> <span class='ocrx_word' id='word_1_155' title='bbox 1145 1519 1269 1574; x_wconf 90' lang='lat' dir='ltr'>quod</span> <span class='ocrx_word' id='word_1_156' title='bbox 1291 1518 1576 1573; x_wconf 87' lang='lat' dir='ltr'>pepigissent</span> <span class='ocrx_word' id='word_1_157' title='bbox 1589 1512 1664 1565; x_wconf 53' lang='lat'>¹²³,</span> 
     </span>
     <span class='ocr_line' id='line_1_22' title="bbox 155 1578 1666 1635; baseline -0.005 -11"><span class='ocrx_word' id='word_1_158' title='bbox 155 1583 419 1633; x_wconf 87' lang='lat' dir='ltr'>admonent,</span> <span class='ocrx_word' id='word_1_159' title='bbox 453 1582 872 1635; x_wconf 75' lang='lat' dir='ltr'>obtestanturqueg</span> <span class='ocrx_word' id='word_1_160' title='bbox 907 1593 989 1634; x_wconf 92' lang='lat' dir='ltr'>per</span> <span class='ocrx_word' id='word_1_161' title='bbox 1021 1579 1187 1629; x_wconf 85' lang='lat' dir='ltr'>Deum,</span> <span class='ocrx_word' id='word_1_162' title='bbox 1222 1592 1304 1634; x_wconf 92' lang='lat' dir='ltr'>per</span> <span class='ocrx_word' id='word_1_163' title='bbox 1335 1578 1466 1620; x_wconf 88' lang='lat' dir='ltr'>cuius</span> <span class='ocrx_word' id='word_1_164' title='bbox 1498 1590 1666 1619; x_wconf 87' lang='lat' dir='ltr'>nomen</span> 
     </span>
     <span class='ocr_line' id='line_1_23' title="bbox 154 1631 1656 1695; baseline -0.005 -12"><span class='ocrx_word' id='word_1_165' title='bbox 154 1642 204 1683; x_wconf 90' lang='lat' dir='ltr'>in</span> <span class='ocrx_word' id='word_1_166' title='bbox 228 1642 366 1683; x_wconf 90' lang='lat' dir='ltr'>unius</span> <span class='ocrx_word' id='word_1_167' title='bbox 399 1635 724 1695; x_wconf 78' lang='lat' dir='ltr'>eiusdemqueh</span> <span class='ocrx_word' id='word_1_168' title='bbox 750 1639 951 1681; x_wconf 89' lang='lat' dir='ltr'>miliciae</span> <span class='ocrx_word' id='word_1_169' title='bbox 983 1640 1274 1681; x_wconf 88' lang='lat' dir='ltr'>sacramenta</span> <span class='ocrx_word' id='word_1_170' title='bbox 1303 1637 1547 1687; x_wconf 88' lang='lat' dir='ltr'>iurassent,</span> <span class='ocrx_word' id='word_1_171' title='bbox 1583 1631 1656 1677; x_wconf 79' lang='lat' dir='ltr'>uti</span> 
     </span>
     <span class='ocr_line' id='line_1_24' title="bbox 156 1694 1667 1756; baseline -0.005 -13"><span class='ocrx_word' id='word_1_172' title='bbox 156 1701 302 1743; x_wconf 88' lang='lat' dir='ltr'>assint</span> <span class='ocrx_word' id='word_1_173' title='bbox 333 1700 719 1756; x_wconf 84' lang='lat' dir='ltr'>periclitantibus,</span> <span class='ocrx_word' id='word_1_174' title='bbox 755 1701 802 1741; x_wconf 90' lang='lat' dir='ltr'>et</span> <span class='ocrx_word' id='word_1_175' title='bbox 833 1694 983 1740; x_wconf 82' lang='lat' dir='ltr'>sicutk</span> <span class='ocrx_word' id='word_1_176' title='bbox 1009 1699 1136 1753; x_wconf 89' lang='lat' dir='ltr'>prius</span> <span class='ocrx_word' id='word_1_177' title='bbox 1165 1697 1368 1752; x_wconf 89' lang='lat' dir='ltr'>gerendo</span> <span class='ocrx_word' id='word_1_178' title='bbox 1396 1696 1518 1739; x_wconf 89' lang='lat' dir='ltr'>bello</span> <span class='ocrx_word' id='word_1_179' title='bbox 1544 1696 1667 1737; x_wconf 82' lang='lat' dir='ltr'>favo-</span> 
     </span>
     <span class='ocr_line' id='line_1_25' title="bbox 155 1755 1668 1813; baseline -0.004 -11"><span class='ocrx_word' id='word_1_180' title='bbox 155 1774 253 1803; x_wconf 89' lang='lat' dir='ltr'>rem</span> <span class='ocrx_word' id='word_1_181' title='bbox 285 1774 432 1811; x_wconf 90' lang='lat' dir='ltr'>suum,</span> <span class='ocrx_word' id='word_1_182' title='bbox 466 1761 534 1801; x_wconf 88' lang='lat' dir='ltr'>ita</span> <span class='ocrx_word' id='word_1_183' title='bbox 565 1773 689 1801; x_wconf 90' lang='lat' dir='ltr'>nunc</span> <span class='ocrx_word' id='word_1_184' title='bbox 720 1758 1006 1813; x_wconf 85' lang='lat' dir='ltr'>reparandae</span> <span class='ocrx_word' id='word_1_185' title='bbox 1039 1757 1156 1812; x_wconf 83' lang='lat' dir='ltr'>paci,</span> <span class='ocrx_word' id='word_1_186' title='bbox 1196 1757 1414 1811; x_wconf 89' lang='lat' dir='ltr'>quoniam</span> <span class='ocrx_word' id='word_1_187' title='bbox 1446 1769 1522 1797; x_wconf 89' lang='lat' dir='ltr'>eos</span> <span class='ocrx_word' id='word_1_188' title='bbox 1556 1755 1668 1797; x_wconf 91' lang='lat' dir='ltr'>belli</span> 
     </span>
    </p>

    <p class='ocr_par' dir='ltr' id='par_1_5' title="bbox 107 1815 1668 2113">
     <span class='ocr_line' id='line_1_26' title="bbox 107 1815 1666 1876; baseline -0.004 -16"><span class='ocrx_word' id='word_1_189' title='bbox 107 1835 143 1860; x_wconf 77' lang='lat'>25</span> <span class='ocrx_word' id='word_1_190' title='bbox 157 1820 379 1876; x_wconf 84' lang='lat' dir='ltr'>peniteat,</span> <span class='ocrx_word' id='word_1_191' title='bbox 423 1819 646 1862; x_wconf 83' lang='lat' dir='ltr'>auxilium</span> <span class='ocrx_word' id='word_1_192' title='bbox 689 1818 1024 1872; x_wconf 90' lang='lat' dir='ltr'>consiliumque</span> <span class='ocrx_word' id='word_1_193' title='bbox 1066 1831 1201 1858; x_wconf 89' lang='lat' dir='ltr'>suum</span> <span class='ocrx_word' id='word_1_194' title='bbox 1241 1830 1336 1858; x_wconf 90' lang='lat' dir='ltr'>non</span> <span class='ocrx_word' id='word_1_195' title='bbox 1373 1815 1666 1857; x_wconf 85' lang='lat' dir='ltr'>subtrahant.</span> 
     </span>
     <span class='ocr_line' id='line_1_27' title="bbox 158 1872 1668 1934; baseline -0.005 -12"><span class='ocrx_word' id='word_1_196' title='bbox 158 1879 250 1922; x_wconf 85' lang='lat' dir='ltr'>Sed</span> <span class='ocrx_word' id='word_1_197' title='bbox 289 1880 412 1934; x_wconf 85' lang='lat' dir='ltr'>regis</span> <span class='ocrx_word' id='word_1_198' title='bbox 452 1879 714 1934; x_wconf 88' lang='lat' dir='ltr'>prudentia,</span> <span class='ocrx_word' id='word_1_199' title='bbox 758 1891 848 1932; x_wconf 87' lang='lat' dir='ltr'>qua</span> <span class='ocrx_word' id='word_1_200' title='bbox 889 1872 1051 1932; x_wconf 86' lang='lat' dir='ltr'>supra¹</span> <span class='ocrx_word' id='word_1_201' title='bbox 1093 1878 1295 1918; x_wconf 88' lang='lat' dir='ltr'>aetatem</span> <span class='ocrx_word' id='word_1_202' title='bbox 1337 1889 1467 1916; x_wconf 91' lang='lat' dir='ltr'>suam</span> <span class='ocrx_word' id='word_1_203' title='bbox 1500 1875 1668 1915; x_wconf 87' lang='lat' dir='ltr'>mirum</span> 
     </span>
     <span class='ocr_line' id='line_1_28' title="bbox 156 1935 1667 1992; baseline -0.005 -11"><span class='ocrx_word' id='word_1_204' title='bbox 156 1940 206 1981; x_wconf 88' lang='lat' dir='ltr'>in</span> <span class='ocrx_word' id='word_1_205' title='bbox 247 1940 435 1981; x_wconf 86' lang='lat' dir='ltr'>modum</span> <span class='ocrx_word' id='word_1_206' title='bbox 474 1938 688 1989; x_wconf 87' lang='lat' dir='ltr'>callebat,</span> <span class='ocrx_word' id='word_1_207' title='bbox 731 1937 888 1979; x_wconf 89' lang='lat' dir='ltr'>omnia</span> <span class='ocrx_word' id='word_1_208' title='bbox 919 1938 1136 1992; x_wconf 85' lang='lat' dir='ltr'>sepserat,</span> <span class='ocrx_word' id='word_1_209' title='bbox 1171 1948 1328 1977; x_wconf 90' lang='lat' dir='ltr'>omnes</span> <span class='ocrx_word' id='word_1_210' title='bbox 1360 1935 1470 1984; x_wconf 88' lang='lat' dir='ltr'>vias,</span> <span class='ocrx_word' id='word_1_211' title='bbox 1510 1947 1667 1975; x_wconf 88' lang='lat' dir='ltr'>omnes</span> 
     </span>
     <span class='ocr_line' id='line_1_29' title="bbox 158 1993 1668 2052; baseline -0.005 -11"><span class='ocrx_word' id='word_1_212' title='bbox 158 1999 313 2041; x_wconf 85' lang='lat' dir='ltr'>aditus</span> <span class='ocrx_word' id='word_1_213' title='bbox 346 1998 652 2041; x_wconf 88' lang='lat' dir='ltr'>obstruxerat.</span> <span class='ocrx_word' id='word_1_214' title='bbox 711 1997 950 2052; x_wconf 85' lang='lat' dir='ltr'>Siquidem</span> <span class='ocrx_word' id='word_1_215' title='bbox 982 2010 1009 2037; x_wconf 90' lang='lat' dir='ltr'>a</span> <span class='ocrx_word' id='word_1_216' title='bbox 1041 1995 1222 2037; x_wconf 89' lang='lat' dir='ltr'>cunctis</span> <span class='ocrx_word' id='word_1_217' title='bbox 1254 1993 1541 2050; x_wconf 88' lang='lat' dir='ltr'>principibus</span> <span class='ocrx_word' id='word_1_218' title='bbox 1575 1993 1668 2034; x_wconf 86' lang='lat' dir='ltr'>suis</span> 
     </span>
     <span class='ocr_line' id='line_1_30' title="bbox 157 2054 1668 2113; baseline -0.004 -13"><span class='ocrx_word' id='word_1_219' title='bbox 157 2059 479 2100; x_wconf 86' lang='lat' dir='ltr'>iusiurandum</span> <span class='ocrx_word' id='word_1_220' title='bbox 511 2059 765 2113; x_wconf 87' lang='lat' dir='ltr'>acceperat,</span> <span class='ocrx_word' id='word_1_221' title='bbox 799 2057 923 2111; x_wconf 91' lang='lat' dir='ltr'>quod</span> <span class='ocrx_word' id='word_1_222' title='bbox 955 2055 1108 2097; x_wconf 90' lang='lat' dir='ltr'>nullas</span> <span class='ocrx_word' id='word_1_223' title='bbox 1141 2069 1300 2098; x_wconf 89' lang='lat' dir='ltr'>eorum</span> <span class='ocrx_word' id='word_1_224' title='bbox 1331 2054 1588 2108; x_wconf 87' lang='lat' dir='ltr'>legationes</span> <span class='ocrx_word' id='word_1_225' title='bbox 1621 2067 1668 2094; x_wconf 89' lang='lat' dir='ltr'>se</span> 
     </span>
    </p>

    <p class='ocr_par' dir='ltr' id='par_1_6' title="bbox 109 2113 1670 2412">
     <span class='ocr_line' id='line_1_31' title="bbox 109 2113 1667 2173; baseline -0.004 -13"><span class='ocrx_word' id='word_1_226' title='bbox 109 2134 145 2160; x_wconf 81' lang='lat'>30</span> <span class='ocrx_word' id='word_1_227' title='bbox 158 2118 423 2161; x_wconf 87' lang='lat' dir='ltr'>inconsulto</span> <span class='ocrx_word' id='word_1_228' title='bbox 456 2117 755 2173; x_wconf 87' lang='lat' dir='ltr'>susciperent,</span> <span class='ocrx_word' id='word_1_229' title='bbox 798 2116 922 2171; x_wconf 89' lang='lat' dir='ltr'>quod</span> <span class='ocrx_word' id='word_1_230' title='bbox 963 2129 1040 2158; x_wconf 89' lang='lat' dir='ltr'>eos</span> <span class='ocrx_word' id='word_1_231' title='bbox 1077 2129 1162 2157; x_wconf 91' lang='lat' dir='ltr'>nec</span> <span class='ocrx_word' id='word_1_232' title='bbox 1195 2114 1333 2156; x_wconf 90' lang='lat' dir='ltr'>armis</span> <span class='ocrx_word' id='word_1_233' title='bbox 1365 2113 1551 2169; x_wconf 89' lang='lat' dir='ltr'>publice</span> <span class='ocrx_word' id='word_1_234' title='bbox 1583 2127 1667 2154; x_wconf 89' lang='lat' dir='ltr'>nec</span> 
     </span>
     <span class='ocr_line' id='line_1_32' title="bbox 159 2172 1669 2230; baseline -0.005 -10"><span class='ocrx_word' id='word_1_235' title='bbox 159 2177 362 2220; x_wconf 88' lang='lat' dir='ltr'>consiliis</span> <span class='ocrx_word' id='word_1_236' title='bbox 403 2183 580 2220; x_wconf 87' lang='lat' dir='ltr'>secreto</span> <span class='ocrx_word' id='word_1_237' title='bbox 618 2178 886 2219; x_wconf 87' lang='lat' dir='ltr'>tutarentur</span> <span class='ocrx_word' id='word_1_238' title='bbox 924 2189 1010 2218; x_wconf 91' lang='lat' dir='ltr'>nec</span> <span class='ocrx_word' id='word_1_239' title='bbox 1052 2174 1141 2217; x_wconf 87' lang='lat' dir='ltr'>sibi</span> <span class='ocrx_word' id='word_1_240' title='bbox 1181 2188 1264 2230; x_wconf 90' lang='lat' dir='ltr'>pro</span> <span class='ocrx_word' id='word_1_241' title='bbox 1305 2174 1380 2216; x_wconf 74' lang='lat' dir='ltr'>eisv</span> <span class='ocrx_word' id='word_1_242' title='bbox 1402 2187 1559 2229; x_wconf 89' lang='lat' dir='ltr'>preces</span> <span class='ocrx_word' id='word_1_243' title='bbox 1592 2172 1669 2214; x_wconf 86' lang='lat' dir='ltr'>ali-</span> 
     </span>
     <span class='ocr_line' id='line_1_33' title="bbox 159 2234 1668 2293; baseline -0.005 -13"><span class='ocrx_word' id='word_1_244' title='bbox 159 2238 343 2292; x_wconf 86' lang='lat' dir='ltr'>quando</span> <span class='ocrx_word' id='word_1_245' title='bbox 385 2237 837 2293; x_wconf 89' lang='lat' dir='ltr'>supplicationesque</span> <span class='ocrx_word' id='word_1_246' title='bbox 880 2236 1129 2285; x_wconf 81' lang='lat' dir='ltr'>deferrent,</span> <span class='ocrx_word' id='word_1_247' title='bbox 1174 2235 1319 2276; x_wconf 90' lang='lat' dir='ltr'>donec</span> <span class='ocrx_word' id='word_1_248' title='bbox 1361 2247 1408 2275; x_wconf 92' lang='lat' dir='ltr'>se</span> <span class='ocrx_word' id='word_1_249' title='bbox 1451 2234 1668 2287; x_wconf 85' lang='lat' dir='ltr'>acceptae</span> 
     </span>
     <span class='ocr_line' id='line_1_34' title="bbox 159 2292 1668 2352; baseline -0.005 -12"><span class='ocrx_word' id='word_1_250' title='bbox 159 2298 216 2340; x_wconf 86' lang='lat' dir='ltr'>ab</span> <span class='ocrx_word' id='word_1_251' title='bbox 240 2298 305 2340; x_wconf 89' lang='lat' dir='ltr'>eis</span> <span class='ocrx_word' id='word_1_252' title='bbox 326 2297 608 2352; x_wconf 84' lang='lat' dir='ltr'>ignominiae</span> <span class='ocrx_word' id='word_1_253' title='bbox 630 2296 861 2339; x_wconf 89' lang='lat' dir='ltr'>maculam</span> <span class='ocrx_word' id='word_1_254' title='bbox 884 2295 1026 2350; x_wconf 89' lang='lat' dir='ltr'>digna</span> <span class='ocrx_word' id='word_1_255' title='bbox 1047 2293 1445 2336; x_wconf 84' lang='lat' dir='ltr'>animadversione</span> <span class='ocrx_word' id='word_1_256' title='bbox 1469 2292 1668 2334; x_wconf 86' lang='lat' dir='ltr'>eluisse¹¹¹</span> 
     </span>
     <span class='ocr_line' id='line_1_35' title="bbox 158 2350 1670 2412; baseline -0.005 -13"><span class='ocrx_word' id='word_1_257' title='bbox 158 2357 256 2412; x_wconf 90' lang='lat' dir='ltr'>ipse</span> <span class='ocrx_word' id='word_1_258' title='bbox 287 2357 428 2399; x_wconf 83' lang='lat' dir='ltr'>iudex</span> <span class='ocrx_word' id='word_1_259' title='bbox 458 2357 682 2411; x_wconf 82' lang='lat' dir='ltr'>testisque</span> <span class='ocrx_word' id='word_1_260' title='bbox 713 2356 956 2398; x_wconf 83' lang='lat' dir='ltr'>fateretur.</span> <span class='ocrx_word' id='word_1_261' title='bbox 1020 2354 1097 2396; x_wconf 91' lang='lat' dir='ltr'>Ita</span> <span class='ocrx_word' id='word_1_262' title='bbox 1129 2366 1417 2408; x_wconf 87' lang='lat' dir='ltr'>quocumque</span> <span class='ocrx_word' id='word_1_263' title='bbox 1449 2350 1670 2393; x_wconf 88' lang='lat' dir='ltr'>intendis-</span> 
     </span>
    </p>

    <p class='ocr_par' dir='ltr' id='par_1_7' title="bbox 109 2410 1669 2531">
     <span class='ocr_line' id='line_1_36' title="bbox 109 2410 1669 2471; baseline -0.006 -12"><span class='ocrx_word' id='word_1_264' title='bbox 109 2432 146 2459; x_wconf 76' lang='lat'>85</span> <span class='ocrx_word' id='word_1_265' title='bbox 160 2419 282 2467; x_wconf 86' lang='lat' dir='ltr'>sent,</span> <span class='ocrx_word' id='word_1_266' title='bbox 332 2430 668 2471; x_wconf 88' lang='lat' dir='ltr'>quamcumque</span> <span class='ocrx_word' id='word_1_267' title='bbox 715 2416 837 2457; x_wconf 85' lang='lat' dir='ltr'>viam</span> <span class='ocrx_word' id='word_1_268' title='bbox 880 2415 1290 2470; x_wconf 88' lang='lat' dir='ltr'>pertemptassent,</span> <span class='ocrx_word' id='word_1_269' title='bbox 1342 2411 1497 2454; x_wconf 88' lang='lat' dir='ltr'>omnia</span> <span class='ocrx_word' id='word_1_270' title='bbox 1539 2410 1669 2452; x_wconf 87' lang='lat' dir='ltr'>obfir-</span> 
     </span>
     <span class='ocr_line' id='line_1_37' title="bbox 161 2475 1191 2531; baseline -0.004 -13"><span class='ocrx_word' id='word_1_271' title='bbox 161 2479 332 2525; x_wconf 71' lang='lat' dir='ltr'>matan,</span> <span class='ocrx_word' id='word_1_272' title='bbox 364 2476 616 2531; x_wconf 87' lang='lat' dir='ltr'>implicata,</span> <span class='ocrx_word' id='word_1_273' title='bbox 650 2475 875 2530; x_wconf 89' lang='lat' dir='ltr'>impedita</span> <span class='ocrx_word' id='word_1_274' title='bbox 907 2475 1191 2529; x_wconf 90' lang='lat' dir='ltr'>repererunt.</span> 
     </span>
    </p>

    <p class='ocr_par' dir='ltr' id='par_1_8' title="bbox 162 2532 1670 2649">
     <span class='ocr_line' id='line_1_38' title="bbox 304 2532 1670 2590; baseline -0.005 -14"><span class='ocrx_word' id='word_1_275' title='bbox 304 2536 450 2576; x_wconf 83' lang='lat' dir='ltr'>Exin⁰</span> <span class='ocrx_word' id='word_1_276' title='bbox 479 2535 640 2578; x_wconf 87' lang='lat' dir='ltr'>crebra</span> <span class='ocrx_word' id='word_1_277' title='bbox 670 2549 753 2590; x_wconf 92' lang='lat' dir='ltr'>per</span> <span class='ocrx_word' id='word_1_278' title='bbox 785 2534 1030 2576; x_wconf 82' lang='lat' dir='ltr'>Saxoniam</span> <span class='ocrx_word' id='word_1_279' title='bbox 1063 2532 1451 2586; x_wconf 69' lang='lat' dir='ltr'>Turingiamquev</span> <span class='ocrx_word' id='word_1_280' title='bbox 1479 2542 1670 2571; x_wconf 82' lang='lat' dir='ltr'>conven-</span> 
     </span>
     <span class='ocr_line' id='line_1_39' title="bbox 162 2587 1670 2649; baseline -0.005 -13"><span class='ocrx_word' id='word_1_281' title='bbox 162 2594 308 2636; x_wconf 89' lang='lat' dir='ltr'>ticula</span> <span class='ocrx_word' id='word_1_282' title='bbox 338 2595 533 2645; x_wconf 82' lang='lat' dir='ltr'>faciunt,</span> <span class='ocrx_word' id='word_1_283' title='bbox 567 2595 707 2649; x_wconf 80' lang='lat' dir='ltr'>quidq</span> <span class='ocrx_word' id='word_1_284' title='bbox 742 2594 870 2636; x_wconf 84' lang='lat' dir='ltr'>facto</span> <span class='ocrx_word' id='word_1_285' title='bbox 899 2606 1014 2648; x_wconf 90' lang='lat' dir='ltr'>opus</span> <span class='ocrx_word' id='word_1_286' title='bbox 1047 2592 1119 2642; x_wconf 87' lang='lat' dir='ltr'>sit,</span> <span class='ocrx_word' id='word_1_287' title='bbox 1155 2591 1418 2637; x_wconf 82' lang='lat' dir='ltr'>consulunt,</span> <span class='ocrx_word' id='word_1_288' title='bbox 1454 2587 1670 2630; x_wconf 87' lang='lat' dir='ltr'>discussis</span> 
     </span>
    </p>
   </div>
   <div class='ocr_carea' id='block_1_3' title="bbox 112 2691 1673 2836">
    <p class='ocr_par' dir='ltr' id='par_1_9' title="bbox 163 2691 1673 2729">
     <span class='ocr_line' id='line_1_40' title="bbox 163 2691 1673 2729; baseline -0.005 -6"><span class='ocrx_word' id='word_1_289' title='bbox 163 2704 191 2727; x_wconf 77' lang='lat' dir='ltr'>a)</span> <span class='ocrx_word' id='word_1_290' title='bbox 212 2698 329 2725; x_wconf 82' lang='lat' dir='ltr'>cohere.</span> <span class='ocrx_word' id='word_1_291' title='bbox 349 2698 411 2725; x_wconf 67' lang='grc' dir='ltr'>ΒΞ.</span> <span class='ocrx_word' id='word_1_292' title='bbox 493 2698 524 2728; x_wconf 86' lang='lat' dir='ltr'>b)</span> <span class='ocrx_word' id='word_1_293' title='bbox 542 2698 583 2722; x_wconf 72' lang='lat' dir='ltr'>sic</span> <span class='ocrx_word' id='word_1_294' title='bbox 602 2698 630 2725; x_wconf 80' lang='lat' dir='ltr'>h.</span> <span class='ocrx_word' id='word_1_295' title='bbox 649 2698 668 2725; x_wconf 71' lang='grc' dir='ltr'>Ζ.</span> <span class='ocrx_word' id='word_1_296' title='bbox 688 2704 792 2724; x_wconf 73' lang='lat' dir='ltr'>omnes.</span> <span class='ocrx_word' id='word_1_297' title='bbox 871 2696 898 2726; x_wconf 75' lang='lat' dir='ltr'>c)</span> <span class='ocrx_word' id='word_1_298' title='bbox 919 2696 1016 2729; x_wconf 83' lang='lat' dir='ltr'>primo</span> <span class='ocrx_word' id='word_1_299' title='bbox 1036 2695 1098 2722; x_wconf 65' lang='lat' dir='ltr'>Be.</span> <span class='ocrx_word' id='word_1_300' title='bbox 1178 2692 1208 2725; x_wconf 83' lang='lat' dir='ltr'>d)</span> <span class='ocrx_word' id='word_1_301' title='bbox 1227 2694 1268 2718; x_wconf 69' lang='lat' dir='ltr'>sic</span> <span class='ocrx_word' id='word_1_302' title='bbox 1288 2694 1316 2721; x_wconf 79' lang='lat' dir='ltr'>h.</span> <span class='ocrx_word' id='word_1_303' title='bbox 1335 2694 1354 2721; x_wconf 80' lang='lat' dir='ltr'>I.</span> <span class='ocrx_word' id='word_1_304' title='bbox 1374 2699 1479 2720; x_wconf 67' lang='lat' dir='ltr'>omnes.</span> <span class='ocrx_word' id='word_1_305' title='bbox 1552 2694 1580 2722; x_wconf 81' lang='lat' dir='ltr'>e)</span> <span class='ocrx_word' id='word_1_306' title='bbox 1599 2691 1673 2716; x_wconf 70' lang='lat' dir='ltr'>Ber-</span> 
     </span>
    </p>

    <p class='ocr_par' dir='ltr' id='par_1_10' title="bbox 112 2726 1672 2836">
     <span class='ocr_line' id='line_1_41' title="bbox 112 2726 1671 2766; baseline -0.004 -8"><span class='ocrx_word' id='word_1_307' title='bbox 112 2737 150 2761; x_wconf 85' lang='lat'>40</span> <span class='ocrx_word' id='word_1_308' title='bbox 165 2732 298 2758; x_wconf 77' lang='lat' dir='ltr'>tholdum</span> <span class='ocrx_word' id='word_1_309' title='bbox 318 2736 344 2759; x_wconf 75' lang='grc' dir='ltr'><strong><em>Α</em></strong></span> <span class='ocrx_word' id='word_1_310' title='bbox 356 2735 380 2761; x_wconf 91' lang='lat'>1.</span> <span class='ocrx_word' id='word_1_311' title='bbox 399 2733 424 2758; x_wconf 84' lang='lat' dir='ltr'><em>B</em></span> <span class='ocrx_word' id='word_1_312' title='bbox 436 2731 480 2760; x_wconf 74' lang='lat' dir='ltr'>lb.</span> <span class='ocrx_word' id='word_1_313' title='bbox 493 2734 518 2760; x_wconf 78' lang='lat'>2.</span> <span class='ocrx_word' id='word_1_314' title='bbox 597 2733 621 2766; x_wconf 81' lang='lat' dir='ltr'>f)</span> <span class='ocrx_word' id='word_1_315' title='bbox 640 2733 829 2766; x_wconf 73' lang='lat' dir='ltr'>pepegissent</span> <span class='ocrx_word' id='word_1_316' title='bbox 849 2733 910 2759; x_wconf 75' lang='lat'>132.</span> <span class='ocrx_word' id='word_1_317' title='bbox 989 2734 1021 2764; x_wconf 85' lang='lat' dir='ltr'>g)</span> <span class='ocrx_word' id='word_1_318' title='bbox 1042 2731 1230 2756; x_wconf 78' lang='lat' dir='ltr'>obtestantur</span> <span class='ocrx_word' id='word_1_319' title='bbox 1249 2730 1310 2757; x_wconf 68' lang='grc' dir='ltr'>ΒΞ.</span> <span class='ocrx_word' id='word_1_320' title='bbox 1390 2729 1421 2759; x_wconf 82' lang='grc'>11)</span> <span class='ocrx_word' id='word_1_321' title='bbox 1441 2727 1573 2753; x_wconf 78' lang='lat' dir='ltr'>eiusdem</span> <span class='ocrx_word' id='word_1_322' title='bbox 1592 2726 1671 2754; x_wconf 75' lang='lat' dir='ltr'>Blb.</span> 
     </span>
     <span class='ocr_line' id='line_1_42' title="bbox 164 2763 1672 2801; baseline -0.005 -7"><span class='ocrx_word' id='word_1_323' title='bbox 164 2770 186 2794; x_wconf 64' lang='lat' dir='ltr'>i&gt;</span> <span class='ocrx_word' id='word_1_324' title='bbox 205 2772 237 2794; x_wconf 74' lang='lat' dir='ltr'>at</span> <span class='ocrx_word' id='word_1_325' title='bbox 255 2768 334 2796; x_wconf 64' lang='grc' dir='ltr'>ΒΗ).</span> <span class='ocrx_word' id='word_1_326' title='bbox 419 2768 450 2800; x_wconf 82' lang='lat' dir='ltr'>k)</span> <span class='ocrx_word' id='word_1_327' title='bbox 469 2769 511 2794; x_wconf 77' lang='lat' dir='ltr'>sie</span> <span class='ocrx_word' id='word_1_328' title='bbox 530 2769 557 2794; x_wconf 89' lang='lat' dir='ltr'><em>B</em></span> <span class='ocrx_word' id='word_1_329' title='bbox 569 2770 608 2796; x_wconf 72' lang='lat'>1⁸.</span> <span class='ocrx_word' id='word_1_330' title='bbox 699 2769 720 2799; x_wconf 87' lang='lat'>1)</span> <span class='ocrx_word' id='word_1_331' title='bbox 739 2775 830 2801; x_wconf 82' lang='lat' dir='ltr'>super</span> <span class='ocrx_word' id='word_1_332' title='bbox 850 2768 875 2793; x_wconf 93' lang='lat' dir='ltr'><em>B</em></span> <span class='ocrx_word' id='word_1_333' title='bbox 887 2767 929 2792; x_wconf 72' lang='lat' dir='ltr'>lb.</span> <span class='ocrx_word' id='word_1_334' title='bbox 1012 2768 1052 2796; x_wconf 78' lang='grc'>111)</span> <span class='ocrx_word' id='word_1_335' title='bbox 1072 2766 1196 2791; x_wconf 83' lang='lat' dir='ltr'>eluisset</span> <span class='ocrx_word' id='word_1_336' title='bbox 1215 2765 1241 2790; x_wconf 86' lang='lat' dir='ltr'><em>B</em></span> <span class='ocrx_word' id='word_1_337' title='bbox 1253 2764 1296 2793; x_wconf 66' lang='lat'>1¹⁸.</span> <span class='ocrx_word' id='word_1_338' title='bbox 1381 2763 1411 2796; x_wconf 87' lang='lat' dir='ltr'>n)</span> <span class='ocrx_word' id='word_1_339' title='bbox 1431 2763 1538 2790; x_wconf 62' lang='grc' dir='ltr'>οἴω-111.</span> <span class='ocrx_word' id='word_1_340' title='bbox 1558 2764 1584 2788; x_wconf 72' lang='grc' dir='ltr'><em>Α</em></span> <span class='ocrx_word' id='word_1_341' title='bbox 1596 2763 1619 2791; x_wconf 76' lang='lat'>1.</span> <span class='ocrx_word' id='word_1_342' title='bbox 1631 2763 1672 2790; x_wconf 75' lang='lat'>1⁸.</span> 
     </span>
     <span class='ocr_line' id='line_1_43' title="bbox 163 2801 1076 2836; baseline -0.003 -6"><span class='ocrx_word' id='word_1_343' title='bbox 163 2808 191 2836; x_wconf 89' lang='lat' dir='ltr'>o)</span> <span class='ocrx_word' id='word_1_344' title='bbox 212 2803 332 2830; x_wconf 79' lang='lat' dir='ltr'>Exinde</span> <span class='ocrx_word' id='word_1_345' title='bbox 351 2805 377 2829; x_wconf 89' lang='lat' dir='ltr'><strong><em>B</em></strong></span> <span class='ocrx_word' id='word_1_346' title='bbox 389 2804 431 2832; x_wconf 78' lang='lat' dir='ltr'>lb.</span> <span class='ocrx_word' id='word_1_347' title='bbox 502 2806 534 2836; x_wconf 88' lang='lat' dir='ltr'>p)</span> <span class='ocrx_word' id='word_1_348' title='bbox 553 2805 646 2832; x_wconf 79' lang='lat' dir='ltr'>&#39;l&#39;hur.</span> <span class='ocrx_word' id='word_1_349' title='bbox 664 2804 690 2829; x_wconf 88' lang='grc' dir='ltr'><strong><em>Β</em></strong></span> <span class='ocrx_word' id='word_1_350' title='bbox 702 2806 726 2832; x_wconf 89' lang='lat'>1.</span> <span class='ocrx_word' id='word_1_351' title='bbox 737 2805 762 2832; x_wconf 82' lang='lat'>2.</span> <span class='ocrx_word' id='word_1_352' title='bbox 848 2803 878 2835; x_wconf 87' lang='lat' dir='ltr'>q)</span> <span class='ocrx_word' id='word_1_353' title='bbox 898 2801 979 2835; x_wconf 87' lang='lat' dir='ltr'>quod</span> <span class='ocrx_word' id='word_1_354' title='bbox 998 2802 1076 2827; x_wconf 71' lang='lat' dir='ltr'>Bit.</span> 
     </span>
    </p>
   </div>
   <div class='ocr_carea' id='block_1_4' title="bbox 166 2882 1672 2979">
    <p class='ocr_par' dir='ltr' id='par_1_11' title="bbox 166 2882 1672 2979">
     <span class='ocr_line' id='line_1_44' title="bbox 166 2882 1672 2930; baseline -0.007 -7"><span class='ocrx_word' id='word_1_355' title='bbox 166 2890 200 2930; x_wconf 77' lang='lat'>1)</span> <span class='ocrx_word' id='word_1_356' title='bbox 228 2888 284 2930; x_wconf 79' lang='lat' dir='ltr'>Cf.</span> <span class='ocrx_word' id='word_1_357' title='bbox 311 2887 440 2921; x_wconf 67' lang='lat' dir='ltr'>Brimo</span> <span class='ocrx_word' id='word_1_358' title='bbox 471 2897 498 2922; x_wconf 85' lang='lat' dir='ltr'>c.</span> <span class='ocrx_word' id='word_1_359' title='bbox 521 2888 567 2922; x_wconf 88' lang='lat'>41</span> <span class='ocrx_word' id='word_1_360' title='bbox 579 2899 592 2927; x_wconf 88' lang='lat'>,·</span> <span class='ocrx_word' id='word_1_361' title='bbox 625 2887 726 2930; x_wconf 72' lang='lat' dir='ltr'>epist.</span> <span class='ocrx_word' id='word_1_362' title='bbox 746 2888 865 2930; x_wconf 75' lang='lat' dir='ltr'>princ.</span> <span class='ocrx_word' id='word_1_363' title='bbox 892 2885 994 2926; x_wconf 66' lang='lat' dir='ltr'>Sam„</span> <span class='ocrx_word' id='word_1_364' title='bbox 1021 2884 1149 2918; x_wconf 72' lang='lat' dir='ltr'>Bruno</span> <span class='ocrx_word' id='word_1_365' title='bbox 1174 2893 1202 2919; x_wconf 79' lang='lat' dir='ltr'>c.</span> <span class='ocrx_word' id='word_1_366' title='bbox 1219 2884 1277 2919; x_wconf 74' lang='lat'>42.</span> <span class='ocrx_word' id='word_1_367' title='bbox 1375 2885 1412 2926; x_wconf 72' lang='lat'>2)</span> <span class='ocrx_word' id='word_1_368' title='bbox 1440 2882 1672 2916; x_wconf 75' lang='lat' dir='ltr'>Consentiunt</span> 
     </span>
     <span class='ocr_line' id='line_1_45' title="bbox 168 2930 1671 2979; baseline -0.003 -11"><span class='ocrx_word' id='word_1_369' title='bbox 168 2936 294 2968; x_wconf 67' lang='lat' dir='ltr'>Bruno</span> <span class='ocrx_word' id='word_1_370' title='bbox 311 2945 338 2968; x_wconf 82' lang='lat' dir='ltr'>c.</span> <span class='ocrx_word' id='word_1_371' title='bbox 352 2936 410 2978; x_wconf 80' lang='lat'>43,</span> <span class='ocrx_word' id='word_1_372' title='bbox 435 2935 534 2979; x_wconf 69' lang='lat' dir='ltr'>epist.</span> <span class='ocrx_word' id='word_1_373' title='bbox 555 2935 675 2978; x_wconf 77' lang='lat' dir='ltr'>princ.</span> <span class='ocrx_word' id='word_1_374' title='bbox 694 2934 796 2978; x_wconf 58' lang='lat' dir='ltr'>Sam„</span> <span class='ocrx_word' id='word_1_375' title='bbox 819 2933 865 2969; x_wconf 73' lang='lat' dir='ltr'>ib.</span> <span class='ocrx_word' id='word_1_376' title='bbox 884 2944 911 2969; x_wconf 84' lang='lat' dir='ltr'>c.</span> <span class='ocrx_word' id='word_1_377' title='bbox 929 2935 989 2969; x_wconf 73' lang='lat'>42.</span> <span class='ocrx_word' id='word_1_378' title='bbox 1061 2935 1098 2973; x_wconf 83' lang='lat'>3)</span> <span class='ocrx_word' id='word_1_379' title='bbox 1119 2931 1175 2973; x_wconf 81' lang='lat' dir='ltr'>Cf.</span> <span class='ocrx_word' id='word_1_380' title='bbox 1193 2941 1306 2974; x_wconf 75' lang='lat' dir='ltr'>supra</span> <span class='ocrx_word' id='word_1_381' title='bbox 1327 2943 1364 2975; x_wconf 80' lang='lat' dir='ltr'>p.</span> <span class='ocrx_word' id='word_1_382' title='bbox 1386 2932 1464 2966; x_wconf 77' lang='lat'>157.</span> <span class='ocrx_word' id='word_1_383' title='bbox 1484 2930 1565 2970; x_wconf 80' lang='lat'>165,</span> <span class='ocrx_word' id='word_1_384' title='bbox 1583 2940 1620 2965; x_wconf 69' lang='lat' dir='ltr'>m.</span> <span class='ocrx_word' id='word_1_385' title='bbox 1638 2930 1671 2964; x_wconf 84' lang='lat'>4.</span> 
     </span>
    </p>
   </div>
  </div>
 </body>
</html>
