2014 3184
375 224 448 260 414

422 353 621 388 earumque
650 358 773 382 rerum
800 353 1098 388 commemoratio

373 399 447 423 non
493 391 686 428 minimum
734 395 767 430 ei
813 398 952 442 gratiae
999 401 1098 446 apud

371 438 565 481 populares
591 442 885 479 conciliabat
912 449 1031 492 191,1.
1053 469 1095 474 —

370 483 426 518 his
451 486 560 520 rebus
585 489 727 524 nullum
747 490 909 527 favorem
938 522 944 530 .
965 523 972 530 .
993 523 1000 531 .
1028 496 1096 531 sibi

370 532 586 569 conciliabat
611 538 749 581 323,15.
776 541 911 584 346‚10.
939 561 981 566 —
1005 542 1094 578 libe—

368 579 453 613 ralis
486 581 562 615 eius
596 583 769 619 sedulitas
802 615 808 621 .
837 616 844 623 .
873 616 880 623 .
915 588 983 623 sibi
1018 591 1092 625 ani-

368 637 446 660 mos
463 630 695 673 popularium
715 632 816 668 brevi
835 636 1092 673 conciliaverat

367 675 448 718 318,
466 687 510 711 10.

413 724 454 755 ut
467 726 779 771 quantascumque
801 733 949 773 possent
961 734 1089 776 gentes

365 770 402 802 et
426 780 540 815 regna
565 771 736 808 adversus
769 786 894 821 regem
927 780 1088 814 conci-

363 817 526 852 tarent
548 821 627 864 158,
641 831 686 856 25.
707 841 749 846 —
768 834 815 857 ne
833 852 840 859 .
861 852 868 859 .
889 852 897 861 .
916 825 1088 862 adversus

362 873 424 897 eos
454 866 558 910 regni
588 867 683 902 vires
715 871 915 906 concitaret
948 875 1026 918 184,
1042 885 1086 911 35.

363 930 406 935 —
439 912 501 955 qui
534 941 541 949 .
576 942 583 949 .
619 943 625 950 .
662 917 785 951 omnia
818 918 989 955 adversus
1024 933 1086 957 eos

361 959 489 993 mundi
513 972 627 1006 regna
652 964 869 1000 concitasset
893 969 975 1013 236,
991 980 1035 1005 35.

408 1004 546 1050 Quibus
576 1008 660 1044 ilico
686 1011 732 1045 ad
758 1023 859 1047 arma
890 1017 1083 1051 concla-

358 1055 597 1090 mantibus
619 1059 730 1102 8215.
754 1080 796 1084 —
819 1061 865 1095 ad
882 1073 984 1097 arma
997 1075 1082 1099 con-

358 1099 556 1137 clamantes
578 1106 712 1148 101,16.
742 1127 783 1132 -—
811 1108 858 1142 ad
877 1120 979 1144 arma
997 1122 1081 1146 con-

356 1147 517 1183 clamant
542 1154 678 1196 116‚15.
704 1157 843 1200 201,10.
869 1159 951 1201 272,
965 1169 1009 1194 20.
1034 1180 1080 1186 ——

356 1197 398 1228 ut
424 1199 648 1234 ...omnis
674 1204 772 1236 aetas
799 1230 807 1238 .
835 1232 843 1240 .
871 1231 879 1240 .
906 1205 952 1239 ad
978 1217 1079 1242 arma

354 1244 600 1280 conclamaret
624 1250 703 1292 149,
715 1260 759 1285 30.
788 1270 830 1275 —-
858 1252 1079 1290 unanimiter

353 1289 399 1324 ad
437 1302 538 1326 arma
575 1295 806 1331 conclamant
845 1301 924 1344 171,
947 1311 991 1336 20.
1030 1323 1076 1327 —

351 1337 482 1382 vulgus
508 1339 554 1374 ad
579 1352 682 1376 arma
706 1345 911 1380 conclamat
938 1349 1017 1393 187,
1029 1361 1075 1386 30.

352 1405 397 1410 —
424 1385 708 1433 circumquaque
734 1391 780 1425 ad
805 1403 907 1427 arma
932 1397 1074 1430 concla-

349 1435 452 1466 mant
478 1436 557 1479 191,
571 1446 598 1471 5.
633 1457 675 1462 —
702 1437 875 1483 Undique
899 1441 947 1475 ad
973 1453 1074 1478 arma

349 1480 599 1516 conclamatur
622 1486 744 1528 253,1.

395 1528 524 1563 morbo
553 1541 613 1565 ‚ac
663 1532 763 1567 senio
813 1536 1071 1572 confectus

349 1575 458 1618 123,1.
481 1595 523 1601 —
538 1581 726 1614 senectute
740 1581 927 1618 confectus
940 1587 1070 1630 316‚1⁶.

349 1641 390 1646 —
416 1622 527 1657 abbas
552 1626 653 1660 senio
676 1628 862 1664 confectus
888 1633 1006 1677 354,1.
1025 1653 1067 1658 -—

345 1668 478 1713 vigiliis
504 1682 546 1706 ac
571 1673 672 1719 longi
697 1674 837 1710 itineris
860 1677 985 1714 labore
1004 1708 1011 1716 .
1031 1708 1039 1717 .
1060 1709 1067 1717 .

345 1716 502 1752 confecti
521 1721 599 1764 156,
614 1732 659 1757 20.
686 1742 728 1747 —
747 1724 958 1761 vulneribus
975 1728 1068 1762 mul-

342 1763 390 1797 tis
415 1765 573 1801 confecti
597 1771 682 1803 sunt
716 1772 772 1815 94,
788 1783 832 1808 10.
869 1793 912 1798 —
949 1777 1067 1810 caete-

341 1821 401 1845 ros
431 1813 548 1859 plagis
580 1818 616 1849 et
645 1817 856 1853 vulneribus
882 1821 1066 1857 confectos

342 1860 422 1902 188,
437 1871 480 1895 10.

388 1916 512 1942 amaro
538 1911 575 1942 et
601 1911 810 1947 confecto
845 1914 952 1950 nimis
983 1945 990 1952 .
1019 1945 1026 1953 .
1055 1946 1062 1954 .

339 1952 461 1987 animo
495 1957 612 1999 84,10.
648 1977 690 1982 —
727 1960 877 1996 confuso
914 1989 921 1996 .
950 1991 957 1999 .
985 1992 993 2000 .
1026 1967 1063 1999 et

339 1999 506 2035 confecto
543 2003 664 2038 animo
706 2006 795 2040 abiit
837 2011 917 2054 128,
932 2022 976 2046 30.
1016 2032 1059 2037 —

337 2046 431 2080 tristi
464 2049 706 2094 confectoque
737 2054 859 2089 animo
890 2084 897 2091 .
925 2085 932 2092 .
961 2086 968 2093 .
1004 2070 1059 2093 re—

337 2093 483 2128 dierunt
518 2098 600 2141 268,
623 2108 650 2133 5.
689 2119 731 2124 -
767 2101 1058 2150 archiepiscopus

334 2141 439 2184 gravi
473 2154 616 2178 merore
645 2146 832 2182 confectus
862 2152 985 2195 320,1.
1012 2173 1058 2178 —

334 2188 463 2223 animis
482 2217 490 2225 .
510 2218 516 2226 .
538 2219 544 2226 .
568 2203 712 2227 merore
729 2195 953 2232 amarissimo
972 2210 1056 2233 con-

334 2234 438 2270 fectis
469 2239 550 2282 337,
566 2250 610 2274 10.
646 2260 691 2264 —-
725 2242 832 2276 anxia
858 2246 894 2278 et
920 2245 1055 2290 egritu-

333 2282 417 2318 dine
443 2285 610 2320 confecta
633 2290 756 2323 mente
782 2292 904 2334 326,1.

378 2331 507 2375 rapido
533 2344 640 2368 cursu
673 2334 712 2369 in
738 2337 1054 2374 confertissi-

330 2387 427 2411 mos
463 2378 585 2414 hostes
618 2383 834 2427 precipitem
869 2396 907 2420 se
939 2387 1054 2422 mittit

331 2425 444 2468 72‚10.
473 2446 515 2451 —-
541 2428 579 2461 in
597 2429 878 2467 confertissimos
903 2445 1051 2469 suorum

329 2482 462 2506 cuneos
488 2485 525 2508 se
551 2475 653 2510 dedit
678 2479 734 2522 97,
749 2489 793 2514 35.
828 2499 870 2504 —
902 2481 940 2515 in
966 2493 1051 2516 con-

327 2517 541 2555 fertissimos
565 2522 726 2558 hostium
752 2537 886 2562 cuneos
911 2531 1050 2564 temere

326 2564 491 2602 invectus
518 2571 597 2614 123,
612 2582 657 2607 30.
685 2574 805 2616 124,1.

374 2616 415 2647 ut
438 2614 477 2648 in
503 2617 823 2654 conficiendis
847 2623 956 2657 rebus
982 2651 991 2659 .
1011 2651 1018 2659 .
1038 2653 1046 2660 .

325 2661 459 2695 auxilio
491 2663 560 2697 sibi
594 2663 690 2699 foret
726 2669 864 2711 147,10.
900 2690 944 2694 —
976 2670 1046 2705 His

323 2707 432 2741 rebus
450 2709 683 2746 conficiendis
700 2716 844 2759 tempus
868 2718 1046 2752 statutum

324 2756 379 2787 est
405 2757 484 2798 166,
498 2767 525 2792 5.
562 2779 606 2782 —
641 2771 734 2803 quae
759 2761 828 2805 ipsi
853 2763 1044 2799 conficien—

323 2799 377 2834 dis
394 2803 504 2837 tantis
530 2805 638 2840 rebus
657 2811 864 2852 competere
889 2810 1043 2846 iudicas-

322 2850 402 2882 sent
430 2852 508 2894 180,
522 2862 548 2886 5.
579 2873 620 2877 --
647 2855 710 2898 qui
722 2856 832 2890 modo
850 2858 1042 2894 conficien-

861 231 1025 269 INDEX
1048 234 1398 279 LOOUTIONUM.

1197 357 1327 395 lustin.
1350 361 1420 404 XI,
1439 364 1471 405 1,
1491 365 1545 400 10.
1572 376 1645 409 quo
1670 365 1769 404 facto
1793 371 1874 405 tan·

1147 405 1227 438 tum
1262 406 1331 441 sibi
1364 407 1527 445 favorem
1561 413 1726 449 omnium
1763 427 1872 452 con—

1147 451 1369 500 ciliavit;
1394 456 1502 501 XXI,
1524 461 1556 503 1,
1575 462 1608 496 4.
1635 461 1683 496 ad
1706 461 1871 500 favorem

1144 500 1377 544 popularium
1386 505 1655 542 conciliandum
1663 519 1672 554 ;
1682 509 1870 556 XXXIX,

1145 548 1178 590 1,
1199 549 1231 583 6.
1281 547 1385 594 Quae
1409 563 1467 586 res
1491 553 1544 588 illi
1568 566 1744 601 magnum
1769 557 1868 595 favo-

1142 604 1220 628 rem
1237 597 1470 640 popularium
1488 601 1704 640 conciliavit.
1723 625 1769 631 -—
1787 607 1867 644 Liv.

1141 641 1253 686 XXI,
1293 646 1327 680 4.
1370 645 1417 680 ad
1463 647 1628 684 favorem
1670 652 1867 690 concilian-

1140 687 1240 732 dum,
1261 695 1341 737 etc.;
1366 693 1512 739 XXXI,
1525 698 1582 732 14.
1599 708 1643 732 ea
1658 698 1738 744 ipsa
1753 699 1866 737 fmili-

1139 736 1214 770 tate
1241 765 1248 773 .
1277 766 1284 773 .
1313 766 1321 774 .
1353 740 1494 776 animos
1519 753 1647 779 eorum
1673 773 1681 782 .
1707 774 1717 784 .
1743 775 1753 784 .
1778 758 1866 785 oon-

1139 782 1257 829 ciliat;
1292 786 1323 829 I,
1349 788 1382 830 2,
1407 790 1441 824 4.
1477 792 1518 824 ut
1542 791 1682 828 animos
1706 794 1864 842 aborigi-

1137 841 1226 865 num
1251 832 1319 867 sibi
1345 836 1578 883 conciliaret3
1609 840 1662 884 II,
1681 843 1740 887 41,
1761 845 1795 880 8.
1821 845 1864 880 ut

1137 877 1208 912 alio
1233 891 1386 916 munere
1411 883 1480 918 sibi
1502 886 1712 924 conciliaret
1729 889 1862 927 civium

1135 925 1286 972 animos,
1312 933 1370 965 etc.

1181 1021 1259 1057 Liv.
1278 1023 1380 1068 XLI,
1395 1027 1455 1062 26.
1479 1026 1526 1061 ad
1543 1038 1644 1064 arma
1666 1033 1858 1068 concla-

1131 1074 1405 1116 maverunt3
1428 1073 1606 1119 VI,28,3.
1637 1077 1856 1124 XXIX,28.

1131 1116 1399 1154 conclamatum
1437 1121 1484 1156 ad
1521 1133 1624 1158 arma
1654 1152 1662 1160 .
1697 1153 1705 1161 .
1739 1154 1746 1162 .
1779 1129 1856 1174 θεῖς

1129 1163 1177 1205 X,
1197 1165 1254 1200 32.
1283 1167 1550 1204 conclamatum
1566 1170 1653 1206 inde
1669 1172 1717 1207 ad
1733 1184 1854 1221 arma3

1128 1209 1244 1254 XXI,
1270 1214 1328 1249 49.
1367 1214 1413 1249 ad
1447 1227 1550 1252 arma
1583 1219 1854 1258 conclamatum

1127 1259 1192 1302 est,
1219 1263 1277 1295 etc.
1314 1281 1359 1286 —
1394 1264 1512 1300 Amm.
1539 1265 1654 1302 Marc.
1679 1267 1851 1314 XXVII,

1128 1306 1183 1348 10,
1210 1309 1242 1342 9.
1270 1318 1354 1342 cum
1380 1310 1541 1356 undique
1566 1313 1614 1348 ad
1638 1324 1740 1350 aima
1764 1327 1850 1352 con—

1125 1351 1356 1392 clamaretur.

1169 1542 1257 1578 Sall.
1276 1543 1356 1587 luy.
1375 1547 1407 1581 9.
1434 1547 1563 1582 morbo
1589 1550 1700 1594 atque
1724 1554 1844 1597 aetate

1120 1589 1390 1628 confectus.
1425 1613 1468 1618 —
1494 1595 1595 1630 Ruth
1620 1599 1654 1642 1,
1681 1600 1738 1636 12.
1769 1599 1843 1635 iam

1119 1635 1216 1670 enim
1250 1641 1436 1675 senectute
1470 1642 1636 1678 confecta
1669 1655 1761 1684 sum.
1797 1666 1842 1674 -

1117 1682 1196 1717 Liv.
1223 1685 1374 1731 XXVI,
1403 1690 1436 1723 3.
1471 1689 1656 1727 confectos
1692 1692 1766 1728 iam
1802 1704 1842 1731 se

1117 1730 1255 1776 labore,
1273 1743 1394 1777 opere.
1423 1755 1465 1761 —
1491 1737 1594 1774 Deut.
1612 1741 1670 1786 25,
1686 1741 1741 1778 18.
1760 1752 1840 1778 eras

1116 1775 1212 1812 fame
1238 1782 1276 1813 et
1299 1780 1425 1817 labore
1450 1783 1648 1823 confectus.
1674 1807 1718 1813 ·-
1750 1789 1838 1826 Sall.

1115 1825 1194 1868 qu.
1214 1828 1271 1863 60.
1290 1828 1447 1864 confecti
1464 1832 1673 1868 volneribus
1689 1835 1837 1874 abeunt.

1162 1922 1192 1955 1.
1219 1921 1364 1976 Req..1,
1391 1926 1445 1961 10.
1478 1931 1510 1960 et
1538 1938 1641 1972 saepe
1669 1930 1710 1964 in
1732 1931 1836 1976 Vuzq.

1111 1977 1236 2002 amaro
1262 1980 1394 2008 ammo,

1106 2202 1121 2234 t
1158 2156 1287 2193 Tho-en.
1307 2159 1339 2202 1,
1359 2161 1414 2196 13.
1446 2171 1614 2198 moerore
1639 2165 1832 2202 confec-

1131 2212 1209 2237 am.

1150 2343 1228 2380 Liv.
1248 2344 1298 2387 X,
1319 2347 1373 2382 11.
1400 2347 1446 2381 ab
1471 2349 1600 2393 rapido
1625 2362 1733 2387 cursu
1758 2354 1827 2389 cir-

1102 2391 1328 2436 cumagendo
1355 2404 1459 2438 equo.
1487 2415 1532 2421 —
1567 2398 1606 2433 V.
1633 2399 1746 2436 Mart.
1768 2403 1823 2438 14.

1100 2441 1132 2470 et
1155 2438 1291 2474 [sumn.
1319 2440 1409 2484 VII,
1433 2443 1514 2479 460.
1546 2444 1676 2489 rapido
1704 2458 1823 2485 cursu.

1100 2503 1145 2508 —
1174 2486 1260 2521 Sall.
1289 2487 1365 2523 Cat.
1392 2490 1448 2524 60.
1483 2489 1522 2523 in
1556 2493 1823 2530 confertis-

1098 2542 1253 2567 sumos
1287 2533 1410 2569 hostes
1442 2536 1606 2575 incurrit.
1643 2560 1687 2565 —
1721 2542 1821 2579 Oros.

1097 2579 1179 2622 III,
1220 2582 1252 2616 9.
1294 2580 1332 2614 in
1374 2583 1660 2622 confertissimos
1699 2588 1821 2625 hostes

1097 2629 1226 2670 sponte
1258 2629 1460 2674 prolapsus.
1498 2652 1541 2658 —
1576 2634 1615 2670 V.
1644 2635 1759 2672 Mart.
1784 2639 1818 2673 4.

1095 2672 1255 2708 hostium
1280 2687 1414 2711 cuneos
1438 2681 1651 2723 penetrabo.
