2014 3184
354 229 426 264 284
651 230 921 269 LAMPERTI
945 234 1198 275 ANNALES.
1249 240 1296 278 A.
1323 243 1428 279 1076.
1456 244 1559 280 1077.

239 346 341 380 1076·
355 350 614 394 relevarent
630 352 657 393 ¹.
722 355 788 396 Eo
835 357 1122 401 miseriarum
1171 363 1217 403 et
1259 363 1536 407 calamitatis
1584 380 1639 409 ex
1679 381 1859 420 summa

248 392 344 425 (Dec.)

214 895 245 920 N

297 898 327 921 11

236 904 339 968 1⁰377:

230 980 303 1011 Astr.

315 981 338 1008 1.

355 409 504 463 gloria
545 413 824 468 summisque
865 417 1030 471 opibus
1061 423 1252 474 repente
1284 427 1569 476 pervenerat.
1633 426 1858 471 Similiter

356 482 536 523 quoque
569 473 740 514 caeteri
772 477 1155 520 excommunicati
1193 480 1472 525 obtinendae
1505 484 1646 527 cicius
1678 486 1856 530 absolu-

354 528 495 570 tionis
528 531 682 572 studio
715 533 1035 578 ardentissime
1067 537 1184 580 itera
1216 541 1538 584 accelerabant
1569 544 1619 585 in
1650 545 1853 598 Italiam,

354 601 438 629 nec
470 590 627 631 tamen
659 591 707 631 in
739 593 1007 636 societatem
1039 596 1218 639 itineris
1255 613 1410 654 regem
1442 602 1701 655 admittere,
1735 605 1887 660 prin-5

355 646 509 700 cipum
541 649 613 690 vel
646 651 805 704 pocius
836 652 1033 695 Romani
1065 657 1296 710 pontificis
1329 662 1456 702 metu
1489 662 1736 715 absterriti,
1779 678 1855 720 pa-

355 706 608 748 ciebantur.

497 766 577 808 Vis
611 770 749 822 atque
781 770 1080 814 inclementia
1111 771 1314 829 hyemisb
1342 778 1430 820 hoc
1453 792 1574 822 anno
1597 781 1712 824 adeo
1732 781 1855 838 iugis

354 824 581 879 solitoque
622 829 825 882 asperior
865 830 1178 884 inhorruerat,
1227 837 1281 876 ut
1328 851 1355 877 a
1400 837 1658 882 festivitate
1705 841 1855 884 sancti

352 883 543 925 Martini
565 886 781 928 Rhenus⁰
810 889 976 931 fluvius
1008 891 1195 946 glaciali
1225 895 1397 949 frigore
1429 899 1705 941 constrictus
1737 914 1855 955 pene
1868 915 1903 942 ιο

352 957 496 996 usque
519 945 576 985 ad
599 945 836 989 Kalendas
859 950 1032 1004 Aprilis
1059 953 1263 1006 pedestri
1293 952 1488 998 itinered
1513 958 1854 1002 transmeabilis

352 1006 570 1054 maneret,
606 1007 653 1046 et
685 1006 914 1062 plerisque
946 1010 995 1050 in
1027 1010 1139 1053 locis
1171 1013 1340 1065 vineta,
1375 1015 1641 1058 exsiccatis⁰
1679 1018 1852 1074 frigore

351 1062 596 1114 radicibus,
631 1066 818 1108 omnino
851 1073 1111 1112 arescerent
1125 1071 1152 1111 ².

234 1123 335 1158 1076.
493 1122 786 1165 MLXXVII.
801 1121 818 1148 f
869 1127 976 1168 Dux
999 1129 1277 1173 Polenorum
1291 1132 1318 1184 3,
1353 1134 1432 1188 qui
1454 1149 1535 1190 per
1556 1135 1728 1180 multos
1759 1139 1852 1181 iam

351 1194 494 1222 annos
535 1183 721 1236 regibus
758 1185 1023 1229 Teutonicis
1064 1190 1338 1234 tributarius
1379 1194 1546 1247 fuerat,
1597 1197 1848 1252 cuiusqueg
1866 1215 1900 1242 15

350 1253 543 1293 regnum
574 1242 666 1283 iam
689 1243 798 1285 olim
821 1245 1206 1290 Teutonicorum¹¹
1233 1251 1406 1295 virtute
1435 1254 1679 1297 subactum
1710 1259 1850 1312 atque

350 1298 398 1338 in
440 1301 720 1353 provinciam
763 1305 1002 1347 redactum
1043 1308 1215 1360 fuerat,
1258 1314 1448 1365 repente
1495 1314 1544 1354 in
1587 1317 1850 1370 superbiam

350 1357 517 1406 elatus,
561 1364 805 1415 propterea
846 1366 968 1418 quod
1015 1367 1244 1424 principes
1291 1369 1591 1415 Teutonicosi
1641 1378 1848 1419 cerneret

350 1417 612 1460 domesticis
654 1422 958 1466 seditionibus
1000 1431 1247 1484 occupatos
1297 1446 1587 1489 nequaquam
1634 1437 1693 1479 ad
1733 1437 1847 1481 infe-

348 1477 491 1518 renda
523 1476 717 1521 exterisk
754 1484 971 1537 gentibus
1003 1501 1130 1530 arma
1154 1504 1328 1543 vacare,
1363 1493 1536 1548 regiam
1569 1495 1845 1551 dignitatem
1859 1510 1895 1538 20

345 1537 614 1594 regiumque
646 1555 813 1586 nomen
845 1544 933 1587 sibi
964 1550 1217 1602 usurpavit,
1254 1549 1488 1594 diadema¹
1529 1555 1750 1610 imposuit
1781 1560 1845 1599 at-

210 1612 330 1641 Dec.25.
345 1611 432 1651 que
465 1598 564 1654 ipso
598 1602 672 1644 die
714 1605 883 1646 natalis
916 1606 1105 1648 Domini
1146 1623 1173 1650 a
1204 1610 1292 1651 XV
1324 1612 1580 1668 episcopis4
1609 1615 1660 1656 in
1689 1630 1845 1672 regem

225 1662 327 1696 1077.
344 1660 413 1698 est
461 1664 766 1703 consecratus.
832 1663 960 1716 Quae
1007 1667 1135 1709 brevi
1181 1671 1285 1723 post
1333 1675 1568 1727 comperta
1614 1675 1844 1730 principes

248 2880 251 2884 ι
323 2846 363 2878 p.
390 2837 469 2871 578.
498 2839 577 2873 588.
606 2840 685 2874 622.
713 2842 792 2875 623.
907 2843 943 2886 4)
970 2843 1102 2879 Error.
1154 2844 1314 2888 Quinque
1338 2850 1478 2881 tantum
1503 2850 1721 2893 episcopatus
1744 2854 1874 2885 tumens
1922 2898 1928 2902 .

342 1716 671 1771 Teutonicosm,
722 1723 888 1776 quibus
935 1726 1002 1767 rei
1042 1728 1255 1780 publicae
1288 1731 1506 1785 -dignitas
1553 1747 1689 1776 curae
1735 1735 1840 1786 fuit,

341 1777 543 1829 graviter
584 1780 790 1832 affecere,
835 1783 1012 1838 sibique
1044 1786 1241 1829 invicem
1274 1791 1660 1843 succensebantn,
1703 1795 1890 1847 quod,2⁵

342 1835 451 1876 dum
482 1837 716 1880 intestinis
749 1841 798 1881 in
830 1856 877 1883 se
910 1846 1048 1898 atque
1081 1846 1130 1886 in
1162 1861 1245 1888 sua
1265 1848 1440 1890 viscera
1462 1851 1579 1892 odiis
1611 1852 1840 1895 saevirent

341 1896 386 1934 et
410 1895 788 1950 digladiarentur,
823 1903 1082 1955 potentiam
1108 1919 1306 1960 opesque
1339 1908 1637 1951 barbarorum
1667 1911 1718 1952 in
1741 1914 1839 1954 tan-

337 2022 365 2050 a)
386 2023 457 2045 tunc
476 2021 555 2049 Blb.
650 2025 680 2054 b)
701 2025 807 2052 hiemis
826 2027 915 2054 1312
936 2029 962 2056 h.
977 2030 996 2056 l.
1081 2032 1108 2056 c)
1127 2032 1168 2056 sic
1188 2039 1284 2058 omnes
1302 2034 1329 2061 h.
1344 2035 1363 2062 l.
1449 2035 1479 2066 d)
1497 2036 1613 2062 itenere
1631 2037 1716 2070 B1·;
1737 2037 1838 2064 itineri

336 2055 362 2079 B
374 2055 451 2083 11).2.
507 2059 534 2087 e)
555 2059 697 2084 exiccatis
718 2062 744 2086 Α
756 2062 779 2088 1,
836 2063 860 2093 f)
880 2071 1015 2089 numerus·
1028 2066 1086 2091 loco
1100 2074 1188 2092 vacuo
1205 2070 1256 2096 rel.
1270 2073 1338 2100 post
1357 2071 1451 2102 suppl,
1470 2072 1497 2096 B
1509 2071 1550 2099 lb.
1604 2071 1637 2106 g)
1656 2073 1739 2098 cuius
1757 2072 1838 2102 Bit».

337 2090 368 2121 h)
382 2092 528 2119 Theuton.
543 2094 569 2119 h.
583 2095 602 2120 l.
615 2095 642 2118 B
653 2096 665 2119 1
678 2103 683 2126 ;
706 2097 851 2124 Teuthon.
866 2099 892 2122 A
905 2100 918 2123 1
934 2100 1114 2132 plerumque.
1170 2103 1191 2134 i)
1205 2105 1352 2133 Theuton.
1366 2106 1393 2133 h.
1407 2107 1426 2134 l.
1438 2107 1466 2131 B
1477 2107 1500 2134 1.
1511 2108 1536 2134 2.
1592 2107 1624 2140 k)
1637 2109 1744 2134 ceteris
1758 2109 1836 2137 Blt.
1849 2110 1886 2137 80

336 2126 356 2156 l)
377 2126 521 2153 deadema
539 2129 600 2157 ΒΞ.
674 2133 714 2162 m)
733 2132 807 2157 dees!
827 2133 933 2166 B1.2;
955 2136 1101 2164 Teuthea.
1121 2137 1150 2165 h.
1169 2139 1188 2165 l.
1208 2140 1294 2164 etiam
1314 2141 1341 2165 A
1354 2142 1377 2168 1.
1450 2141 1482 2174 n)
1501 2143 1713 2170 successebant
1731 2144 1794 2173 Al.

337 2222 370 2263 1)
396 2222 482 2254 Vide
498 2234 586 2265 quae
610 2225 659 2257 ad
683 2225 776 2259 hunc
802 2227 913 2260 locum
930 2228 1035 2262 Floto
1057 2230 1108 2272 II,
1131 2242 1169 2273 p.
1191 2234 1269 2268 1⁶23.
1297 2237 1326 2265 et
1343 2234 1523 2268 Delbricclc
1540 2247 1582 2279 p.
1601 2238 1658 2272 64.
1683 2239 1835 2271 adnota-

334 2273 468 2304 verant.
535 2272 571 2314 2)
586 2271 720 2306 Multos
736 2273 902 2308 habemus
920 2279 1017 2309 testes
1032 2277 1141 2311 huius
1157 2279 1313 2321 friywis
1328 2283 1501 2315 enormis:
1518 2283 1702 2320 BerthoZd.
1721 2283 1833 2329 (Anu.

334 2316 370 2350 S.
390 2317 527 2359 Blasii)
546 2329 585 2361 p.
609 2320 691 2355 287.
714 2321 807 2361 291:
838 2322 1018 2365 BernoZd„
1045 2324 1110 2360 SS.
1135 2326 1173 2367 V,
1194 2337 1233 2368 p.
1251 2329 1345 2368 433,·
1379 2329 1503 2372 Siyeb„
1531 2329 1595 2364 SS.
1616 2331 1676 2374 VI,
1699 2343 1738 2374 p.
1763 2334 1832 2368 363

336 2380 378 2390 Ξ
406 2365 500 2400 Anu.
527 2366 644 2409 Leod„
681 2368 745 2401 SS.
765 2369 831 2412 IV,
854 2381 892 2413 p.
911 2371 980 2410 29,·
1014 2371 1109 2406 Ann.
1135 2373 1244 2416 Sanco,
1272 2375 1317 2408 ib.
1340 2387 1378 2419 p.
1397 2377 1464 2411 711
1494 2393 1536 2404 =
1563 2378 1659 2413 Anu.
1682 2378 1881 2423 Ybury.‚a⁵

333 2411 395 2446 SS.
414 2412 521 2454 XVI,
543 2424 584 2455 p.
602 2415 695 2453 437,-
729 2416 826 2452 Ama.
852 2418 1005 2459 Auyust.
1032 2423 1062 2452 et
1087 2419 1244 2463 Mosam„
1270 2421 1334 2456 SS.
1353 2423 1428 2466 III,
1452 2435 1489 2466 p.
1511 2426 1589 2459 129.
1610 2427 1701 2466 161;
1733 2428 1830 2462 Anu.

332 2458 465 2493 Elmm.
492 2462 576 2495 mai.
604 2465 634 2494 et
659 2462 845 2507 Blandin.,
873 2465 938 2499 SS.
961 2465 1001 2508 V,
1025 2478 1062 2510 p.
1083 2468 1137 2501 13.
1155 2469 1225 2509 26,·
1255 2469 1349 2503 Arm.
1377 2470 1412 2504 S.
1441 2470 1514 2505 Col.
1539 2471 1679 2516 Senon„
1706 2473 1771 2508 SS.
1797 2473 1828 2518 I,

326 2517 365 2548 p.
388 2508 478 2546 106‚·
511 2508 606 2541 Anu.
637 2509 672 2544 S.
700 2510 846 2554 Albani,
880 2512 944 2546 SS.
970 2512 1022 2556 ΙΙ,
1052 2525 1088 2557 2³-
1107 2516 1178 2549 245
1206 2531 1246 2542 =
1276 2516 1405 2552 chron.
1431 2518 1608 2562 Sampetr.
1633 2520 1684 2554 ed.
1711 2520 1833 2555 Stabat

326 2564 365 2595 p.
387 2555 454 2593 10,·
488 2554 633 2597 Bonizo,
659 2556 738 2591 Lib.
765 2558 796 2600 I,
821 2570 857 2602 p.
877 2561 969 2600 610‚·
1003 2562 1099 2596 Ann.
1125 2562 1161 2596 S.
1188 2562 1296 2598 Mich.
1323 2564 1488 2607 Babenb„
1514 2566 1633 2608 Laod„
1667 2567 1731 2602 SS.
1757 2568 1827 2612 IV,

325 2611 364 2642 p.
394 2601 425 2635 9.
455 2603 522 2641 ‘29‚·
556 2603 664 2645 Hac-qo
688 2604 842 2648 Flavin„
879 2607 944 2642 SS.
972 2608 1074 2650 VIII,
1105 2619 1145 2651 p.
1171 2610 1265 2649 414,·
1305 2611 1387 2644 Vita
1417 2612 1623 2646 Theoderici
1645 2615 1878 2657 Andayin.4o

331 2658 356 2681 c.
373 2649 429 2688 26,
449 2648 513 2683 SS.
528 2650 617 2691 XII,
631 2662 670 2693 p.
686 2653 752 2692 52‚·
777 2653 917 2687 Donizo
934 2654 986 2697 II,
1003 2657 1071 2690 105
1085 2666 1168 2699 sqq„
1195 2657 1258 2691 SS.
1277 2657 1368 2699 XII,
1383 2671 1420 2702 p.
1434 2661 1524 2700 382,·
1549 2661 1644 2696 Ama.
1660 2662 1696 2696 S.
1710 2662 1831 2696 Iacobi

330 2695 448 2737 Laod„
477 2696 538 2731 SS.
557 2697 663 2740 XVI,
685 2709 724 2740 p.
745 2701 836 2740 639,·
871 2701 978 2736 Bald.
1005 2702 1144 2746 Ninon„
1172 2703 1236 2738 SS.
1254 2704 1380 2747 XXV,
1402 2718 1440 2750 p.
1459 2709 1553 2748 524‚·
1586 2709 1693 2750 Reno,
1721 2709 1827 2742 Gesta

330 2741 431 2776 Rom.
458 2744 534 2778 eccl.
561 2744 612 2786 ΙΙ,
635 2747 666 2787 1,
701 2746 833 2779 Libelli
856 2748 909 2789 II,
939 2760 978 2792 p.
1002 2751 1083 2784 374.
1185 2752 1221 2794 3)
1247 2752 1435 2787 Boleslaus
1458 2754 1510 2789 ΙΙ.
1563 2755 1618 2796 Cf.
1645 2756 1824 2799 Bernold„

330 2788 392 2822 SS.
415 2789 453 2830 V,
478 2802 515 2832 p.
533 2792 602 2826 433
614 2804 627 2831 ‚·
658 2793 753 2828 Arm.
782 2794 923 2830 Cremov.
950 2799 1023 2838 vet„
1049 2807 1125 2840 cap.
1155 2797 1307 2842 Cracov„
1334 2800 1410 2834 Pol.
1437 2801 1488 2834 II.
1515 2801 1589 2844 III,
1626 2802 1688 2836 SS.
1716 2802 1824 2846 XIX,

327 2882 476 2915 Polonia
501 2884 657 2920 habebat.

2005 791 2014 892 Ξ

1997 922 2014 1027 ἐ
