1950 3302
358 339 452 375 XVI
897 338 1190 374 PRAEFATIO
1218 338 1255 374 O.
1282 339 1312 375 Ι.

359 466 479 514 atque
517 460 698 514 qloriam
737 460 827 502 eius
864 460 926 502 ita
965 460 1133 512 zelatus,
1175 463 1221 501 ut
1259 459 1329 501 ira
1366 473 1416 502 ae
1445 459 1594 511 furore
1623 464 1758 504 motus
1787 460 1850 504 in-

358 520 574 562 veheretur
610 519 657 561 in
695 533 853 572 omnes,
902 519 974 572 qui
1014 518 1052 560 ei
1082 519 1146 560 rel
1185 518 1329 560 leviter
1365 518 1563 561 nocuissev
1592 518 1848 574 viderentur,

360 579 485 620 etiam
507 582 605 632 post
632 578 781 620 multos
802 592 938 620 annos
960 578 1181 620 delectatus
1207 577 1364 619 misera
1385 582 1527 631 morte,
1550 591 1678 631 quam
1702 579 1850 622 Wern-

359 638 484 679 herus
516 651 646 679 eomes
675 636 819 689 subiit,
853 636 926 690 qui
956 636 1101 678 ‘villam
1132 637 1476 689 Hersfeldensem
1507 651 1535 678 a
1566 651 1661 691 reqe
1689 637 1755 681 vel
1775 651 1850 693 po·

360 696 443 738 tius
473 696 525 737 ab
557 695 786 737 Adalberto
817 695 1124 749 archiepiscopo
1156 694 1381 737 Bremensi
1411 695 1675 748 impetrasset
1686 696 1725 750 1,·
1752 701 1880 751 postu

359 754 511 807 uiqinti
550 769 686 796 annos
730 754 946 806 fabulatus
984 754 1286 796 Burchardum
1318 754 1359 795 Ι.
1399 754 1634 808 episcopum
1669 755 1850 799 Halber-

359 818 590 866 statensem,
624 813 696 866 qui
718 813 973 855 decimarum
995 812 1195 855 reditibus
1226 813 1527 856 monasterium
1547 814 1850 867 Hersfeldense

350 872 528 926 privare
567 872 778 925 roluisset,
821 872 976 914 misera
1014 876 1143 914 morte
1174 872 1389 925 expirasse
1427 872 1594 915 iniuria
1623 873 1760 928 ipsius
1788 887 1850 918 re-

360 931 525 984 ooqnita
542 932 569 972 2.

502 990 652 1042 Itaque
693 1004 777 1032 non
815 989 970 1031 mirum
1001 994 1078 1043 est,
1121 991 1232 1043 quod
1268 990 1486 1044 inqenium
1520 1005 1644 1034 suum
1674 996 1713 1035 et
1741 1005 1853 1047 eqre-
1863 1007 1898 1034 ιο

358 1048 491 1102 qiam,
533 1062 616 1101 qua
645 1048 869 1101 praeditus
907 1053 1015 1101 erat,
1057 1049 1268 1091 scribendi
1307 1050 1552 1102 facultatem
1592 1052 1651 1094 ad
1684 1064 1754 1094 res
1783 1051 1850 1094 ab·

361 1107 496 1149 batiae
534 1121 634 1149 suae
673 1107 911 1149 adverterit.
973 1108 1039 1150 Ae
1069 1108 1213 1162 primo
1245 1108 1411 1162 qaadem
1449 1109 1569 1152 intra
1604 1109 1852 1154 decennium

364 1169 665 1207 1063—1073.
690 1166 868 1219 proprio
899 1170 1028 1219 motu,
1068 1181 1198 1220 neque
1229 1183 1256 1210 a
1288 1168 1514 1211 Ruthardo
1544 1169 1690 1212 abbate
1720 1182 1851 1223 neque

359 1226 411 1267 ab
443 1224 528 1266 alio
560 1224 755 1278 quopiam
786 1225 1026 1267 admonitus
1039 1227 1066 1278 3,
1108 1228 1182 1268 sed
1210 1226 1413 1270 incitatus
1443 1229 1502 1270 ad
1530 1228 1625 1282 hoe,
1665 1232 1713 1270 ut
1741 1227 1850 1271 vide-

360 1287 440 1336 tur,
483 1283 585 1325 lecta
625 1283 722 1325 Vita
760 1284 998 1337 Bonifatii,
1040 1285 1285 1336 fundatoris
1321 1286 1570 1329 monasterii
1604 1285 1848 1341 Fuldensis,
1864 1302 1898 1329 ιδ

359 1356 493 1395 nuper
523 1342 575 1383 ab
603 1342 777 1384 Othlono
808 1342 855 1385 in
885 1344 1137 1386 monasterio
1159 1345 1369 1388 Fuldensi
1399 1345 1636 1400 conscripta
1646 1346 1676 1400 4,
1709 1345 1851 1389 Vitam

360 1400 479 1442 Lulli
519 1400 820 1454 archiepiscopi
857 1402 1120 1456 Moqontini,
1161 1404 1406 1455 fundatoris
1442 1404 1690 1448 monasterii
1719 1405 1850 1448 Hers-

360 1459 572 1512 feldensis,
621 1460 856 1513 composuit.
918 1462 1013 1503 Hoc
1056 1462 1236 1515 eleqanti
1279 1463 1415 1506 libello
1458 1463 1566 1506 edito
1608 1463 1748 1507 nescio
1790 1477 1850 1507 an

360 1518 614 1571 Hartwiqus
658 1519 887 1561 monachus
925 1521 1244 1572 Hersfeldensis
1283 1527 1506 1565 commotus
1550 1522 1623 1577 sit,
1670 1526 1718 1566 ut
1760 1522 1850 1565 iam

361 1580 458 1619 tuno
489 1577 760 1630 Lampertum
792 1584 1071 1632 commoneret,
1112 1585 1158 1622 ut
1188 1580 1314 1623 etiam
1344 1581 1568 1624 historiam
1602 1581 1898 1625 monaster-iim

360 1635 678 1687 Hersfeldensis
709 1637 994 1679 conscriberet.
1060 1639 1177 1681 Certe
1209 1640 1284 1682 hoe
1314 1645 1413 1684 tuno
1443 1655 1530 1684 non
1551 1640 1729 1695 pereqit.

502 1694 653 1736 Mense
685 1695 897 1738 Ianuario
928 1697 1036 1739 anni
1070 1701 1148 1739 107
1157 1702 1195 1739 2.
1248 1700 1501 1742 Rutltardus
1540 1700 1670 1742 abbas
1706 1701 1850 1743 morbo

361 1757 571 1806 correptus
593 1767 675 1806 per
708 1754 789 1795 XI
814 1769 973 1797 menses
1004 1757 1245 1810 aeqrotavit.
1310 1759 1429 1802 Tune
1458 1773 1598 1802 mense
1626 1757 1851 1802 Decembri·

361 1811 567 1854 Heinrieo
592 1826 686 1866 reqe
711 1827 803 1855 eum
818 1814 1002 1857 Annone
1025 1816 1348 1871 archiepiscopo,
1375 1817 1443 1860 eui
1464 1832 1540 1860 rex
1564 1822 1663 1861 tuno
1684 1831 1852 1860 summa

360 1869 424 1911 rei
450 1870 645 1923 publicae
676 1872 841 1925 neqotia
871 1874 1217 1917 administranda
1249 1877 1528 1930 deleqaverat‚
1570 1876 1620 1920 in
1649 1880 1899 1922 monaste-25

360 1928 473 1970 rium
503 1930 803 1982 Hersfeldense
843 1932 1106 1987 adveniente,
1148 1934 1400 1978 Ruthardus
1440 1936 1508 1978 die
1538 1936 1641 1979 Dee.
1678 1940 1745 1978 11.
1783 1935 1852 1978 ab·

363 1987 476 2028 batia
506 1989 615 2030 ultro
646 2003 688 2030 se
719 1990 930 2032 abdicavit
960 1996 998 2034 et
1027 1994 1080 2034 ab
1111 2007 1206 2046 reqe
1237 1994 1487 2048 impetravit,
1520 1999 1567 2038 ut
1595 1994 1853 2050 Hartwiqus

361 2047 588 2088 monachus
634 2048 951 2100 Hersfeldensis
1000 2051 1084 2104 ipsi
1133 2052 1450 2095 substitueretur
1500 2054 1630 2096 abbas
1642 2054 1671 2095 ⁵.
1748 2052 1853 2107 Quis

362 2103 450 2156 seit,
483 2119 594 2146 anne
625 2106 875 2159 Lampertus
905 2108 992 2162 ipse
1023 2114 1122 2153 tuno
1152 2111 1383 2164 speraverit
1413 2126 1455 2154 se
1486 2111 1701 2154 abbatiam
1730 2113 1852 2166 adep-

364 2165 504 2203 turum
541 2164 659 2205 esse?
722 2166 835 2208 Sane
874 2167 959 2218 fuit
999 2169 1108 2211 tanti
1151 2169 1331 2222 inqenii,
1374 2174 1496 2212 tanta
1531 2170 1710 2213 seientia
1750 2169 1851 2213 litte-
1865 2190 1900 2216 30

362 2233 511 2262 rarum
546 2221 743 2276 imbutus,
785 2229 830 2266 ut
868 2226 995 2277 faeile
1027 2228 1252 2270 ambitione
1285 2228 1397 2282 capi,
1439 2228 1567 2280 facile
1598 2229 1709 2272 hano
1738 2243 1852 2283 ¹spem

364 2279 575 2332 concipere
606 2282 802 2333 potuerit.
865 2285 898 2325 I
896 2300 924 2326 n
965 2286 1100 2328 libello
1132 2288 1181 2329 de
1220 2287 1482 2330 institutione
1517 2287 1712 2331 ecelesiae
1742 2287 1852 2330 Her-

363 2338 567 2379 oeldensis
604 2339 687 2392 ipsi
718 2341 941 2396 Hartwiqo
981 2345 1123 2387 abbati
1163 2345 1304 2388 dicata
1350 2346 1460 2388 dixit
1494 2347 1765 2401 Lampertus,
1807 2351 1854 2390 ut

354 2396 510 2448 paucis
548 2397 683 2439 verbis
722 2414 748 2440 a
779 2403 979 2444 monacho
1010 2404 1355 2447 Hamerslebensi
1394 2405 1614 2459 exservsptis
1649 2405 1853 2449 traditum

364 2454 572 2508 habemus,
605 2456 829 2500 Annonem
857 2466 1024 2513 gyratam
1055 2463 1250 2506 habuisse
1281 2464 1592 2507 ordinationem
1617 2463 1849 2519 Hartwiyi.
1865 2484 1900 2512 55

366 2513 480 2554 Sane
519 2516 749 2557 notandum
788 2523 847 2559 est
886 2520 960 2562 hoo
995 2522 1268 2575 Lampertum
1300 2523 1355 2565 in
1395 2523 1641 2566 Annalibus
1679 2523 1853 2566 minime

363 2571 612 2624 repetivisse.
661 2575 761 2616 Non
782 2576 921 2627 faeere
943 2594 1130 2634 possum,
1163 2581 1268 2634 quin
1289 2583 1458 2624 credam
1477 2582 1707 2624 Annonem
1726 2583 1852 2624 Lam-

366 2708 402 2754 1)
427 2710 523 2745 Anu.
549 2722 583 2746 a.
603 2713 704 2747 1064.
726 2713 827 2756 1066,
855 2716 959 2756 infra
980 2729 1017 2760 p.
1037 2719 1092 2753 92.
1112 2720 1200 2759 101,·
1225 2720 1272 2761 cf.
1298 2720 1419 2762 Meyer
1435 2731 1502 2754 von
1518 2721 1688 2764 Knonau,
1707 2719 1852 2756 ‘Jahrb

364 2756 538 2790 Heinrich
556 2758 581 2790 I
586 2758 637 2793 V!
663 2759 694 2800 I,
714 2771 754 2802 1).
771 2762 852 2804 485,
879 2773 913 2797 n.
934 2765 1015 2804 177,·
1043 2765 1100 2800 ‘N.
1119 2766 1265 2800 Archiv’
1283 2768 1389 2810 XIX,
1412 2779 1448 2811 p.
1469 2769 1538 2803 183
1550 2779 1600 2811 sq.
1698 2770 1738 2811 2)
1755 2769 1852 2803 Ami.

367 2813 390 2834 a
412 2805 514 2846 1059,
542 2805 649 2846 infra
669 2817 708 2848 p.
728 2808 772 2842 75
790 2819 838 2850 sq.
848 2819 862 2848 ‚·
886 2809 972 2845 Inst.
999 2812 1176 2856 Herveld„
1204 2815 1310 2855 infra
1330 2825 1370 2858 p.
1389 2816 1459 2850 352
1476 2825 1525 2858 sq.
1623 2815 1660 2859 3)
1685 2815 1786 2856 Quod
1807 2825 1900 2852 8240

372 2859 408 2882 eo
426 2854 536 2894 patet,
563 2853 656 2894 quod
679 2853 735 2886 hic
761 2854 897 2888 libellus
919 2858 1066 2900 proloqo
1089 2865 1220 2902 careat,
1248 2871 1357 2904 neque
1381 2863 1420 2894 in
1445 2863 1591 2905 epiloqo,
1617 2872 1686 2905 quo
1710 2862 1751 2896 de
1774 2872 1855 2896 oon-

365 2896 446 2930 silio
471 2908 533 2931 suo
557 2898 650 2932 hunc
675 2900 806 2933 librum
827 2905 1066 2938 conscribendi
1088 2911 1212 2940 auctor
1227 2908 1382 2951 disserit,
1409 2919 1607 2952 quenquam
1630 2910 1853 2952 alloquatur.

364 2944 401 2986 4)
429 2943 484 2986 Cf.
511 2945 567 2979 (Ν.
593 2946 740 2978 Arohiv'
765 2948 832 2990 IX,
853 2960 894 2991 p.
919 2952 989 2986 293
1006 2962 1054 2994 sq.
1152 2955 1187 2997 5)
1214 2955 1324 2996 Infra
1347 2966 1382 2998 p.
1403 2957 1483 2991 138.
1509 2956 1590 2991 354.
