2014 3184
270 332 374 369 1076.

271 379 376 411 (Aua.)

212 2238 253 2264 Is.
265 2238 309 2270 30,
322 2239 365 2263 10.

171 2298 271 2323 Ezech.
284 2298 327 2330 13,
339 2298 365 2323 6.

387 214 457 247 270
755 212 1024 249 LAMPERTI
1051 214 1302 251 ANNALES.
1352 215 1399 251 A.
1427 217 1530 253 1076.

391 334 446 374 ab
490 334 728 375 hominum
771 335 1055 389 perditorum
1097 337 1318 380 societate
1359 338 1664 380 dehortentur
1705 341 1752 382 et
1797 339 1887 395 ipsi

390 394 446 434 ad
489 394 681 435 ferenda
722 394 918 448 publicis
960 396 1162 449 negociis
1210 397 1382 438 auxilia
1429 398 1670 453 designato
1717 398 1792 441 die
1838 401 1887 442 et

390 453 489 494 1000
531 453 696 494 armati
737 454 1043 508 instructique
1086 458 1239 509 presto
1281 457 1439 498 assint.
1502 457 1622 512 Ipse,
1665 459 1719 499 ut
1758 457 1886 500 insti-

388 514 553 562 tuerat,
597 512 894 566 paucissimos
932 528 1085 555 secum
1118 529 1352 557 assumens
1384 516 1626 558 Teutonici
1658 517 1886 560 exercitus

388 571 570 621 milites,
614 572 806 614 caeteris
848 573 1046 624 omnino,
1096 575 1207 628 quid
1247 575 1499 626 moliretur,
1547 576 1916 630 ignorantibus,⁵

386 631 434 670 in
458 630 692 672 Boemiam
716 632 955 673 contendit
972 632 998 672 ¹.
1045 633 1208 687 Ibique
1230 634 1390 676 iuncto
1413 635 1499 676 sibi
1522 635 1638 677 duce
1660 650 1713 678 ac
1735 634 1884 679 milite

388 689 614 740 Boemico,
649 693 851 744 repente,
886 691 990 746 plus
1013 705 1148 746 quam
1172 695 1304 734 tanto
1327 694 1454 748 operi
1476 695 1712 749 expediret
1737 695 1884 738 fidens

387 749 539 790 nescio
582 764 640 790 an
682 750 934 804 negligens,
977 751 1026 791 in
1058 752 1319 793 1110101101111ι
1357 752 1654 796 Μ1311101130111
1686 767 1733 797 30
1764 754 1883 796 infu-

387 808 468 858 dit,
502 808 719 850 videlicet
751 823 869 850 vana
901 823 980 864 spe
1013 810 1180 859 elusus,
1221 811 1343 865 quod
1375 812 1504 854 ducis
1537 811 1723 855 Ottonis
1754 813 1884 856 indu-

387 867 498 908 stria
540 870 586 908 et
628 870 933 917 caeterorum,
978 883 1089 923 quos
1132 870 1354 912 beneficio
1395 885 1477 913 suo
1519 872 1756 915 devinctos
1796 873 1934 916 sibim

386 926 685 979 gloriabatur,
729 941 908 969 omnem
951 928 1087 975 rebus
1130 944 1321 981 moram,
1371 944 1551 973 omnem
1600 932 1884 975 conficiendo

386 986 576 1038 negocio
610 986 934 1029 difficultatem
971 984 1270 1043 adempturab
1308 989 1443 1031 foret.
1508 989 1598 1033 Sed
1630 991 1723 1032 dux
1756 990 1881 1044 Otto,

386 1045 532 1086 sciens
574 1046 703 1099 genti
736 1046 967 1087 Saxonum
1008 1047 1152 1089 iustas
1194 1062 1291 1090 esse
1324 1062 1484 1091 causas
1514 1050 1792 1101 rebellionis,
1835 1050 1884 1093 id

386 1104 532 1145 multo
580 1105 671 1145 iam
719 1107 925 1160 tempore
973 1107 1096 1161 apud
1143 1121 1297 1162 regem
1350 1109 1520 1150 crebris
1573 1109 1884 1164 legationibus

386 1166 555 1216 egerat,
595 1166 647 1204 ut
681 1164 791 1206 belli
824 1165 1118 1207 seminarium
1151 1167 1412 1222 irarumque
1445 1182 1604 1210 causas
1636 1171 1881 1220 amoveret,
1896 1183 1931 1210 15

384 1222 509 1276 leges
551 1237 602 1264 ac
644 1224 743 1264 iura
786 1238 867 1265 sua
900 1225 1155 1267 Saxonibus
1187 1228 1289 1267 rata
1321 1241 1504 1270 manere
1537 1228 1719 1279 sineret,
1762 1228 1883 1283 equi-

384 1284 482 1323 tate
525 1282 683 1336 pocius
725 1297 860 1336 quam
903 1285 1040 1325 armis
1082 1285 1422 1328 tumultuantes
1464 1289 1786 1342 compesceret,
1835 1289 1883 1330 et

385 1343 540 1382 tantos
573 1341 764 1390 labores,
799 1344 996 1394 tantum,
1031 1344 1110 1397 qui
1142 1345 1287 1398 prelio
1319 1345 1585 1387 fundendus
1618 1348 1750 1398 esset,
1785 1360 1882 1388 san-

383 1400 570 1453 guinem
611 1400 829 1451 lucratus
874 1402 971 1443 sine
1013 1403 1293 1445 difficultate
1334 1404 1659 1459 inperpetuum
1697 1405 1882 1460 opulen-

383 1459 587 1500 tissimae
609 1460 760 1513 gentis
784 1461 974 1502 servicio
996 1462 1249 1513 frueretur;
1284 1463 1402 1505 hanc
1425 1464 1545 1518 regis
1568 1467 1646 1506 ac⁰
1675 1462 1877 1506 tirannid
1894 1481 1930 1506 so

385 1531 480 1559 esse
514 1518 795 1569 distantiam,
839 1521 961 1573 quod
1003 1521 1078 1562 hic
1110 1522 1155 1562 vi
1192 1524 1329 1576 atque
1363 1523 1639 1566 crudelitate
1670 1524 1882 1566 obedien-

384 1577 498 1617 tiam
521 1579 790 1632 extorqueat
824 1579 880 1620 ab
914 1579 1083 1630 invitis,
1117 1580 1196 1622 ille
1229 1581 1409 1635 legibus
1436 1596 1488 1624 ac
1510 1597 1635 1625 more
1657 1583 1880 1625 maiorum

383 1637 647 1678 moderetur
688 1638 906 1679 subiectis
948 1640 1262 1694 precipiatque
1303 1641 1530 1683 facienda.
1593 1641 1765 1684 Verum
1801 1642 1881 1685 ille

385 1695 520 1736 homo
561 1696 611 1736 in
650 1696 842 1751 imperio
884 1700 1020 1739 natus
1063 1701 1109 1740 et
1150 1699 1366 1751 nutritus,
1410 1702 1463 1742 ut
1499 1703 1656 1743 tantos
1686 1701 1878 1753 natales,

382 1756 539 1795 tantos
581 1756 819 1810 prosapiae
860 1757 1008 1799 fasces
1051 1772 1102 1799 ac
1144 1759 1308 1800 titulos
1341 1760 1546 1810 decebat,
1589 1761 1794 1815 regium⁶
1831 1761 1928 1803 11135

383 1814 595 1855 omnibus
637 1829 815 1869 semper
855 1817 1056 1858 adversis
1097 1818 1301 1858 animum
1342 1819 1544 1873 gerebat,
1586 1819 1703 1861 mori
1742 1834 1878 1874 quam

382 1872 504 1914 vinci
544 1873 760 1915 malebat.
824 1875 1125 1930 Inexpiabilis
1166 1877 1445 1931 ignominiae
1485 1879 1714 1919 maculam
1749 1881 1878 1933 puta-

383 1931 463 1971 bat
495 1932 681 1986 impune
714 1933 929 1974 iniuriam
962 1936 1203 1989 accepisse,
1247 1938 1294 1978 et
1326 1939 1514 1978 econtra
1546 1951 1774 1979 summum
1805 1938 1878 1980 de-

383 2003 461 2030 cus
495 1992 541 2031 et
572 1991 694 2032 vitae
728 1989 909 2046 preciof
937 1995 1296 2048 comparandum
1328 1996 1574 2038 estimabat
1604 1996 1723 2038 nihil
1754 1997 1878 2051 quod

382 2062 511 2089 secus
553 2050 794 2091 accidisset
838 2051 1041 2092 inultum
1084 2054 1341 2107 preterisse.
1413 2055 1487 2096 Ad
1534 2055 1622 2096 hoc
1668 2055 1926 2098 hominesao

382 2106 469 2147 sibi
510 2108 745 2159 asciverat,
789 2109 953 2150 talium
993 2125 1146 2152 rerum
1188 2113 1398 2163 artifices,
1441 2114 1660 2155 mediocri
1691 2115 1876 2168 quidem

381 2165 482 2207 1000
514 2168 648 2207 natos
663 2167 688 2217 2,
733 2167 812 2208 sed
846 2169 1035 2210 consilio
1073 2184 1125 2210 ac
1158 2185 1297 2211 manu
1329 2173 1739 2226 promptissimosg,
1783 2173 1873 2227 qui,

381 2226 633 2266 secundum
665 2227 787 2279 quod
819 2227 1045 2280 propheta
1068 2228 1193 2279 dicit,
1228 2229 1537 2282 loquebantur
1570 2232 1611 2272 ei
1643 2231 1876 2285 placentia

381 2286 427 2325 et
460 2284 730 2326 divinabant
772 2285 813 2326 ei
855 2299 1027 2327 errores
1069 2289 1115 2328 et
1156 2289 1364 2342 egrotum
1399 2289 1603 2329 animum
1635 2291 1682 2331 et
1714 2303 1796 2344 per
1826 2304 1874 2332 se

380 2343 568 2385 affinem
619 2344 884 2386 iracundiae
937 2359 988 2386 ac
1041 2346 1294 2387 temeritati
1345 2343 1724 2389 adulationibusll
1779 2349 1875 2391 suis
1887 2365 1922 2392 ³⁵

379 2403 615 2455 tamquam
647 2399 907 2456 suppositai
938 2404 1040 2445 face
1071 2404 1121 2445 in
1150 2419 1282 2446 omne
1315 2406 1437 2459 quod
1469 2406 1669 2448 libuerat
1699 2407 1872 2449 infiam-

378 2517 407 2546 0)
427 2516 590 2541 marchiam
610 2517 635 2541 A
648 2518 672 2542 1.
740 2516 770 2549 b)
790 2518 935 2549 adeptura
954 2519 980 2542 B
993 2519 1024 2549 ‘2;
1045 2517 1201 2544 ademtuza
1219 2519 1288 2543 Blss
1307 2518 1359 2552 (sic
1377 2526 1497 2551 semper,
1518 2524 1548 2544 ut
1568 2519 1704 2553 redemt„
1725 2529 1814 2546 manu
1833 2523 1870 2553 2).

379 2552 406 2581 c)
426 2554 454 2576 et
473 2551 553 2576 Blb.
641 2551 672 2585 d)
691 2555 749 2584 tyr.
771 2553 795 2577 Α
809 2554 834 2578 1.
854 2553 917 2579 132.
1003 2555 1030 2584 e)
1049 2554 1079 2578 in
1098 2561 1176 2579 omn.
1197 2555 1312 2586 regium
1333 2555 1392 2579 Al.
1406 2556 1447 2580 1³².
1540 2557 1564 2587 f)
1583 2557 1733 2588 praesenti
1751 2557 1815 2583 Al.
1828 2558 1870 2583 1⁸.

377 2587 408 2618 g)
428 2587 577 2617 promtiss.
597 2587 666 2611 ΒΙ·ιι
685 2589 806 2619 (semper
825 2596 914 2613 mmm
933 2589 970 2620 2).
986 2589 1012 2614 2.
1085 2588 1115 2621 h)
1135 2589 1324 2615 adulantibus
1343 2591 1423 2615 Blss.
1497 2591 1518 2622 1)
1537 2593 1657 2624 subpos.
1677 2593 1739 2618 ΒΞ.

379 2668 413 2710 1)
437 2669 556 2702 Mense
572 2669 734 2712 Auyusto
759 2670 823 2704 hoc
839 2671 975 2712 factum
991 2682 1061 2704 esse
1077 2672 1227 2714 videtur,
1254 2682 1332 2704 cum
1356 2683 1471 2715 regem
1488 2674 1647 2717 diploma
1671 2675 1739 2717 (St.
1757 2674 1871 2716 2793)
1882 2683 1919 2708 4⁰

377 2715 594 2758 Ratisponae
618 2721 681 2749 aut
706 2718 762 2750 die
787 2717 856 2752 Iul.
876 2719 932 2752 27.
959 2718 1139 2752 Boemiam
1164 2720 1411 2761 myreis-surum
1437 2724 1499 2753 aut
1524 2722 1616 2764 Auy.
1640 2724 1697 2757 27.
1731 2733 1747 2755 e
1772 2732 1870 2755 mar·
1915 2761 1918 2762 ⁷

376 2762 458 2794 chia
492 2763 669 2796 Mis-mensi
700 2775 878 2797 reversum
912 2765 1045 2799 dedisse
1079 2766 1318 2799 coniciendum
1351 2768 1408 2801 sit.
1461 2767 1721 2802 concedendum
1753 2773 1870 2802 tamen

377 2813 426 2841 est
449 2820 526 2841 eum
551 2809 614 2842 hoc
630 2812 735 2843 etiam
760 2811 828 2845 Iul.
848 2813 903 2846 27.
930 2813 1004 2844 iam
1028 2812 1073 2845 ab
1089 2812 1155 2845 hac
1172 2813 1388 2856 eoepeditione
1408 2824 1585 2848 reversum
1602 2817 1690 2850 dare
1703 2817 1868 2859 potuisse.

375 2855 412 2898 2)
437 2855 493 2896 Cf.
519 2867 633 2898 supra
655 2869 691 2900 p.
712 2859 791 2899 147,
820 2858 840 2892 l.
859 2860 907 2893 24
923 2869 972 2901 sq.
999 2860 1080 2902 257,
1109 2859 1130 2894 l.
1149 2861 1205 2894 30.
