2014 3184
262 320 364 356 1076.

175 1571 261 1597 Rom.
273 1572 316 1604 13,
327 1573 354 1598 4.

152 1631 175 1657 1.
188 1631 264 1659 Petr.
274 1632 300 1663 2,
314 1632 355 1659 14.

379 183 450 232 264
745 196 1014 233 LAMPERTI
1038 198 1293 235 ANNALES.
1343 199 1390 236 A.
1419 202 1522 237 1076.

380 320 506 372 potu,
550 319 597 359 in
640 319 847 362 oratione
879 320 952 362 vel
992 321 1042 361 in
1083 321 1275 363 caeteris
1313 322 1524 364 omnibus
1558 325 1878 368 communione

380 378 477 419 eius
530 379 763 432 permissa.
842 379 994 421 Huius
1047 381 1324 423 auctoritate
1377 382 1569 424 animati
1622 383 1879 439 complures

379 436 471 487 alii,
515 451 707 491 quorum
751 440 797 479 et
829 439 878 479 in
910 439 1061 480 Deum
1098 439 1211 481 fides
1242 441 1400 495 purior
1431 443 1478 483 et
1510 443 1568 483 ad
1602 443 1878 498 dignitatem

377 496 444 537 rei
485 496 698 550 publicae
741 498 971 540 sententia
1013 499 1180 552 pocior,
1224 499 1449 554 paulatim
1487 514 1534 543 se
1566 501 1746 556 palacio
1778 503 1879 546 sub-

377 555 639 606 trahebant,
683 570 739 598 ne
772 556 988 599 videlicet
1030 558 1398 612 supradictorum
1437 561 1757 604 communione
1788 576 1909 604 ψει-5

378 614 689 666 cularentura,
734 617 780 657 et
813 617 871 657 ad
903 630 1071 671 regem,
1113 617 1224 659 licet
1265 619 1435 660 crebris
1467 619 1747 663 iussionibus
1778 635 1878 664 evo-

377 674 487 724 cati,
537 674 685 716 redire
738 675 977 726 nolebant,
1033 676 1180 718 sacius
1232 677 1491 720 iudicantes
1538 692 1692 734 regem
1739 695 1877 736 quam

376 732 526 774 Deum
560 734 806 784 offendere,
851 735 1052 789 corporis
1089 749 1226 789 quam
1268 737 1447 779 animae
1480 738 1772 793 dispendium
1812 740 1878 782 in-

376 791 540 833 cidere.
605 792 685 833 Illi
727 795 915 835 econtra
951 794 1098 844 irasci,
1142 795 1350 846 fremere,
1393 796 1607 848 insanire,
1650 798 1798 841 minas
1829 802 1877 842 et

376 851 581 892 convicia
622 851 670 891 in
703 866 859 894 omnes
892 853 1061 907 passim
1093 853 1298 895 iaculari.
1364 855 1592 898 Iniustam
1625 859 1672 899 et
1703 857 1875 901 idcirco
1891 874 1925 900 10

375 910 511 950 nihili
564 911 868 952 estimandam
916 925 1012 954 esse
1059 913 1256 954 Romani
1303 915 1535 969 pontificis
1583 917 1872 969 sententiam,

375 969 453 1022 qui
494 983 540 1010 se
583 983 666 1011 nec
701 971 919 1013 canonice
962 972 1020 1012 ad
1053 968 1303 1026 synodumb
1343 976 1555 1017 evocatos
1595 979 1706 1018 necc
1746 991 1876 1020 cano-

375 1028 475 1069 nice
509 1028 736 1070 discussos
778 1044 861 1072 nec
895 1030 1065 1072 obiecti
1098 1032 1300 1074 criminis
1337 1033 1468 1075 iuxta
1499 1035 1615 1077 scita
1647 1049 1875 1078 canonum

375 1088 607 1129 convictos
654 1089 727 1130 vel
776 1090 1008 1131 confessos
1060 1091 1275 1146 precipiti
1322 1093 1478 1135 furore
1525 1094 1684 1149 pocius
1737 1109 1874 1150 quam

374 1147 551 1188 ratione
605 1149 1058 1191 excommunicasset.
1128 1150 1407 1206 Episcopum
1454 1153 1779 1197 Treverensem
1826 1157 1920 1198 et15

373 1208 590 1255 caeterOS,
634 1207 712 1260 qui
755 1221 858 1248 cum
901 1222 953 1250 eo
996 1209 1054 1249 ad
1096 1211 1395 1252 evertendum
1436 1213 1502 1254 rei
1535 1213 1748 1267 publicae
1785 1217 1872 1256 sta-

372 1266 470 1305 tum
481 1261 500 1288 ‘¹
527 1265 618 1306 iam
646 1266 824 1320 pridem
847 1268 1197 1322 conspirassent,
1233 1269 1451 1311 aliorsum
1473 1271 1712 1315 intendere
1734 1287 1871 1328 quam

372 1323 681 1377 loquerentur,
726 1339 809 1367 nec
851 1328 947 1367 tam
989 1328 1268 1381 apostolicae
1312 1330 1409 1371 sedi
1441 1331 1767 1374 auctoritatem
1799 1333 1871 1376 de-

371 1383 537 1431 ferree,
572 1397 708 1437 quam
731 1387 784 1424 ut
808 1385 1084 1439 dignitatem
1116 1388 1289 1441 regiam
1313 1389 1550 1440 subruant,
1585 1391 1871 1435 occasionem

371 1455 559 1495 querere
593 1445 638 1483 et
670 1443 928 1485 inveterata
951 1445 1167 1487 adversus
1188 1460 1341 1501 regem
1365 1448 1472 1490 odia
1494 1463 1612 1491 novo
1634 1450 1871 1506 religionis
1884 1467 1919 1494 20

370 1501 594 1542 vocabulo
627 1502 832 1555 palliare.
896 1503 1013 1544 Eum
1045 1507 1169 1546 recte
1202 1506 1366 1548 honori
1403 1521 1484 1549 suo
1517 1509 1788 1564 prospicere,
1832 1511 1871 1552 si

370 1559 418 1599 in
460 1560 615 1601 hostes
658 1574 762 1602 suos
795 1562 1014 1616 gladium,
1058 1577 1192 1617 quem
1230 1565 1360 1607 iuxta
1392 1567 1590 1621 apostoli
1620 1582 1779 1611 vocem
1810 1570 1870 1612 ad

370 1619 623 1660 vindictam
663 1621 890 1662 malorum
931 1623 1161 1677 acceperit
1173 1623 1199 1674 ¹,
1244 1625 1469 1666 maturius
1511 1627 1778 1683 distringat,
1822 1631 1869 1671 et

371 1679 647 1733 contemptis
709 1680 917 1722 inanium
974 1683 1265 1724 occasionum
1317 1684 1543 1736 latibulis,
1598 1687 1868 1730 manifestos

368 1738 499 1791 regni
530 1738 822 1781 insidiatores
855 1754 985 1796 pena,
1020 1755 1157 1795 quam
1184 1746 1459 1795 mereantur,
1494 1742 1717 1788 afficiatf.
1769 1746 1868 1790 Nec
1881 1764 1917 1791 25

369 1797 559 1838 difficile
592 1798 684 1838 fuit
715 1798 952 1853 ingenium
985 1801 1118 1855 regis,
1138 1816 1219 1855 per
1251 1816 1298 1844 se
1331 1805 1462 1844 atrox
1495 1806 1541 1846 et
1572 1805 1866 1860 implacabile

366 1855 414 1895 in
446 1856 560 1896 iram
594 1858 806 1899 excitare.

509 1912 618 1956 *Sed
652 1930 754 1957 cum
787 1917 965 1960 videret
999 1919 1082 1960 sub
1117 1922 1342 1974 optentug
1366 1922 1603 1977 religionis
1634 1925 1865 1980 principes
1879 1938 2014 1973 mm..

366 1987 392 2012 a
425 1986 471 2014 se
504 1974 727 2027 paulatim
762 1977 955 2019 deficere
989 1980 1035 2019 et
1069 1979 1293 2022 destituto
1334 1981 1426 2022 iam
1458 1983 1641 2024 auxiliis
1672 1983 1864 2040 imperio

364 2045 530 2073 vanam
563 2046 659 2074 6666
693 2036 1108 2088 comminationem,
1144 2053 1259 2092 quae
1282 2040 1374 2081 vim
1405 2041 1558 2084 facere
1590 2057 1685 2084 non
1709 2045 1864 2098 posset
1878 2058 1913 2084 ao

365 2091 530 2143 quibus
564 2093 931 2144 comminaretur,
966 2098 1094 2136 ratus
1119 2120 1172 2123 —
1200 2098 1247 2138 id
1280 2100 1402 2152 quod
1434 2102 1616 2155 tempus
1649 2102 1862 2157 exigebat

362 2171 420 2176 ———
442 2146 668 2191 utilitatih
695 2152 840 2206 magis
863 2166 1000 2206 quam
1026 2155 1291 2198 iracundiae
1315 2159 1659 2211 consulendum,
1693 2161 1862 2203 iterum

363 2210 501 2261 atque
543 2210 711 2251 iterum
753 2208 956 2253 aversosi
998 2213 1258 2268 principum
1300 2217 1476 2258 animos
1519 2218 1700 2260 blandis
1741 2220 1860 2275 lega-

362 2267 566 2308 tionibus
614 2269 826 2324 mitigare
874 2272 1147 2325 temptabat.
1210 2274 1307 2316 Nec
1348 2277 1523 2327 tamen,
1567 2278 1689 2331 quod
1731 2279 1860 2320 dictu

362 2326 529 2367 mirum
571 2328 643 2378 sit,
683 2330 816 2370 tanta
857 2330 943 2371 hac
984 2345 1137 2372 rerum
1179 2334 1439 2387 asperitate,
1483 2337 1617 2377 tanta
1647 2337 1908 2392 ingruen-35

361 2385 479 2425 tium
512 2387 821 2439 periculorum
854 2389 973 2431 mole
1007 2391 1155 2432 evinci
1187 2394 1382 2446 poterat,
1426 2395 1490 2445 ut,
1525 2395 1648 2437 unde
1681 2396 1858 2450 potissi—

360 2458 492 2484 mum-
518 2446 630 2487 haec
663 2446 847 2488 flamma
878 2448 1076 2491 invidiae
1110 2452 1156 2492 et
1182 2451 1276 2491 odii
1302 2449 1572 2494 adversumk
1599 2468 1702 2496 eum
1735 2469 1857 2497 exar-

360 2506 499 2554 serat,
554 2505 784 2560 principes
833 2507 1055 2550 Saxoniae
1109 2510 1342 2552 deditione
1390 2512 1660 2555 absolveret.
1733 2513 1857 2566 Quin

359 2558 522 2604 immol
555 2566 831 2607 conterritus
863 2568 1038 2609 recenti
1060 2569 1267 2623 exemplo
1300 2583 1469 2621 eorum,
1505 2572 1583 2625 qui
1614 2572 1855 2627 plerosque

359 2634 413 2661 ex
445 2621 555 2676 ipsis
596 2637 642 2665 66
684 2624 946 2667 inconsulto
980 2627 1247 2669 dimiserant
1263 2629 1288 2678 2,
1332 2630 1539 2681 residuis,
1583 2631 1661 2685 qui
1703 2633 1903 2674 adhuc4o

356 2724 385 2755 a)
405 2727 689 2753 commacularentur
707 2728 788 2754 ΒΗ).
881 2729 910 2761 b)
929 2731 970 2754 sic
991 2731 1020 2755 Ιι.
1035 2731 1055 2755 l.
1076 2737 1180 2756 onmes.
1267 2730 1294 2763 c)
1313 2738 1367 2756 nec
1388 2740 1453 2758 can.
1476 2740 1531 2758 om.
1553 2733 1670 2758 A1.1¹².
1745 2732 1775 2767 d)
1796 2741 1854 2761 om.

356 2760 439 2793 31²3
462 2765 571 2786 statum
592 2763 717 2794 reipubl.
738 2765 801 2789 Al.
815 2766 856 2790 1⁸.
913 2767 940 2796 e)
961 2766 1070 2790 deferri
1089 2774 1164 2791 corr.
1187 2766 1304 2791 deferre
1324 2767 1384 2791 ΒΞ.
1451 2768 1474 2801 f)
1494 2768 1604 2794 efficiat
1623 2768 1686 2794 Β2.
1742 2768 1771 2802 g)
1791 2770 1852 2795 obt.

356 2796 381 2818 A
394 2797 419 2820 1.
439 2796 502 2821 Β1.
578 2798 608 2829 11)
628 2799 764 2825 utilitatis
784 2801 862 2825 ΒΗ.
938 2800 958 2833 1)
978 2800 1120 2826 aduersos
1140 2802 1203 2827 ΒΞ.
1271 2801 1302 2832 k)
1322 2803 1457 2828 adersum
1477 2804 1554 2829 131³.
1611 2803 1632 2834 1)
1652 2811 1750 2836 ymmo
1769 2803 1852 2831 Blb.

357 2866 391 2944 lt)
417 2866 590 2948 Cf'vsslgem
615 2879 693 2950 ..ς-ἔνι.
720 2870 880 2912 Brv’oez‘n„
908 2870 1016 2913 Jaffe',
1043 2871 1138 2906 Baerbl.
1160 2872 1200 2913 V,
1220 2883 1261 2914 Ρ.
1281 2874 1361 2908 133.
1436 2874 1472 2918 2)
1497 2875 1554 2916 Cf.
1579 2885 1694 2918 supra
1715 2887 1751 2918 p.
1770 2876 1852 2911 258.

354 2923 384 2945 e.
407 2925 443 2956 p.
462 2921 482 2948 ‘-
534 2941 543 2957 ,
571 2926 605 2950 n.
651 2944 656 2950 .

2007 2264 2014 2286 1

2003 2316 2014 2350 ἐ

2005 2397 2014 2430 ,⁴

1999 2428 2014 2496 1
