1942 3198
632 189 929 227 PRAEFATIO
955 190 995 226 C.
1022 191 1091 230 IV.
1490 191 1624 233 XLIII

92 313 348 369 perspeoeitl,
380 313 502 357 illaan
524 317 701 368 partem
725 313 986 368 quaestionis
1011 313 1075 356 ita
1095 313 1304 368 tractavit,
1337 318 1384 357 ut
1404 320 1611 369 appareat

100 387 196 418 eum
233 372 356 417 illam
395 372 809 416 animadversionem
849 387 937 416 non
977 373 1076 416 bene
1107 373 1364 428 percepisse,
1411 374 1610 428 opinatus

100 430 194 479 ideo
224 447 253 476 a
283 433 513 487 Lamperto
543 432 682 475 relata
712 432 930 476 reicienda
965 447 1064 487 esse,
1104 434 1217 487 quod
1245 432 1285 475 is
1316 433 1477 476 duobus
1508 434 1610 477 locis

100 491 256 538 eisdem
293 491 385 546 fere
423 492 562 539 verbis
600 506 704 536 usus
743 492 838 546 sit2,
880 491 1032 546 quibus
1071 494 1217 536 eadem
1254 492 1345 545 fere
1381 493 1610 545 referenda

70 551 295 606 shaberet„
327 555 368 595 et
406 553 519 606 quod
557 565 867 606 nonnunquam
906 551 1181 606 antiquorum
1221 556 1442 595 auctorum
1481 552 1607 604 dicta,

99 611 155 656 ab
183 610 288 655 aliis
316 611 464 666 allata,
495 611 767 666 usurpaverit
779 612 808 653 3.
862 611 969 655 Cum
991 611 1187 666 plurima
1218 616 1450 655 commenta
1481 613 1609 654 Lam-

91 670 208 726 perti
247 671 311 716 ab>
340 670 444 715 aliis
481 671 742 725 deprehensa
781 675 928 725 essent,
969 671 1042 714 ille
1078 671 1181 715 haec
1218 686 1246 713 a
1277 672 1506 726 Lamperto
1537 673 1608 715 ad-

98 729 274 775 inventa
310 745 410 785 esse,
451 732 565 785 quod
593 730 810 775 Delbriick
841 730 1022 784 dixerat,
1061 745 1149 774 non
1180 731 1392 784 concessit,
1433 733 1509 774 sed
1543 746 1609 774 ea:-

90 789 238 845 posuit
281 790 385 834 haec
430 794 644 834 auctorem
689 791 800 834 male
846 794 1056 845 comperta
1102 790 1318 844 habuisse,
1365 790 1460 834 ideo
1507 791 1609 834 haec

52 866 88 896 ις)
101 847 319 895 ‘elementa
345 849 500 907 typica’
529 873 591 879 —-
619 849 677 893 sit
706 850 834 893 venia
863 851 987 893 verbo
1007 874 1068 879 —-
1088 850 1320 904 scripsisse.
1385 851 1612 904 Numquid

99 923 187 952 non
215 908 419 953 mentitur
448 909 522 964 qui
553 923 660 964 quae
691 909 823 953 nescit
851 909 996 952 multis
1026 909 1165 953 verbis
1195 914 1385 964 enarrat,
1427 911 1518 953 acsi
1558 925 1608 952 ea

99 969 200 1012 bene
239 973 448 1024 comperta
487 969 674 1023 haberet,
725 973 764 1012 et
803 969 852 1012 in
890 969 1071 1012 diversis
1116 969 1359 1012 commentis
1397 969 1610 1012 similibus

97 1027 236 1072 verbis
264 1028 432 1072 utitur?
492 1028 615 1072 Haec
645 1032 833 1072 extrema
863 1028 1153 1072 commentatio
1185 1030 1235 1072 de
1265 1030 1350 1082 fide
1380 1029 1608 1083 Lamperto

98 1089 247 1136 danda
277 1087 467 1131 omnium
498 1087 716 1131 levissima
743 1092 816 1132 est.

52 1163 88 1195 m
241 1147 439 1202 Lonqum
482 1151 543 1190 est
586 1161 729 1191 omnes
768 1161 1018 1191 enumerare
1057 1153 1323 1191 accusatores
1368 1153 1407 1191 et
1452 1152 1609 1191 tutores

98 1206 321 1262 Lamperti
331 1206 362 1249 ⁴.
427 1206 478 1250 Si
509 1206 615 1261 leqis
644 1206 786 1261 libros,
820 1221 923 1261 quos
954 1207 1010 1250 Ε.
1035 1207 1279 1260 Steindorff
1302 1212 1340 1250 et
1377 1207 1431 1251 G.
1455 1208 1608 1261 Meyer

98 1267 148 1310 de
180 1266 376 1311 Knonau
415 1267 466 1310 de
505 1267 629 1310 rebus
665 1266 794 1321 ,qe-stis
833 1266 1038 1310 Heinrici
1069 1267 1172 1310 III.
1212 1271 1251 1310 et
1281 1266 1485 1310 Heinrici
1517 1268 1550 1309 Ι
1558 1268 1605 1310 V.

100 1323 200 1378 (vol.
221 1325 263 1369 I.
284 1327 600 1381 1056—1069)
624 1330 955 1381 composuerunt,
978 1326 1108 1379 facile
1129 1327 1422 1381 deprehendes,
1446 1331 1607 1381 quanta

98 1389 138 1428 et
165 1398 295 1440 quam
324 1385 444 1439 falsa
473 1386 562 1428 iam
592 1385 642 1428 in
671 1386 905 1429 annalibus
939 1390 1122 1428 1040—
1138 1390 1265 1429 1069.
1298 1386 1501 1440 retulerit,
1534 1388 1610 1430 sed

50 1445 159 1492 mah-
199 1445 276 1498 hoc
321 1446 487 1489 demum
535 1459 658 1488 anno.
689 1445 960 1499 potissimum
1006 1445 1120 1488 iram
1166 1450 1205 1489 et
1250 1450 1482 1490 commenta
1526 1461 1604 1489 sua

97 1503 261 1557 effudit.
322 1504 521 1548 Breviter
551 1505 703 1558 dicam,
745 1505 851 1559 quid
879 1505 960 1548 hac
991 1507 1042 1548 de
1072 1520 1118 1548 re
1155 1506 1348 1559 sentiam,
1391 1521 1484 1549 cum
1515 1506 1605 1548 alia

101 1669 136 1714 1)
157 1669 331 1715 Repetivit
351 1669 560 1714 plerumque
584 1681 674 1714 quae
698 1670 774 1714 ipse
797 1670 838 1704 de
863 1670 1024 1712 fontibus
1054 1674 1085 1704 et
1117 1670 1200 1704 Iocis
1234 1675 1387 1704 veterum
1419 1675 1606 1704 auctorum

99 1718 139 1751 in
170 1717 254 1751 Vita
277 1717 384 1751 Luni
411 1718 571 1762 repetitis
603 1728 848 1762 eaeposueram,
883 1719 1028 1751 minime
1061 1719 1249 1760 rationem,
1287 1728 1359 1761 qua
1390 1717 1607 1761 Lampertus

98 1765 165 1800 hoo
195 1774 286 1808 opus
318 1766 569 1810 composuerit,
603 1766 842 1810 perquisitam
872 1765 920 1798 ad
951 1765 1204 1799 diiudicandos
1236 1765 1400 1799 Annales
1430 1765 1606 1800 adhibuit.

51 1821 87 1848 85
99 1813 137 1855 2)
158 1812 205 1847 E.
229 1823 286 1856 qr.
312 1813 400 1856 quia
426 1812 555 1856 Lamp.
582 1812 706 1847 iisdem
732 1813 847 1847 verbis
870 1813 993 1846 retulit
1019 1816 1049 1846 et
1075 1813 1244 1856 Aqnetem
1278 1813 1542 1857 imperatricem
1576 1818 1607 1846 et

102 1860 320 1904 Greqorium
348 1870 487 1906 papam
522 1860 564 1894 de
598 1861 827 1904 impudicitia
860 1860 958 1902 falso
993 1864 1169 1904 suspectos
1203 1870 1290 1903 esse,
1338 1859 1608 1903 Dieffenhacher

93 1918 134 1952 p.
152 1908 200 1944 95
215 1918 289 1952 sqq.
315 1907 448 1942 insulse
481 1907 648 1942 conclusit
681 1907 746 1942 hos
778 1918 942 1942 rumores
976 1918 1047 1942 non
1081 1908 1290 1951 divulyatos,
1326 1907 1386 1942 sed
1416 1908 1532 1942 solum
1566 1909 1606 1941 in

99 1955 314 1990 monasterio
346 1955 595 1998 Hersfeldensi
626 1960 770 1990 eoeortos
804 1966 885 1998 esse,
922 1956 1100 1999 iynorans
1134 1956 1240 1990 etiam
1274 1955 1320 1989 ab
1355 1955 1440 1989 aliis
1473 1955 1605 1990 eosdem

99 2012 264 2038 rumores
286 2002 419 2038 relatos
443 2013 524 2044 esse,
558 2013 630 2038 non
661 2003 856 2048 explicans,
890 2003 979 2047 quid
1009 2004 1205 2038 innocentes
1229 2003 1419 2037 monachos
1443 2003 1608 2045 Hersfeb

52 2051 222 2087 oodmses
250 2051 408 2094 merit,
444 2053 485 2084 ut
518 2051 608 2086 tales
640 2061 804 2086 rumores
834 2050 1092 2086 adinvem‘rent.
1141 2051 1267 2086 Etiam
1291 2052 1409 2094 maqis
1432 2050 1608 2094 stupenda

99 2109 142 2134 ae
173 2097 331 2132 ridicula
364 2099 404 2133 in
438 2098 506 2133 hac
537 2099 825 2133 commentatione
859 2099 1037 2142 leyuntur,
1071 2102 1112 2132 ut
1132 2111 1171 2144 p.
1190 2101 1236 2136 93
1254 2110 1317 2143 sq„
1354 2099 1418 2132 ubi
1448 2100 1606 2143 exponit,

99 2146 188 2190 quid
211 2145 340 2190 Lamp.
366 2145 480 2181 dicere
503 2146 653 2181 voluerit
677 2146 769 2181 dicto
798 2157 866 2192 per
890 2146 1122 2182 calumniam.
1182 2146 1349 2180 Puer-ilia
1383 2147 1490 2180 etiam
1524 2151 1608 2180 sunt

99 2202 191 2238 quae
222 2194 257 2228 is
289 2192 331 2228 de
362 2203 524 2228 sermone
546 2194 737 2238 Lamperti
768 2194 865 2227 dixit
892 2205 933 2238 p.
953 2196 1022 2231 122
1039 2205 1091 2238 sq.
1202 2195 1240 2233 3)
1275 2194 1469 2239 Perperam
1501 2195 1605 2228 etiam

108 2241 162 2278 W.
178 2240 381 2286 Roclerohr,
409 2241 676 2286 ‘Forschunyen
708 2253 741 2277 z.
767 2242 965 2277 Deutschen
992 2242 1129 2278 Gesch!
1154 2242 1278 2285 XXV,
1311 2254 1348 2286 p.
1366 2243 1434 2278 571
1454 2253 1504 2286 sq.
1531 2242 1608 2275 ideo

53 2288 307 2326 &relationem
330 2289 520 2333 Lamperti
551 2289 767 2324 reiciendum
801 2300 873 2324 esse
905 2291 1051 2332 censuit,
1086 2290 1181 2334 quod
1215 2291 1255 2323 in
1289 2300 1330 2323 ea
1362 2289 1463 2325 Livii
1496 2289 1608 2323 locum

100 2336 264 2371 imitatus
287 2337 347 2372 eit.
443 2337 481 2380 4)
510 2337 555 2372 Ut
585 2337 652 2373 Th.
670 2337 845 2380 Ia'ndner,
872 2337 920 2373 H.
939 2337 1100 2379 Mehmet
1127 2338 1197 2373 Ad.
1222 2337 1374 2381 Voqeler,
1405 2336 1442 2372 Ο.
1464 2336 1607 2378 Grund,

101 2383 146 2420 R.
179 2383 410 2428 Waqemann.
479 2383 580 2419 Inter
620 2388 754 2419 tutores
793 2385 984 2430 Lamperti
1019 2386 1234 2430 praesertim
1276 2385 1519 2419 nominandus
1560 2388 1608 2418 est

109 2430 163 2467 ΡΥ.
188 2430 230 2466 de
256 2431 486 2474 Giesebrecht,
522 2433 597 2476 qui,
633 2433 797 2476 quamvis
829 2434 1038 2466 sententiam
1062 2432 1235 2477 Leopoldi
1258 2433 1298 2467 de
1323 2432 1450 2466 Ranke
1474 2442 1608 2476 appro-

101 2478 212 2522 buret,
238 2479 334 2524 quod
357 2479 397 2513 in
416 2480 544 2523 prima
568 2479 720 2514 editione
745 2479 832 2514 libri
854 2481 915 2514 suti
937 2480 1083 2514 dixerat
1108 2480 1245 2523 (DKZ.
1268 2480 1342 2523 III,
1367 2492 1404 2524 p.
1426 2481 1546 2522 1003),
1574 2490 1608 2513 se

54 2526 149 2562 mab
176 2537 212 2562 a.
230 2527 335 2563 1069.
361 2526 597 2572 Lampertum
627 2528 844 2571 praesertim
876 2531 1032 2562 secutum
1066 2538 1147 2571 esse,
1178 2539 1247 2571 per
1281 2538 1399 2562 omnes
1433 2531 1608 2571 sequentes

101 2573 270 2609 editiones
293 2573 404 2608 eheu!
423 2576 587 2610 servavit.
646 2574 699 2611 W.
733 2574 973 2617 Wattenbach,
1007 2576 1072 2619 qui
1104 2576 1143 2609 in
1177 2577 1305 2619 quinta
1339 2575 1489 2608 editione
1523 2575 1611 2607 libri

102 2621 163 2654 sui
183 2620 402 2655 celeberrimi
423 2622 553 2665 (DGQ.
579 2621 632 2665 H,
654 2633 694 2666 p.
713 2623 760 2659 95
776 2633 872 2667 sqq„-
908 2622 956 2664 cf.
982 2624 1090 2657 etiam
1114 2624 1191 2657 eius
1215 2623 1534 2657 commentationem
1569 2623 1609 2655 in

105 2667 213 2712 ‘ffiAtz
239 2667 411 2704 Deutsche
443 2668 683 2715 Bioyraphie'
709 2669 751 2703 X
756 2669 889 2715 VII
892 2671 989 2706 ,548
1005 2681 1045 2714 sq
1092 2674 1122 2704 et
1156 2669 1464 2704 ‘Geschichtschrff
1496 2669 1547 2704 ed.
1573 2671 1607 2704 2.

104 2677 250 2757 XLIII,
269 2726 310 2759 p.
326 2721 353 2745 V
366 2726 419 2760 sq.
444 2722 532 2748 ΠΙΙ
545 2718 638 2762 sqq.)
663 2717 906 2760 indulqentius
922 2717 964 2750 de
980 2718 1173 2761 Lamperto
1190 2717 1372 2751 iudicate?
1372 2721 1421 2759 at
1450 2718 1486 2750 in
1507 2721 1608 2750 sea-ta

55 2762 253 2798 “seditione
275 2773 361 2797 mom
389 2763 588 2807 proditura
621 2765 697 2798 iam
727 2765 842 2798 aliam
872 2766 1081 2799 sententiam
1112 2766 1213 2808 feret.
1264 2765 1365 2798 Inter
1388 2768 1610 2798 accusatores

104 2809 294 2854 Lamperti
315 2809 640 2855 vehementissimos,
667 2811 727 2846 sed
748 2813 870 2846 minus
892 2823 1020 2856 aequos
1035 2812 1278 2846 nominandus
1295 2816 1343 2846 est
1364 2813 1414 2847 W.
1434 2812 1606 2853 Mai-tens,

106 2857 295 2891 ‘Heinrich
318 2856 386 2893 IV.
410 2868 448 2893 u.
475 2858 614 2902 (ἕτερον
638 2859 736 2894 VIL’
786 2860 932 2903 Danziq
958 2861 1061 2895 1887.
