1968 3164
525 245 796 281 LAMPERTI
820 245 1075 281 ANNALES.
1126 246 1172 281 A.
1202 247 1305 282 1073.
1609 246 1676 280 157

167 384 323 427 regem
356 370 508 412 adhuc
531 369 812 412 Herveldiae
846 369 1154 411 constitutum
1188 371 1533 410 concurrerunt.
1587 369 1675 410 Rfi-
1691 354 1798 430 ᾗξῖἷὸ

168 430 352 473 dolfus⁸
394 430 488 472 dux
529 429 783 471 Suevorum
826 442 930 470 cum
973 428 1198 483 episcopis
1238 424 1437 476 Rhenib,
1482 429 1675 471 Sueviae
1735 425 1739 430 ’

167 493 306 546 atque
328 489 569 532 Baioariae
602 489 725 531 circa
746 489 1033 543 Mogontiam
1063 488 1224 529 castris
1259 489 1421 543 positis
1453 489 1676 530 nuncium

165 549 287 606 regis
309 549 666 605 prestolabatur,
701 563 783 604 per
805 562 941 603 quem
965 548 1135 590 certius
1158 548 1442 597 edoceretur,
1478 563 1676 602 quonam

135 610 215 652 5in
255 609 357 652 loco
398 609 442 651 ei
481 622 723 651 occurrere
757 609 960 650 deberet.
1024 608 1278 650 Audierat⁰
1320 608 1442 650 enim
1481 622 1584 650 eum
1619 608 1676 649 ab

165 671 254 712 hac
276 669 570 725 expeditione
603 669 662 710 ad
685 669 778 710 alia
798 668 930 723 regni
961 668 1154 723 negocia
1187 668 1391 708 animum
1424 682 1674 715 revocasse,

166 730 247 772 sed
273 743 500 784 quaenam
532 729 783 770 mutandae
817 728 1076 770 sententiae
1109 727 1358 769 necessitas
1391 730 1580 782 repente
1613 728 1676 768 in-

167 789 367 840 cidisset,
411 790 538 831 certo
579 803 672 830 non
714 784 1049 844 compereratd.
1113 787 1328 841 Plerique
1361 790 1519 829 tamen
1550 788 1677 829 iacti-

165 849 332 892 tabant
364 863 470 891 eum
503 848 835 890 coniurationis
873 848 1011 889 huius
1044 847 1278 889 conscium
1311 848 1676 902 participemque

121 925 154 950 10
167 908 388 960 extitisse,
420 909 617 962 ideoque
648 910 746 949 tam
768 908 896 950 lento
919 908 1067 962 gradu
1089 908 1148 948 ad
1171 906 1391 948 miliciam
1415 908 1674 962 procedere,

166 983 225 1012 ne
257 970 340 1010 aut
371 968 470 1023 regi
500 968 550 1009 in
581 970 716 1009 tanto
739 967 1003 1009 discrimine
1027 969 1188 1008 contra
1220 967 1510 1021 propositum
1542 981 1676 1008 suum

166 1029 343 1085 pudore
383 1028 534 1070 victus
582 1027 805 1069 auxilium
854 1027 1086 1082 preberet,
1131 1028 1231 1077 aut,
1277 1027 1314 1067 si
1355 1029 1559 1081 negaret,
1605 1028 1676 1069 de-

165 1088 418 1131 fectionem
459 1101 589 1129 suam
622 1087 956 1141 consiliumque
993 1087 1240 1128 immature
1273 1087 1466 1141 prodere
1500 1101 1677 1141 cogere·

164 1151 245 1190 tur
258 1147 286 1189 ².
349 1147 447 1190 Rex
478 1147 637 1202 itaque
669 1147 819 1188 missis
851 1146 1033 1188 nunciis
1066 1146 1316 1193 mandavit,
1357 1148 1411 1187 ut
1450 1148 1546 1187 tam
1578 1147 1676 1201 ipse

120 1223 152 1248 15
165 1222 304 1263 quam
337 1207 508 1250 caeteri
539 1207 619 1262 qui
651 1221 757 1248 cum
780 1220 832 1248 eo
866 1208 998 1248 erant
1030 1206 1261 1260 principes
1284 1206 1428 1247 citato
1451 1208 1677 1260 quantum

165 1269 355 1323 possent
400 1267 568 1309 itinere
616 1267 704 1308 sibi
751 1268 1046 1308 occurrerent
1092 1266 1143 1306 in
1183 1265 1295 1306 villa
1343 1280 1459 1320 quae
1506 1266 1678 1307 dicitur

167 1326 385 1383 Capella⁰
424 1322 570 1368 hautf
606 1326 768 1381 procul
810 1326 867 1367 ab
910 1325 1177 1367 Herveldia.
1242 1324 1344 1377 Quo
1387 1340 1491 1367 cum
1533 1326 1676 1367 venis-

166 1389 283 1439 sent,
325 1386 521 1442 pedibus
563 1400 722 1428 eorum
762 1385 1035 1441 provolutus
1082 1385 1246 1427 orabat
1294 1399 1375 1440 per
1415 1388 1677 1440 respectum

166 1447 269 1498 Dei,
302 1446 387 1488 sub
411 1446 542 1489 cuius
562 1446 893 1488 testificatione
922 1445 1010 1487 sibi
1032 1445 1170 1488 fidem
1194 1445 1430 1495 dixissent,
1465 1447 1518 1486 ut
1541 1459 1679 1500 super

118 1504 432 1550 20infeIicibus
465 1506 672 1548 eventisg
698 1506 792 1547 suis
824 1505 1153 1547 misererentur
1184 1505 1359 1560 pariter
1391 1507 1437 1547 et
1469 1505 1677 1559 indigna-

166 1568 349 1618 rentur;
393 1566 656 1608 communia
694 1565 900 1620 ipsorum
941 1565 1166 1607 beneficia
1206 1566 1422 1620 prerepta
1460 1565 1547 1606 sibi
1580 1578 1677 1607 esse

167 1640 420 1682 paucorum
450 1625 758 1680 malignitate,
803 1625 882 1679 qui
912 1625 1203 1667 immemores
1243 1625 1555 1673 iurisiurandi,
1598 1625 1677 1665 im-

167 1699 391 1728 memores
438 1685 780 1735 beneficiorum,
825 1685 992 1739 quibus
1035 1698 1110 1726 eos
1153 1698 1454 1738 sepenumero
1497 1686 1543 1726 et
1591 1684 1677 1738 pri-

165 1746 310 1788 vatim
367 1747 415 1788 et
470 1745 656 1800 publice
713 1744 802 1786 sibi
853 1743 1126 1798 obligasset,
1179 1757 1283 1785 cum
1340 1757 1483 1797 regno
1537 1744 1678 1785 etiam

119 1823 155 1849 25
166 1805 308 1848 vitam
342 1805 431 1847 sibi
468 1805 758 1860 eripuissent,
791 1803 881 1845 nisi
910 1803 1051 1858 fugae
1083 1803 1283 1858 presidio
1316 1803 1573 1858 periculum
1606 1804 1678 1845 de-

168 1865 407 1916 clinasset;
449 1864 650 1906 violatae
681 1863 836 1918 regiae
868 1863 1124 1905 maiestatis
1155 1862 1373 1904 iniuriam
1406 1877 1498 1904 non
1534 1864 1592 1904 ad
1631 1877 1678 1905 se

168 1925 317 1967 solum
359 1924 612 1979 pertinere,
662 1923 899 1978 publicam
947 1936 1044 1964 esse
1093 1922 1422 1964 contumeliam
1472 1923 1678 1964 omnium

168 1998 346 2034 eorum,
390 1983 469 2038 qui
510 1997 558 2025 se
599 1997 755 2038 regem
797 1984 1047 2033 creassent,
1092 1984 1139 2024 et
1171 1996 1367 2036 quorum
1405 1982 1577 2023 auxilio
1620 1983 1677 2024 ab

167 2043 390 2099 improbis
422 2042 688 2085 hominibus
718 2044 852 2084 tutus
875 2056 972 2084 esse
995 2042 1243 2084 debuisset.
1298 2042 1497 2084 Proinde
1521 2056 1679 2084 omnes

122 2116 156 2142 30
169 2117 252 2159 pro
283 2102 407 2144 virili
438 2102 650 2158 portione
683 2097 994 2157 satagerenth,
1029 2116 1087 2144 ne
1119 2102 1247 2157 regia
1280 2102 1496 2157 dignitas,
1541 2116 1679 2156 quam

170 2177 198 2204 a
248 2162 499 2205 maioribus
546 2162 640 2204 suis
687 2162 1060 2204 honestissimam
1107 2163 1247 2216 atque
1294 2162 1679 2216 preclarissimam

170 2224 456 2278 acceperant,
491 2235 574 2264 sua
594 2222 781 2277 ignavia
801 2216 1109 2271 fuscareturi‚
1140 2217 1284 2263 nevek
1309 2223 1406 2263 tam
1430 2222 1680 2276 pessimum

170 2281 431 2338 exemplum
473 2295 660 2324 suorum
700 2283 963 2337 temporum
1005 2281 1064 2322 ad
1097 2283 1304 2336 posteros
1338 2295 1443 2322 suos
1475 2281 1678 2322 inultum

168 2342 555 2385 transmitterent.
618 2337 772 2384 Haecl
815 2341 1112 2384 memorando
1149 2343 1247 2382 tam
1280 2341 1578 2383 deformitate
1612 2355 1679 2382 ca-

123 2416 157 2442 35
170 2398 305 2444 suum
331 2415 519 2444 suorum
541 2416 679 2456 quam
701 2401 976 2444 miserabilis
1009 2401 1323 2455 querimoniae
1357 2400 1680 2455 prosecutione

170 2461 385 2504 omnibus
416 2461 496 2516 qui
528 2461 723 2504 aderant
755 2461 968 2503 lacrimas
1010 2460 1224 2502 excussit.
1290 2460 1435 2501 Erant
1468 2460 1546 2513 qui
1581 2473 1680 2501 cen-

171 2522 338 2571 serent,
362 2521 580 2575 quoniam
590 2524 621 2544 ¹¹¹
642 2521 692 2562 in
715 2521 1057 2576 expeditionem
1081 2522 1242 2562 contra
1264 2519 1489 2561 Polenos¹¹
1514 2518 1681 2559 armati

170 2579 478 2634 instructique
499 2580 746 2630 venissent,
780 2582 834 2622 ut
856 2580 1068 2635 protinus
1100 2579 1150 2620 in
1173 2579 1417 2620 Saxoniam
1453 2578 1680 2620 exercitus

173 2639 432 2690 duceretur,
476 2641 524 2681 et
563 2640 762 2682 recentis
804 2638 1113 2682 contumeliae
1146 2638 1314 2680 vulnus
1353 2637 1550 2679 recentis
1588 2637 1680 2678 vin-

124 2697 325 2740 wdictae
373 2698 585 2740 antidoto
633 2701 885 2741 curaretur.
949 2698 1045 2740 Alii
1091 2698 1401 2740 decernebant
1449 2711 1540 2738 11011
1584 2709 1681 2739 esse

173 2789 203 2823 a)
222 2789 300 2815 Rud.
320 2790 385 2815 Al.
405 2790 486 2815 131⁸.
498 2790 527 2816 2.
600 2789 631 2823 b)
651 2791 738 2816 Reni.
761 2791 880 2817 Sweuie
900 2791 963 2816 ΒΞ.
1033 2790 1059 2815 c]
1081 2789 1213 2815 Auderat
1235 2789 1316 2814 Blb.
1378 2789 1408 2812 (11
1428 2792 1580 2820 competat
1599 2788 1681 2814 131¹).

173 2824 201 2858 e)
221 2825 357 2857 cappella
375 2825 438 2851 ΒΞ.
530 2825 552 2858 f)
571 2825 651 2852 haud
672 2827 735 2853 Al.
756 2827 819 2853 32.
905 2827 935 2858 g)
955 2826 1111 2852 eventibus
1131 2824 1212 2851 Blb.
1301 2825 1331 2850 h>
1351 2825 1467 2856 sathag.
1489 2825 1540 2849 132
1559 2831 1680 2856 semper.

173 2861 194 2894 i)
213 2861 392 2887 frustaretur
411 2861 508 2888 Bl.2.
565 2861 598 2894 k)
617 2869 656 2888 ne
675 2862 737 2888 ΒΞ.
794 2862 816 2891 1)
835 2862 897 2887 Hoc
912 2863 971 2887 ΒΣ.
1029 2861 1068 2893 ιιι)
1089 2861 1237 2892 quomodo
1257 2863 1282 2887 A
1294 2862 1316 2885 l.
1332 2862 1372 2885 1⁸.
1430 2864 1459 2887 n)
1480 2861 1603 2892 polonos
1618 2861 1643 2885 B
1655 2862 1681 2885 ·.’.

175 2934 210 2977 1)
237 2932 293 2975 Cf.
310 2942 401 2977 quae
418 2933 546 2967 Bruno
570 2943 598 2969 c.
619 2935 674 2969 17.
701 2934 743 2968 de
766 2934 905 2976 foedere
930 2934 1024 2966 inter
1041 2933 1170 2966 Suevos
1194 2937 1224 2965 et
1243 2933 1401 2966 Saoecmes
1426 2933 1520 2974 facto
1538 2935 1681 2966 narrat.
