1968 3164
564 231 834 271 LAMPERTI
858 229 1114 267 ANNALES.
1164 228 1211 262 A.
1239 229 1345 264 1073.
1648 233 1716 269 165

167 386 176 396 ·
206 359 459 404 Suevorum
493 359 598 408 duX,
642 356 954 400 Bertholdusa
993 353 1350 397 Carentinorum
1383 355 1488 406 dux,
1530 355 1655 396 missi
1688 348 1836 419 3732723

204 433 325 476 rege,
367 420 422 460 ut
454 431 653 468 causam,
696 431 834 471 quam
876 416 1119 458 adversum
1162 429 1209 456 se
1242 415 1475 463 afferrent,
1520 415 1714 457 discute·
1781 413 1787 419 ’
1839 412 1845 418 ’

205 481 323 522 rent.
371 477 479 534 Ipse
503 491 556 520 eo
577 476 735 519 venire
766 475 933 525 noluit,
968 475 1048 517 sed
1080 475 1130 515 in
1157 469 1380 516 civitateb
1409 474 1706 530 Wireeburge

205 537 380 582 exitum
411 537 479 580 rei
510 535 856 592 prestolabatur
869 534 896 584 ¹,
930 547 1180 589 precavens
1213 533 1403 583 scilicet,
1447 547 1504 575 ne
1546 534 1714 574 tumul-

172 597 382 642 atuantis
422 596 583 652 populi
623 596 755 637 furor
795 608 879 636 sua
919 594 1066 649 magis
1107 593 1341 648 presentia
1383 593 1603 635 efferatus
1636 593 1713 634 ali-

204 656 317 712 quid
346 656 545 698 forsitan
574 655 623 696 in
651 669 712 705 se,
746 655 869 709 quod
897 667 1028 696 secus
1057 655 1189 704 esset,
1223 653 1506 695 admitteret.
1562 652 1715 707 Igitur

204 715 437 772 principes
470 715 696 757 Saxoniae
728 713 990 768 principum
1028 713 1107 767 qui
1140 727 1166 754 a
1198 726 1305 767 rege
1336 714 1560 754 venerant
1593 712 1714 766 pedi-

203 775 291 818 bus
331 774 566 830 provoluti
606 773 835 829 rogabant
876 786 958 828 per
990 773 1160 822 Deum,
1204 775 1257 813 ut
1300 772 1358 813 ad
1396 771 1714 814 ventilandam

206 847 391 877 causam
424 848 554 875 suam
579 833 752 875 intenti
781 832 1042 887 cognitores
1075 834 1122 874 et
1153 831 1265 872 iusti
1296 831 1473 873 iudices
1500 831 1715 873 adessent

157 913 193 939 ιο
206 907 291 936 1188
323 893 676 949 perpenderent,
715 894 942 946 quantum
974 887 1231 946 quamqued
1269 891 1318 931 in
1350 905 1399 932 re
1432 890 1620 945 publica
1651 891 1714 931 in-

206 953 432 995 usitatum
474 966 590 1007 opus
632 951 836 1007 aggressi
878 953 1043 1002 essent,
1087 951 1167 992 sed
1209 964 1326 1005 quae
1365 949 1605 991 calamitas
1638 963 1714 991 eos

207 1012 267 1055 ad
319 1013 434 1055 haec
487 1014 693 1055 extrema
740 1011 978 1066 coegisset.
1057 1010 1264 1064 Accepta
1314 1009 1481 1051 deinde
1530 1009 1714 1051 dicendi

74 1091 192 1124 *asoa
206 1072 340 1127 copia
380 1085 486 1114 suas
527 1071 700 1128 singuli
732 1067 942 1112 *iniurias
984 1071 1308 1125 exposuerunt,
1352 1082 1468 1123 quae
1509 1068 1559 1109 in
1590 1069 1713 1122 ipsos

206 1131 426 1187 singulos,
460 1145 577 1186 quae
610 1132 750 1174 etiam
781 1131 832 1172 in
858 1132 1045 1185 gentem
1073 1132 1229 1171 suame
1259 1142 1337 1171 rex
1369 1127 1574 1170 nefanda
1605 1127 1713 1168 faci—

156 1211 191 1237 ιε
205 1204 319 1233 nora
350 1190 666 1241 commisisset,
712 1185 908 1245 quibusf
945 1191 1157 1244 preterea
1187 1188 1411 1229 inauditis
1444 1187 1712 1229 criminibus

204 1250 353 1306 ipsam
393 1250 510 1305 regii
547 1251 746 1293 nominis
784 1249 1075 1291 maiestatem
1107 1248 1350 1303 polluisset
1363 1247 1390 1287 ².
1455 1246 1711 1301 Obstupue-

203 1314 346 1354 runt&
380 1311 611 1368 principes
643 1310 723 1365 qui
755 1324 782 1351 a
812 1323 920 1364 rege
952 1309 1193 1358 venerant,
1229 1309 1276 1349 et
1307 1320 1388 1361 pre
1419 1306 1711 1347 immanitate

205 1371 431 1416 scelerum
448 1370 702 1414 secundum
725 1363 1028 1425 prophetamh
1050 1366 1317 1409 tinniebant
1339 1379 1472 1409 aures
1490 1365 1709 1415 omnium,
1726 1381 1876 1413 Jer.19,3.

204 1445 290 1475 1188
331 1445 427 1483 808,
470 1431 594 1487 quod
635 1443 718 1485 pro
759 1429 978 1471 libertate
1020 1441 1121 1477 sua,
1165 1440 1247 1481 pro
1293 1425 1586 1479 coniugibus,
1629 1438 1712 1479 pro

157 1491 363 1536 zoliberis
400 1505 528 1533 arma
568 1489 888 1572 sumpsissent,
932 1488 1013 1530 sed
1054 1487 1177 1541 quod
1208 1479 1568 1527 intollerabilesi
1611 1497 1712 1526 con-

203 1550 421 1594 tumelias
453 1549 670 1592 muliebri
735 1548 968 1604 pacientia
1003 1546 1185 1588 tamdiu
1218 1547 1580 1600 supportassent,
1622 1543 1712 1585 cul-

204 1611 382 1666 pandos
423 1610 687 1653 censebant.
752 1607 959 1661 Cumque
999 1608 1101 1648 toto
1142 1605 1299 1646 triduo
1332 1604 1525 1646 consilia
1557 1605 1909 1653 contu—0,.420-22‚

205 1669 399 1712 lissent³
431 1672 490 1721 et,
524 1669 635 1724 quid
666 1668 794 1709 facto
827 1680 942 1721 opus
965 1667 1097 1715 esset,
1133 1665 1365 1706 communi
1398 1662 1712 1704 sollicitudine

206 1729 537 1784 perquirerent,
580 1728 694 1769 haec
736 1728 968 1781 postremo
1006 1724 1186 1766 cunctis
1218 1723 1450 1765 sententia
1482 1722 1709 1771 convenit,

157 1789 260 1833 suut
290 1788 536 1844 reprobato
568 1800 676 1842 rege
708 1786 864 1835 alium,
899 1784 978 1839 qui
1009 1783 1311 1838 gubernando
1343 1795 1485 1836 regno
1517 1781 1711 1822 idoneus

206 1850 339 1898 esset,
373 1847 600 1902 eligerent
613 1846 642 1886 ⁴.
702 1845 759 1886 Id
790 1846 949 1886 tamen
980 1838 1120 1884 haut¹
1151 1844 1324 1884 temere
1358 1840 1586 1896 publicari
1618 1839 1709 1894 pla—

207 1907 316 1958 cuit,
360 1907 519 1957 donec,
562 1908 712 1960 regem
744 1918 826 1960 per
857 1903 1144 1945 occasionem
1185 1901 1311 1956 pacis
1351 1901 1401 1941 in
1441 1899 1710 1941 remotiores

206 1969 362 2022 partes
407 1965 539 2020 regni
586 1964 808 2013 abducto,
858 1977 963 2004 cum
1011 1961 1204 2004 caeteris
1244 1959 1376 2014 regni
1423 1958 1709 2014 principibus

206 2025 450 2068 consilium
472 2025 560 2067 hoc
583 2022 989 2066 communicarent.
1028 2021 1224 2075 Propter
1241 2020 1328 2061 hoc
1345 2018 1526 2073 vulgari
1546 2017 1711 2058 iubent

157 2085 255 2131 30111
275 2084 472 2140 plebem,
504 2084 555 2126 in
585 2084 705 2126 hanc
728 2082 1007 2125 sententiam
1028 2080 1270 2134 utriusque
1302 2078 1448 2134 partis
1479 2077 1710 2132 principes

205 2189 236 2224 ι)
254 2191 413 2218 Ber-toldus
431 2192 494 2220 32.
566 2190 599 2224 b)
616 2198 671 2218 om.
690 2190 751 2217 132.
825 2189 852 2219 c)
872 2187 1069 2218 Wirczeburg
1088 2186 1148 2213 ΒΞ.
1223 2183 1255 2215 d)
1273 2191 1393 2216 quaque
1412 2184 1439 2209 Α
1451 2185 1475 2211 1,
1487 2184 1527 2209 1·.
1604 2183 1632 2212 e)
1653 2189 1709 2206 om.

205 2227 302 2256 31.&
357 2227 380 2261 s)
398 2228 507 2260 quibus
522 2242 556 2247 —
569 2226 725 2260 polluisset
743 2233 797 2252 om.
817 2223 896 2251 ΒΗ).
960 2224 989 2255 g)
1008 2222 1198 2253 Obstupuere
1217 2222 1243 2246 B
1255 2220 1296 2248 lb.
1370 2220 1402 2251 h)
1421 2219 1612 2251 propheciam
1632 2218 1658 2242 B
1672 2219 1711 2243 1¹².

205 2277 241 2283 —
254 2266 338 2297 tynn.
350 2263 412 2292 138.
466 2264 489 2295 i)
501 2263 658 2291 Intolerab.
670 2264 697 2289 Δ
708 2263 732 2289 1.
746 2262 772 2287 B
782 2260 825 2288 lb.
880 2259 912 2290 k)
925 2259 1045 2285 mulibri
1058 2257 1137 2285 131¹».
1191 2256 1212 2290 l)
1226 2255 1307 2283 haud
1320 2257 1346 2281 A
1357 2257 1379 2283 1.
1394 2256 1419 2280 B
1429 2256 1454 2282 2.
1510 2256 1550 2285 m)
1564 2262 1618 2281 om.
1632 2254 1712 2282 131³,

206 2337 242 2382 1)
265 2337 456 2381 Πονόἱροῑί
477 2336 690 2380 colloquium
717 2334 810 2368 illud
835 2334 969 2376 factum
995 2343 1066 2366 esse
1091 2331 1188 2374 falso
1210 2328 1462 2375 proculdubio
1486 2327 1604 2360 tradit
1622 2326 1710 2359 Ber·-

157 2394 192 2420 85
205 2384 316 2420 thola.
331 2383 445 2430 (Ann.
464 2384 502 2419 S.
516 2382 654 2429 Blasii)
664 2393 705 2426 p.
718 2383 800 2417 276.
875 2381 912 2424 2)
929 2381 984 2422 Cf.
1003 2390 1118 2423 supra
1137 2392 1174 2423 p.
1191 2379 1270 2420 162,
1290 2389 1324 2411 n.
1339 2380 1374 2412 2.
1449 2376 1485 2416 3)
1502 2377 1557 2417 Cf.
1576 2388 1612 2420 p.
1630 2377 1709 2415 131,

205 2442 241 2468 n.
259 2434 292 2468 2.
364 2432 403 2476 4)
422 2431 631 2466 Ridiculum
647 2434 696 2464 est
713 2430 805 2474 quod
821 2429 950 2471 Lamp.
969 2431 1113 2469 narrat,
1132 2430 1272 2460 cametos
1293 2426 1475 2469 principes
1494 2424 1708 2467 praedictos,

206 2481 312 2513 etiam
331 2480 446 2522 iyitur
461 2480 660 2524 ephe->opum
673 2477 1005 2519 Babenbmyensem,
1028 2475 1234 2508 Gozelonem
1250 2474 1382 2515 ducem,
1408 2471 1616 2504 lmc'usmode?
1631 2481 1711 2503 con-

206 2526 287 2560 eilia·
313 2527 508 2570 participes
532 2526 646 2568 fuisse
670 2523 732 2571 (cf.
758 2525 865 2558 Floto
890 2524 927 2567 I,
950 2535 988 2567 p.
1012 2521 1113 2568 396).
1163 2522 1205 2556 Si
1228 2521 1369 2565 quidem
1394 2520 1533 2560 confers
1557 2528 1597 2550 ecc
1622 2528 1711 2560 quae

209 2573 361 2608 Carmen
385 2573 438 2617 II,
461 2575 520 2610 31.
544 2574 699 2609 42—44.
724 2572 905 2615 siqnificat
929 2575 961 2605 et
986 2570 1114 2604 Bruno
1137 2580 1165 2605 c.
1185 2570 1240 2605 17.
1265 2570 1323 2604 31.
1341 2569 1398 2603 35.
1425 2568 1466 2600 de
1488 2570 1592 2609 pacto
1617 2566 1711 2598 inter

160 2629 195 2655 40
209 2620 336 2654 Suevos
352 2619 394 2666 (i.
410 2631 438 2656 e.
457 2621 655 2663 Rudolfum
674 2618 811 2666 ducem)
826 2624 858 2653 et
875 2619 1035 2653 Saxones
1055 2620 1144 2652 inito
1161 2618 1259 2660 dicit,
1285 2621 1367 2649 tunc
1383 2626 1423 2648 ea
1442 2624 1531 2658 quae
1550 2613 1653 2654 infra
1669 2612 1711 2644 de

208 2667 406 2711 Roqinyero
428 2672 646 2711 narrantur,
680 2668 822 2711 aliquid
843 2667 1105 2711 perduellionis
1129 2670 1211 2699 tunc
1235 2668 1352 2697 actum
1377 2673 1447 2696 esse
1478 2672 1500 2694 a
1527 2659 1712 2693 nonnullis

205 2714 433 2759 principibus
456 2715 587 2749 elucere
611 2715 760 2750 videtur.
811 2714 880 2748 Sed
905 2715 1098 2759 Lamperto
1123 2713 1227 2746 mella
1253 2712 1339 2754 fides
1363 2710 1486 2743 danda
1511 2713 1560 2742 est
1591 2709 1629 2740 in
1654 2706 1712 2739 his

208 2772 298 2806 quae
321 2761 472 2796 hocloco
491 2767 523 2796 et
548 2762 654 2804 infra
675 2774 713 2807 p.
729 2763 808 2798 168.
826 2762 868 2795 de
884 2763 1044 2805 Rudolfo
1068 2772 1147 2803 reqe
1171 2759 1330 2802 eliyendo
1351 2757 1507 2802 profert,
1535 2755 1597 2788 hoc
1621 2764 1711 2787 com-

210 2813 356 2852 mennas,
383 2813 423 2842 ut
447 2810 522 2843 iam
539 2813 621 2843 tunc
642 2820 757 2853 reqem
779 2819 889 2852 reqno
912 2811 1103 2853 indignum
1128 2819 1151 2842 a
1174 2806 1401 2852 principibus
1427 2804 1622 2838 iudicatum
1641 2811 1712 2835 esse

161 2861 195 2886 ⁴15
210 2857 412 2892 ostenderet.
455 2856 512 2899 Cf.
531 2856 576 2892 E.
595 2857 716 2899 Meyer
728 2868 766 2901 p.
783 2858 829 2892 27
845 2869 918 2902 sqq.
963 2858 999 2891 Ο.
1030 2856 1171 2898 (ir-und,
1200 2856 1210 2873 ¹
1221 2854 1266 2887 W
1263 2854 1330 2888 ahl
1345 2852 1505 2892 leolfs
1531 2862 1558 2885 v.
1583 2849 1712 2882 Rhesu-

210 2903 340 2946 felden’
362 2915 398 2948 p.
417 2905 464 2940 :32
481 2914 554 2948 sqq.
579 2906 690 2939 nimis
713 2906 880 2940 credulus
904 2905 1093 2947 Lampe-tt
1116 2903 1316 2937 commentis
1339 2902 1465 2935 evadit.
