2046 3190
557 247 828 284 LAMPERTI
852 248 1107 286 ANNALES.
1157 249 1205 284 A.
1233 251 1338 287 1075.
1638 252 1710 287 203

341 370 430 413 His
463 371 627 414 diebus
659 372 859 426 contigit
895 373 1025 427 gravi
1057 373 1276 415 scandalo
1308 373 1828 428 Babenbergensis1075.

199 430 448 474 aecclesiae
495 432 670 473 statum
717 431 1007 474 labefactari.
1070 432 1416 474 Herimannusa
1468 434 1710 488 episcopus

198 489 468 533 aecclesiam
511 491 563 532 in
603 487 853 534 honoremb
901 492 1028 534 beati
1069 492 1230 534 Iacobi
1272 492 1549 547 Babenberg
1595 493 1709 535 foris

196 564 380 592 murum
427 551 626 606 propriis
672 551 893 606 impensis
941 554 1259 602 extruxeratss,
1313 552 1470 607 ibique
1519 552 1709 594 clericos

165 609 344 661 ⁵XXV,
378 610 586 662 scientia,
620 611 825 652 moribus
848 613 896 654 et
918 612 1168 654 canonicae
1191 612 1554 654 conversationis
1578 612 1708 654 disci-

195 669 336 725 plim's
359 670 487 712 haud
508 670 739 721 obscuros,
769 673 1132 726 congregaverat
1155 674 1202 713 et
1224 672 1289 714 eis
1312 686 1429 726 quae
1453 673 1511 713 ad
1533 672 1710 714 victum

194 729 507 784 vestitumque
549 730 820 773 sufficerent
861 731 1041 772 affatim
1082 732 1361 787 providerat.
1427 731 1635 786 Cumque
1672 732 1710 773 is

197 803 334 844 quem
377 790 733 844 congregacioni
780 791 1040 846 prefecerat
1088 791 1248 833 morbo
1296 794 1546 846 preventus
1588 792 1710 834 diem

196 848 438 892 clausisset
471 851 741 901 extremum,
775 853 941 892 nactus
963 851 1332 906 oportunitatem
1354 852 1589 906 temporis,
1625 851 1711 893 cle—

149 923 183 949 10
194 908 315 951 ricos
357 909 536 964 expulit
578 912 625 952 et
666 910 821 952 locum
852 911 1004 965 ipsum
1037 925 1141 952 cum
1175 911 1389 953 omnibus
1423 911 1710 966 appendiciis

197 968 291 1010 suis
322 965 567 1022 Egberdod
604 969 764 1011 abbati
807 971 863 1012 de
907 970 1078 1012 Sancto
1119 970 1349 1013 Michaele
1387 971 1611 1012 tradidite
1651 971 1710 1012 ad

195 1027 538 1070 instituendum
583 1029 682 1071 illic
730 1030 941 1072 ordinem
989 1030 1316 1081 monasticum,
1366 1045 1460 1072 non
1505 1031 1710 1072 offensus

197 1087 388 1130 crimine
430 1088 586 1143 aliquo
629 1089 920 1139 clericorum,
965 1104 1089 1137 cum,
1132 1092 1187 1131 ut
1229 1091 1342 1141 dixi,
1386 1090 1709 1132 honestissime

57 1163 105 1195 *ιη
117 1164 181 1193 220.
195 1147 328 1189 iuxta
359 1147 696 1190 ecclesiasticas
708 1144 725 1172 f
751 1149 878 1204 leges
900 1150 1044 1191 vitam
1076 1150 1391 1201 instituerent,
1427 1151 1507 1192 sed
1541 1146 1710 1191 *mona-

148 1222 182 1247 15
197 1207 340 1250 sticae
373 1208 735 1250 conversationis
767 1209 1004 1251 mundicia
1035 1209 1294 1252 delectatus
1325 1210 1375 1251 in
1407 1211 1508 1252 toto
1542 1210 1710 1265 episco-

195 1268 311 1322 patu
351 1281 448 1318 suo,
492 1267 530 1309 si
571 1268 672 1310 fieri
703 1271 871 1323 posset,
916 1269 1036 1311 hanc
1075 1269 1220 1311 solam
1253 1283 1351 1312 esse
1382 1270 1527 1311 vitam
1560 1270 1710 1324 cupie-

195 1326 290 1378 bat,
329 1327 426 1369 zelo
459 1327 646 1382 quidem
679 1328 780 1378 Dei,
819 1329 899 1371 sed
931 1343 1025 1371 non
1057 1330 1313 1371 secundum
1345 1329 1600 1379 scientiam,
1645 1329 1709 1371 sic
1723 1347 1899 1378 Rom.1o,2.

196 1386 429 1428 emulatus
468 1387 686 1430 Rachelis
727 1388 1140 1443 pulchritudinem,
1183 1391 1237 1430 ut
1275 1389 1417 1431 Liaeg
1452 1389 1710 1431 fecundita-

197 1447 292 1495 tem
332 1446 381 1487 in
423 1447 683 1488 thalamum
726 1448 938 1490 caelestis
982 1449 1138 1504 sponsi
1178 1463 1273 1491 non
1306 1449 1515 1491 crederet
1548 1449 1709 1490 admit-

147 1506 429 1548 wtendaml.
493 1505 662 1549 Clerici
703 1508 782 1562 qui
824 1508 1004 1563 expulsi
1035 1509 1224 1551 fuerant
1261 1509 1464 1563 graviter
1495 1509 1710 1551 ferebant

197 1566 296 1608 sine
337 1580 476 1608 causa
517 1567 768 1609 destitutos
810 1581 858 1610 se
900 1582 998 1610 esse
1046 1563 1194 1624 stipeh
1242 1569 1568 1617 ecclesiastica,
1619 1583 1710 1623 qua

198 1625 457 1668 alebantur.
522 1625 690 1668 Clerici
729 1641 911 1682 quoque
945 1628 1130 1670 maioris
1168 1628 1418 1670 aecclesiae
1451 1629 1710 1670 Babenber-

198 1685 351 1739 gensis
392 1687 488 1726 tam
530 1685 717 1727 illorum
760 1701 898 1741 quam
941 1701 1070 1729 suam
1112 1688 1259 1730 vicem
1302 1688 1536 1737 dolebant,
1587 1689 1710 1742 quod

198 1743 378 1786 scilicet
407 1759 501 1786 non
535 1745 632 1788 sine
665 1760 834 1801 magna
866 1747 938 1788 sui
970 1748 1143 1789 ordinis
1175 1743 1367 1788 iniuriai
1400 1749 1587 1788 tantum
1620 1748 1709 1802 epi-

150 1819 185 1844 25
199 1817 364 1858 scopus
397 1804 601 1846 deferret
633 1806 785 1846 ordini
817 1807 1087 1848 monastico.
1152 1807 1307 1860 Igitur
1337 1803 1537 1848 iunctisk
1569 1807 1709 1862 preci-

198 1863 285 1905 bus
326 1859 501 1905 adorti¹
544 1866 653 1906 sunt
694 1879 812 1912 eum,
856 1866 1151 1908 obsecrantes
1192 1880 1274 1921 per
1315 1867 1480 1917 Deum,
1524 1880 1581 1908 ne
1623 1867 1707 1915 his,

197 1923 365 1977 quibus
387 1923 569 1964 nullum
592 1925 766 1966 crimen
797 1926 1089 1981 impingeret,
1125 1927 1222 1968 sine
1245 1926 1517 1981 legittimam
1541 1926 1709 1968 discus-

198 1982 325 2024 sione
367 1985 414 2025 et
456 1983 695 2026 audientia
736 1985 935 2040 eriperet
977 1986 1197 2028 canonice
1239 1988 1454 2041 suscepta
1501 1986 1710 2028 ecclesia-

198 2042 341 2084 sticae
377 2043 730 2086 sustentationis
763 2045 987 2087 beneficia
1018 2059 1103 2087 nec
1136 2046 1307 2087 sineret
1350 2060 1426 2087 eos
1459 2046 1709 2088 destitutos

150 2118 185 2143 30
198 2101 453 2157 spiritualis
485 2103 684 2146 miliciae
717 2104 973 2160 stipendiis,
1008 2105 1175 2159 quibus
1202 2107 1357 2160 preter
1383 2119 1438 2148 ea
1469 2106 1588 2146 nihil
1621 2120 1709 2147 am-

197 2161 320 2216 plius
352 2164 472 2204 esset
503 2163 571 2205 rei
601 2163 857 2215 familiaris,
893 2165 1062 2219 probro
1095 2167 1142 2207 et
1168 2165 1374 2207 ostentui
1407 2166 1507 2207 fieri
1540 2166 1709 2207 secula-

196 2220 337 2263 ribus.
385 2221 718 2278 Episcopatum
744 2223 1179 2278 Babenbergensem
1211 2239 1381 2280 paucas
1413 2225 1584 2266 habere
1609 2239 1709 2267 con-

196 2281 494 2336 gregaciones
535 2282 820 2334 clericorum,
864 2286 912 2326 et
952 2284 1058 2326 ideo
1095 2299 1188 2326 non
1220 2287 1316 2326 tam
1350 2285 1589 2326 monachis
1622 2285 1709 2326 sibi

196 2354 311 2396 opus
359 2355 456 2383 esse
503 2356 641 2396 quam
690 2343 887 2394 clericis,
938 2358 1132 2398 quorum
1185 2345 1274 2399 ipsi
1326 2344 1496 2386 solacio
1546 2344 1709 2386 diebus

148 2417 184 2442 35
197 2399 478 2442 solemnibus
518 2402 567 2442 in
615 2403 997 2457 processionibus,
1046 2404 1096 2445 in
1138 2404 1430 2458 susceptione
1472 2404 1709 2458 hospitum

196 2514 226 2548 a)
244 2515 432 2542 normannus
452 2517 515 2543 ΒΞ.
590 2518 621 2549 b)
641 2518 752 2543 honore
771 2519 834 2544 32.
892 2521 919 2550 c)
939 2522 1031 2544 exstr.
1053 2519 1116 2544 B2.
1174 2519 1204 2550 d)
1224 2519 1380 2551 Egbertho
1403 2519 1426 2543 A
1439 2520 1471 2549 1;
1492 2518 1624 2550 Egberto
1646 2519 1708 2545 ΒΞ.

196 2552 224 2581 e)
243 2554 274 2576 et
293 2552 361 2577 add.
383 2552 464 2578 131⁸.
539 2554 563 2583 s)
582 2553 664 2586 leges
684 2555 754 2579 eccl.
777 2555 839 2581 132.
914 2555 946 2588 g)
966 2555 1014 2588 lye
1034 2555 1096 2580 132.
1166 2555 1196 2585 h)
1216 2556 1293 2586 stipa
1312 2554 1390 2580 131¹).
1467 2555 1488 2587 i)
1508 2555 1624 2580 iactum
1645 2555 1708 2581 132.

197 2586 228 2617 k)
248 2588 345 2612 cuncti
365 2588 428 2613 132.
503 2588 524 2621 l)
544 2589 644 2615 adorsi
663 2590 766 2623 131.2,
786 2591 826 2621 cf.
847 2598 939 2623 supra
954 2599 987 2623 p.
1004 2592 1066 2621 159,
1088 2599 1116 2616 n.
1131 2598 1161 2622 g.
1237 2593 1277 2622 m)
1298 2591 1431 2621 legitima
1452 2592 1477 2614 Α
1490 2592 1515 2616 l.

199 2681 234 2725 1)
256 2681 393 2715 Rachel
415 2684 509 2716 enim
525 2684 829 2727 contemplativam
847 2687 967 2726 vitam,
993 2685 1065 2718 Lata
1082 2687 1231 2718 ccctimm
1259 2686 1440 2727 sfiqnificat
1467 2686 1572 2718 iuxta
1597 2687 1709 2719 inter-

147 2739 184 2763 40
191 2731 429 2771 pretationem
457 2731 627 2773 Greyorii
651 2732 800 2774 Maym‘,·
828 2734 874 2774 cf.
901 2735 976 2766 elus
1001 2734 1085 2775 Req.
1116 2733 1144 2774 I,
1164 2735 1199 2772 5,
1228 2733 1322 2776 Epp.
1351 2733 1380 2773 J,
1405 2745 1444 2776 p.
1465 2735 1505 2768 7:
1536 2732 1708 2767 Contem-

196 2775 355 2820 plativae
380 2777 477 2811 vitae
502 2776 813 2821 pulchritudinem
840 2780 942 2814 velut
968 2779 1166 2814 Rachelem
1194 2779 1304 2813 dilexi
1335 2781 1508 2814 sterilem.
1528 2807 1536 2814 .
1556 2807 1564 2815 .
1584 2807 1592 2815 .
1635 2780 1710 2816 Sed

199 2851 207 2859 .
234 2851 241 2859 .
270 2851 278 2859 .
313 2822 382 2858 Lia
415 2823 507 2858 mihi
541 2825 579 2858 in
612 2828 719 2860 nocte
754 2826 948 2861 coniuncta
983 2830 1048 2870 est,
1079 2827 1198 2861 activa
1223 2827 1393 2861 videlicet
1420 2827 1505 2871 vita,
1541 2828 1708 2872 fecunda,

196 2870 259 2905 sed
283 2870 396 2916 lippa.
433 2872 606 2906 Eiusdem
631 2874 763 2910 Moral.
789 2876 829 2908 in
855 2875 918 2908 Iob
941 2875 1001 2916 VI,
1021 2877 1055 2916 5,
1082 2878 1101 2916 ξ
1119 2876 1177 2914 61,
1206 2875 1293 2918 Opp.
1312 2876 1363 2909 ed.
1383 2876 1506 2911 Maur.
1532 2877 1709 2918 (Parisiis

197 2920 309 2961 1705)
336 2919 366 2962 I,
393 2920 456 2955 col.
475 2922 569 2959 ⁶210,-
596 2921 635 2954 ἐπ
661 2921 787 2957 Ezech.
816 2923 838 2957 l.
859 2923 911 2963 Il,
939 2923 1029 2957 hom.
1049 2925 1083 2964 2,
1111 2926 1131 2963 ξ
1152 2924 1206 2957 10.
1228 2925 1283 2962 11,
1311 2923 1354 2958 ib.
1382 2924 1444 2959 col.
1467 2926 1558 2960 1324
1575 2936 1625 2968 sq.
