2014 3184
410 237 481 272 340
626 237 754 274 VITA
778 239 937 277 LULLI
962 242 1203 282 ARCHIEP.
1229 246 1378 286 AUOT.
1402 248 1699 290 LAMPERTO.

411 358 539 413 signe
581 362 760 404 cunctis
801 364 996 418 prebens
1043 367 1390 421 documentum,
1432 368 1512 414 *ne
1553 374 1655 428 quis
1697 375 1966 434 deinceps'·r.
1979 394 2014 422 '15

410 421 622 460 sanctum
653 421 803 463 virum
840 423 932 464 iam
969 426 1018 466 in
1050 426 1189 468 caelis
1221 429 1632 485 triumphantema,
1674 434 1768 476 iam
1808 449 1913 479 cum

408 477 643 519 Abraham
687 482 733 522 et
773 481 922 524 Ysaac
965 486 1012 526 et
1053 485 1193 528 Iacob
1236 487 1566 533 accubantemb
1613 494 1784 536 audeat
1824 509 1912 539 ser-

409 550 542 578 mone
574 539 819 582 temerario
852 541 1122 586 lacesserec.

552 599 621 638 27.
670 598 806 640 Istud
843 601 988 655 igitur
1026 603 1074 644 in
1113 604 1238 647 calce
1270 607 1407 649 huius
1439 609 1659 654 historiae
1691 613 1816 664 satis,
1855 617 1942 656 uta

407 654 617 706 arbitror,
663 660 890 712 oportune
931 664 1210 705 annexerim.
1284 664 1417 717 Quod
1463 670 1620 711 tamen
1659 670 1829 726 ipsum,
1871 671 1911 715 si

406 711 511 765 quid
548 713 666 756 veria
706 730 824 758 mens·
864 724 1049 772 aufflcrat
1063 721 1089 774 1,
1133 723 1345 778 scriptori
1385 740 1478 768 11011
1518 728 1664 770 nihi1⁰
1707 730 1909 775 invidiae

407 772 638 824 conflabit,
664 777 787 830 apud
805 790 880 819 eos
903 780 1191 833 potissimum
1203 783 1229 832 2,
1255 784 1334 837 qui
1355 784 1405 825 in
1427 787 1757 830 contumeliam
1778 803 1909 832 suam

405 831 620 883 referent,
655 835 873 889 quicquid
904 837 953 878 in
982 838 1168 882 laudem
1189 841 1275 883 viri
1307 843 1445 885 huius
1477 846 1766 890 ambitiosius
1798 849 1906 892 dixi.

406 889 495 932 Sed
529 905 614 946 ego
645 893 825 935 nullam
857 896 1070 948 invidiae,
1114 899 1291 942 nullam
1333 903 1440 954 odii,
1483 905 1661 947 nullam
1700 921 1907 962 persecu·
1921 923 1956 952 10

403 949 556 1001 tionis,
591 951 629 992 si
662 966 716 994 ea
746 953 1018 1006 immineret,
1052 959 1377 1014 tempestatem
1409 977 1594 1017 gravem
1627 979 1679 1008 ac
1703 969 1907 1010 metuen-

405 1008 511 1050 dam
553 1011 683 1061 duco,
726 1026 863 1066 quam
905 1029 1010 1056 cum
1050 1017 1136 1058 tali
1167 1019 1265 1061 viro
1297 1017 1440 1062 mihif
1477 1036 1766 1068 communem
1805 1027 1906 1070 fore

402 1068 549 1110 video.
599 1069 727 1112 Illud
758 1074 943 1114 tantum
977 1075 1064 1117 sibi
1086 1090 1113 1117 a
1134 1091 1206 1119 me
1227 1092 1497 1134 responsum
1518 1083 1689 1126 habeat
1719 1085 1905 1140 iniquus

402 1126 482 1168 ille
515 1128 790 1184 quicumque
824 1135 893 1174 est
926 1134 1276 1190 calumpniator,
1315 1153 1388 1181 me
1419 1154 1513 1182 non
1542 1143 1707 1185 rudem
1738 1145 1904 1188 cudere

403 1188 654 1239 materiam,
698 1190 778 1231 sed
810 1191 858 1232 in
890 1206 980 1246 qua
1013 1196 1059 1235 et
1092 1195 1172 1236 alii
1205 1198 1448 1252 scriptores
1479 1200 1571 1242 iam
1602 1201 1791 1258 ingenia
1821 1217 1905 1247 sua
1917 1219 1953 1246 15

403 1245 696 1298 detriverint;
732 1250 986 1306 malignum
1020 1267 1091 1295 me
1123 1254 1266 1297 fuisse
1297 1257 1611 1313 interpretem,
1646 1261 1685 1302 si
1706 1262 1818 1316 quid
1843 1263 1902 1305 ab

402 1304 504 1345 aliis
536 1307 836 1361 scriptoribus
868 1312 1105 1363 traditum,
1146 1315 1268 1367 quod
1301 1317 1436 1358 modo
1469 1319 1528 1359 ad
1558 1333 1656 1361 rem
1688 1322 1900 1374 attineat,

401 1376 485 1417 ego
519 1366 600 1405 aut
632 1367 737 1408 odio
769 1370 921 1410 motus
954 1373 1036 1411 aut
1067 1373 1218 1425 gratia
1249 1374 1433 1417 silentio
1465 1379 1769 1431 preterissem.
1818 1381 1902 1423 Re-

399 1436 500 1462 rum
533 1424 646 1466 fides
679 1427 968 1480 potissimum
1000 1443 1141 1484 penes
1172 1432 1277 1474 illos
1310 1435 1398 1475 erit
1412 1435 1439 1475 3.
1488 1436 1587 1491 Ego
1619 1434 1763 1479 mihif
1799 1453 1901 1482 eam

398 1483 583 1522 tantum
615 1497 800 1538 operam
830 1486 1132 1539 iniunxeram,
1166 1493 1220 1532 ut
1252 1492 1308 1534 de
1330 1493 1440 1534 Vita
1471 1497 1619 1537 sancti
1650 1497 1950 1551 Bonefatii,2o

399 1543 584 1583 sanctae
625 1542 822 1597 Lyobae,
873 1545 1149 1590 Sturmionis
1191 1550 1390 1603 abbatis,
1439 1553 1551 1596 item
1596 1557 1643 1598 et
1684 1570 1739 1598 ex
1779 1572 1900 1613 cyro-

398 1600 535 1653 grafis
577 1603 623 1642 et
656 1603 852 1645 decretis
892 1606 1167 1662 principum,
1210 1610 1289 1663 qui
1329 1624 1383 1653 ea
1421 1614 1700 1668 tempestate
1733 1615 1899 1660 Galliis

396 1659 740 1712 presidebantg,
775 1676 982 1718 quaeque
1015 1666 1063 1706 in
1095 1670 1362 1711 memoriam
1394 1671 1530 1714 huius
1553 1674 1640 1715 viri
1672 1675 1798 1717 dicta
1829 1690 1898 1719 ex-

398 1730 628 1772 cerperem
677 1723 723 1762 et
771 1735 825 1763 ea
868 1725 999 1778 quasi
1040 1726 1232 1768 disiecta
1279 1726 1532 1773 historiaeh
1575 1734 1810 1776 membra4
1848 1736 1899 1777 in

395 1777 532 1818 unius
564 1778 713 1820 libelli
746 1783 1069 1836 corpusculum
1102 1799 1407 1841 congererem.
1909 1812 1947 1838 25

500 1860 796 1904 EXPLICIT
827 1864 978 1907 VITA
1011 1867 1237 1910 SANGTI
1268 1870 1459 1913 LULLI
1490 1873 1789 1918 EPISOOPI.

394 1986 423 2016 a)
443 1987 591 2018 tryumph.
611 1988 644 2012 21Ξι
662 1996 781 2020 semper.
854 1991 885 2022 b)
903 1993 1098 2020 accubentem
1117 1995 1158 2022 2³.
1232 1998 1259 2028 c)
1278 1997 1438 2024 lassessere
1456 2000 1554 2024 statim
1574 2008 1650 2029 corr.
1669 2002 1833 2029 lascessere
1851 2004 1894 2032 2⁸.

394 2019 425 2086 ἓξ
444 2022 578 2089 ἓξὲῗῡξῖἐ
597 2058 616 2082 h
644 2025 791 2083 Ζε)2ι.ἰίι111ἰ1
810 2027 841 2051 2¹³
861 2035 980 2059 semper.
1065 2031 1089 2062 f)
1108 2031 1199 2056 michi
1218 2032 1252 2057 2⁸
1270 2040 1389 2065 semper.
1470 2037 1500 2067 g)
1513 2035 1681 2068 ‚psidebant
1699 2037 1832 2070 (pel-sid.)
1851 2039 1894 2068 2⁸.

393 2149 429 2194 1)
455 2150 554 2184 Haec
577 2157 662 2186 sunt
685 2154 790 2187 verba
821 2156 968 2200 Venqili,
996 2159 1083 2193 Aen.
1112 2160 1195 2203 VII,
1215 2163 1295 2197 273.
1406 2164 1443 2208 2)
1470 2165 1660 2200 Monachos
1684 2167 1941 2205 mnaseas«)

391 2197 428 2239 3)
451 2198 538 2231 Vide
562 2210 651 2242 quae
675 2200 716 2233 de
740 2201 802 2235 hoc
827 2202 896 2236 loco
922 2205 961 2236 in
980 2206 1213 2247 praefatione
1237 2209 1328 2245 dimi.
1406 2211 1443 2254 4)
1465 2212 1595 2248 Horat.
1622 2214 1695 2249 Sat.
1722 2215 1754 2258 I,
1772 2217 1807 2257 4,
1825 2217 1889 2253 622

390 2243 539 2279 disiecta
564 2246 729 2281 membra
751 2251 893 2292 poetae.
