2046 3190
536 252 807 301 L4MPERT1
830 253 1087 290 ANNALES.
1137 254 1184 291 A.
1213 257 1318 292 1075.
1620 258 1690 293 231

321 376 475 419 Huius
506 377 687 419 itineris
718 378 948 432 pretextu,
988 377 1128 419 elusis
1161 378 1374 420 omnibus
1406 379 1539 434 regni
1571 380 1690 435 prin·
1706 378 1810 413 1075·

177 437 370 493 cipibus,
402 437 481 478 ina
508 437 746 479 Boemiam
775 437 1096 492 proficiscitur,
1129 437 1313 479 nullum
1336 451 1491 480 secum
1514 439 1690 482 habens

177 510 233 540 ex
279 497 566 580 principibus
614 498 770 552 preter
811 496 1152 538 Herimannum
1201 498 1418 540 comitem
1467 499 1524 541 de
1573 498 1691 541 Gliz-

176 551 316 611 bergh
326 590 335 607 ,
369 557 548 612 equites
581 558 738 598 autem
770 556 1009 611 expeditos
1042 558 1089 598 et
1121 559 1256 599 tanto
1278 558 1471 612 negocio
1495 558 1692 600 allectis-

145 615 342 658 58111108ο
374 630 492 672 pene
525 616 816 671 quingentos,
851 616 943 671 qui,
977 616 1161 659 reiectis
1194 617 1384 659 sarcinis
1418 621 1464 660 et
1497 619 1690 660 caeteris

176 675 406 719 bellorum
447 676 806 732 impedimentis,
849 676 1007 718 itineri
1049 678 1234 718 tantum
1275 679 1322 719 et
1361 678 1603 719 certamini
1643 691 1690 720 se

177 736 492 792 expedierant.
540 737 793 791 Assumpto
825 736 875 777 111
897 735 1089 778 Boemia
1121 737 1238 779 duce
1271 739 1319 779 et
1351 738 1558 780 exercitu
1580 737 1690 780 Boe-

176 796 309 846 mico,
343 810 426 851 per
447 795 654 838 occultos
687 810 740 837 ac
770 793 1101 838 difficillimos(¹
1128 797 1341 839 tramites
1372 797 1421 838 in
1445 797 1688 839 Saxoniam

178 856 432 905 contendit,
467 869 656 911 sperans
688 869 735 897 se
768 869 858 905 eos,
892 857 946 897 ut
979 856 1072 898 dici
1103 856 1234 906 solet,
1268 857 1392 899 inter
1424 858 1689 908 oscitantes,

131 929 165 953 ιο
178 929 283 958 cum
314 915 583 971 inopinatus
614 915 824 966 irrueret,
864 915 1004 958 facile
1043 929 1383 971 oppressurum,
1427 919 1510 958 aut
1551 917 1589 958 si
1626 931 1691 959 re-

179 974 352 1017 bellare
394 977 693 1030 temptarent,
733 975 904 1016 iustam
945 975 1162 1031 deinceps
1194 976 1437 1018 adversum
1471 990 1547 1018 eos
1578 976 1692 1019 belli

179 1037 227 1077 et
273 1035 607 1077 satisfactionis
653 1049 747 1077 11011
794 1035 1114 1090 suscipiendae
1168 1049 1353 1077 causam
1404 1037 1691 1078 habiturum.

179 1094 334 1149 Igitur
363 1108 509 1150 usque
541 1094 752 1137 Misenen
783 1095 996 1150 pervenit
1027 1095 1202 1145 urbem,
1241 1095 1378 1137 sitam
1409 1096 1459 1137 in
1492 1096 1691 1138 confinio

179 1154 397 1196 Boemiae
430 1156 478 1197 et
510 1154 750 1197 Saxoniae.
815 1154 890 1196 Ibi
929 1170 957 1196 a
995 1155 1172 1197 civibus
1213 1155 1404 1210 pacifice
1445 1156 1494 1196 in
1536 1156 1692 1199 civito-

132 1227 166 1252 15
178 1216 275 1256 tem
307 1216 549 1270 susceptus
582 1213 879 1270 episcopuml
911 1214 1114 1256 civitatis
1145 1215 1291 1270 ipsius
1324 1216 1690 1271 comprehendit,

179 1273 335 1316 omnia
366 1287 484 1328 quae
517 1274 615 1316 eius
647 1276 781 1316 erant
810 1274 1016 1330 diripuit,
1051 1275 1138 1316 hoc
1163 1274 1260 1316 solo
1282 1289 1411 1317 reum
1435 1275 1692 1317 maiestatis

179 1347 285 1376 eum
317 1333 603 1384 adiudicans,
637 1334 761 1388 quod
791 1335 894 1376 toto
925 1336 1134 1389 tempore
1157 1334 1270 1376 belli
1292 1334 1507 1376 Saxonici
1538 1335 1693 1377 nullos

179 1393 239 1435 ad
272 1407 377 1436 eum
410 1395 619 1436 servatae
653 1407 764 1448 erga
794 1407 892 1436 rem
925 1393 1161 1449 publicam
1200 1394 1309 1436 fidei
1346 1394 1535 1443 indices,
1578 1409 1693 1436 nun-

179 1453 275 1507 cios
305 1453 380 1495 vel
411 1453 594 1496 litteras
627 1454 905 1496 destinasset
920 1454 948 1495 2.
1014 1453 1261 1496 Caeterum
1302 1455 1441 1496 homo
1484 1454 1692 1496 ecclesia-

131 1512 323 1555 eosticae
364 1513 655 1569 paupertatis
698 1515 744 1555 et
785 1513 905 1554 nihil
951 1515 1033 1556 aut
1074 1528 1237 1569 parum
1279 1514 1456 1556 habens
1498 1528 1692 1570 pompae

180 1572 394 1614 militaris
415 1578 526 1615 vota
555 1573 754 1615 forsitan
777 1575 940 1615 contra
970 1587 1067 1616 rem
1095 1573 1330 1629 publicam
1362 1574 1531 1623 facere,
1566 1588 1694 1615 arma

179 1633 302 1675 ferre
339 1647 434 1674 non
466 1635 663 1688 poterat,
703 1646 789 1675 nec
828 1647 1048 1688 magnum
1079 1633 1180 1675 vele
1220 1634 1292 1675 his
1323 1633 1397 1675 vel
1428 1633 1523 1674 illis
1556 1634 1694 1688 parti-

182 1692 268 1734 bus
299 1694 585 1734 momentum
619 1693 793 1734 amicus
825 1693 919 1735 sive
951 1693 1166 1734 inimicus
1205 1688 1482 1735 extitissetf.
1546 1693 1693 1735 Paulo

181 1751 379 1794 ulterius
419 1765 687 1807 progressus
726 1751 862 1794 villas
909 1752 1159 1794 nonnullas
1204 1752 1434 1800 incendit,
1484 1753 1694 1794 homines

134 1826 170 1851 25
182 1810 426 1866 plerosque
456 1811 684 1866 ingenuos
714 1811 764 1853 in
791 1812 1076 1854 deditionem
1109 1812 1289 1867 accepit
1303 1811 1330 1862 3,
1366 1826 1471 1853 cum
1502 1814 1694 1867 repente

183 1870 393 1926 premissi
440 1870 754 1926 exploratores
800 1871 1066 1913 retulerunt
1111 1871 1204 1912 iam
1253 1871 1429 1912 dudum
1474 1871 1691 1913 consiliig

183 1930 322 1972 huius
354 1931 526 1972 famam
561 1931 620 1972 ad
653 1930 855 1973 Saxones
893 1931 1167 1986 prevenisse,
1209 1926 1405 1986 eosque1¹
1443 1931 1694 1973 contractis

184 1990 288 2046 plus
321 2004 459 2044 quam
491 1989 579 2032 XV
611 1990 799 2032 milibus
831 1993 1115 2033 armatorum
1153 1986 1302 2032 haudi
1346 1991 1509 2046 procul
1543 1993 1695 2032 castra

184 2050 402 2105 posuisse,
438 2052 623 2105 paratos
650 2064 754 2092 011111
777 2064 830 2092 00
853 2051 1062 2106 proxima
1084 2051 1171 2102 die,
1204 2051 1295 2092 nisi
1327 2050 1694 2093 satisfactionem

137 2122 343 2151 aneorum
396 2109 613 2165 pacisque
667 2110 962 2153 condiciones
1014 2110 1141 2152 ultro
1188 2110 1460 2166 susciperet,
1511 2110 1694 2152 collatis

185 2169 328 2224 signis
369 2169 638 2224 confligere;
681 2172 913 2226 postremo
951 2171 1009 2213 de
1048 2170 1145 2213 eius
1177 2183 1456 2224 suorumque
1488 2170 1694 2211 omnium

185 2228 336 2271 salute
377 2231 533 2271 actum
575 2243 685 2280 esse,
728 2230 767 2271 si
802 2230 878 2272 vel
915 2230 1041 2271 ultra
1078 2230 1296 2285 progredi
1327 2230 1400 2272 vel
1439 2230 1489 2270 in
1522 2230 1695 2271 eisdem

185 2289 347 2331 castris
401 2291 633 2344 posteram
687 2289 809 2332 diem
863 2290 1034 2345 operiri
1079 2290 1241 2341 vellet,
1298 2289 1540 2345 presertim
1590 2303 1694 2330 cum

184 2348 366 2390 nullum
398 2349 604 2403 undique
638 2349 866 2391 conclusis
898 2350 1123 2404 effugium
1156 2352 1351 2405 pateret,
1395 2362 1479 2390 nec
1522 2348 1694 2403 pericu-

138 2407 281 2451 35111111
315 2422 456 2450 manu
488 2409 757 2464 propulsare
790 2409 1093 2451 multitudine
1125 2410 1324 2464 impares
1358 2410 1556 2463 possent.
1622 2407 1694 2448 Ι11-

186 2481 298 2521 gens
339 2482 496 2510 omnes
537 2469 617 2523 qui
658 2483 763 2511 cum
803 2483 911 2523 rege
954 2471 1088 2511 erant
1129 2471 1279 2510 metus
1312 2467 1523 2523 perculit
1563 2467 1695 2509 vehe-

187 2530 454 2582 menterque
488 2528 586 2570 eius
607 2529 833 2584 ineptiam
855 2528 1144 2579 incusabant,
1172 2528 1306 2582 quod,
1332 2542 1435 2569 cum
1459 2539 1695 2568 successus

187 2630 217 2661 a)
236 2629 268 2655 in
287 2644 322 2648 —
342 2631 525 2663 principibus
545 2639 600 2660 om.
614 2632 693 2660 ΒΗ).
749 2632 780 2665 b)
801 2633 940 2663 Glisberg
960 2632 1039 2659 ΒΗ).
1096 2632 1122 2662 0)
1143 2632 1227 2659 elect.
1247 2639 1321 2658 corr.
1341 2632 1428 2658 alcct.
1450 2631 1474 2655 Β
1488 2631 1512 2658 2,
1569 2629 1600 2659 d)
1620 2629 1697 2655 ulim-

188 2665 300 2690 1-11111108
320 2666 345 2691 Α
359 2667 382 2693 1.
401 2666 482 2695 ΒΗ).
564 2671 592 2700 e)
611 2675 666 2695 om.
686 2669 763 2696 131⁸.
846 2670 868 2701 f)
888 2669 988 2696 exstit.
1008 2668 1034 2693 B
1047 2668 1072 2695 2.
1145 2671 1175 2699 g)
1195 2667 1301 2693 consili
1322 2667 1346 2692 B
1360 2668 1385 2694 2.
1459 2666 1489 2694 11)
1510 2674 1558 2691 cos
1579 2667 1604 2690 A
1618 2668 1641 2693 1.
1657 2668 1697 2694 1¹.

139 2704 175 2728 ⁴0
189 2701 210 2730 i)
229 2701 301 2726 haut
320 2701 346 2726 B
358 2703 398 2729 1⁸.

190 2783 226 2826 1)
254 2783 466 2821 Bennonem.
539 2787 576 2830 2)
602 2786 697 2819 Eum
714 2798 748 2822 α.
765 2788 869 2823 1073.
887 2791 1011 2821 contra
1029 2797 1142 2829 reqem
1162 2786 1346 2820 rebellasse
1365 2786 1438 2828 ipse
1454 2785 1550 2818 davit
1568 2784 1695 2828 Lamp.

188 2842 302 2875 supra
317 2843 354 2876 p.
374 2833 453 2868 150.
528 2832 566 2877 3)
585 2834 640 2875 Cf.
660 2834 813 2868 Carmen
830 2835 904 2877 III,
922 2836 1006 2877 262,
1033 2835 1126 2878 quod
1142 2834 1257 2867 solum
1271 2837 1418 2876 praeter
1434 2832 1562 2877 Lamp.
1587 2832 1697 2865 huius

183 2880 424 2971 jjclgeglssonis
455 2881 660 2915 mentionem
691 2884 791 2924 tacit.
844 2883 898 2916 De
931 2887 1083 2926 tempore
1115 2883 1191 2915 eius
1222 2881 1296 2914 vide
1326 2881 1469 2924 Kilian,
1504 2880 1696 2914 ‘Itinerar'

1704 425 1809 457 (Sept.)
