2014 3184
318 231 390 266 488

366 489 427 526 Sic
451 490 599 526 tandem
624 491 765 536 pudore
793 491 909 538 magis
933 502 1043 536 quam

317 538 494 584 religione
529 539 689 574 vietus
726 541 805 583 101,
820 552 864 577 30.
899 560 941 565 —
976 551 1043 585 pu-

318 586 407 621 dore
443 586 561 621 victus
600 588 738 631 157,1ο.
777 607 818 612 -—
854 597 929 622 non
965 590 1043 622 tam

318 633 459 668 ratione
503 633 619 668 victus
668 645 778 678 quam
827 634 1042 670 necessitate

319 683 398 725 180,
414 693 439 716 1.

365 728 452 762 dum
482 727 535 762 illi
561 755 569 764 .
588 756 596 765 .
617 756 624 764 .
650 740 763 763 manu
787 727 1042 764 vindicare

318 787 354 810 se
389 775 594 810 niterentur
630 778 772 819 101,15.
810 797 852 802 —
888 787 926 811 se
961 804 969 812 .
997 804 1005 812 .
1033 804 1040 813 .

317 825 457 857 armata
472 828 584 857 manu
597 823 866 858 vindicaturum
883 823 922 858 in
934 823 1042 859 liber-

316 873 430 905 tatem
466 872 546 915 128,
560 881 605 907 20.
638 890 679 896 -
711 881 749 905 se
785 899 792 907 .
820 896 828 905 .
856 899 863 907 .
893 873 1041 917 gentem

318 967 398 1008 149,
407 977 451 1001 30.
468 985 509 990 -
529 967 571 999 ut
587 968 839 1010 contemptum
858 966 913 1000 sui
929 977 1042 1000 manu

314 1012 542 1047 vindicarent
574 1015 653 1057 152,
668 1024 712 1049 30.
740 1033 783 1038 -
819 1015 861 1047 ut
893 1013 1040 1048 liberta—

315 1063 390 1095 tem
417 1071 519 1094 suam
543 1071 656 1094 manu
672 1059 901 1095 vindicarent
917 1063 998 1104 220,
1012 1071 1039 1097 5.

363 1107 392 1142 si
417 1107 488 1142 vir
522 1109 616 1142 esset
652 1110 791 1152 107,10.
829 1110 908 1152 121,
923 1119 967 1144 20.
996 1128 1039 1134 —

315 1154 379 1198 qui
403 1155 433 1189 si
458 1154 526 1188 viri
552 1157 671 1189 essent
698 1157 778 1199 110,
794 1166 837 1191 10.

362 1249 465 1283 iussit
489 1249 634 1294 publice
659 1249 814 1295 virgis
849 1260 948 1284 cesos
975 1277 982 1286 .
1003 1278 1010 1286 .
1031 1277 1039 1287 .

315 1297 448 1341 expelli
472 1299 531 1341 87,
545 1307 589 1333 30.

362 1390 513 1436 singulis
546 1402 614 1435 pro
647 1390 787 1425 virili
823 1393 928 1435 parte
959 1417 967 1426 .
994 1419 1003 1428 .
1030 1417 1038 1426 .

315 1437 569 1472 adiuvantibus
594 1440 734 1483 321,10.
754 1458 796 1462 -—
815 1438 948 1484 singuli
971 1448 1038 1483 pro

313 1485 410 1520 virili
427 1485 595 1530 portione
608 1487 666 1530 84,
674 1496 709 1522 30
720 1486 908 1530 (agerent).
923 1487 1038 1530 115,5.

315 1534 394 1576 169,
406 1544 441 1569 20
455 1532 649 1577 (offerunt).
666 1534 748 1577 240,
759 1543 793 1568 25
809 1533 1039 1578 (currentes),

313 1591 380 1624 pro
405 1579 501 1614 virili
533 1580 702 1624 portione
734 1582 813 1624 140,
828 1591 862 1616 20
884 1580 1038 1626 (obniti).
1054 1619 1057 1622 Α

316 1629 396 1671 157,
411 1639 445 1663 30
471 1627 716 1672 (satagerent).
751 1629 833 1671 266,
847 1637 882 1663 25
908 1627 1039 1672 (factu-

313 1676 418 1718 rum).
443 1676 525 1718 294,
541 1686 574 1710 10
589 1676 819 1719 (cooperator
843 1674 1037 1719 existeret).

361 1863 623 1908 desperatione,
659 1874 752 1907 quae
787 1891 795 1899 .
823 1891 830 1899 .
859 1889 867 1898 .
901 1863 1038 1898 timidis

313 1911 423 1945 etiam
471 1911 707 1946 virtutem
764 1910 898 1945 addere
946 1911 1039 1945 solet

315 1961 393 2002 119,
408 1970 452 1994 30.

359 2005 415 2039 vir
447 2016 664 2049 magnarum
697 2004 735 2038 in
762 2003 905 2039 Christo
935 2005 1036 2039 vir-

312 2054 469 2086 tutum
496 2054 551 2095 75,
565 2063 611 2087 20.
639 2072 681 2076 —
707 2051 763 2085 vir
787 2054 973 2086 tantarum
997 2052 1036 2086 in

313 2098 456 2133 Christo
497 2098 675 2132 virtutum
718 2101 797 2142 190,
816 2109 860 2134 35.
899 2119 944 2124 —
981 2099 1037 2133 vir

313 2145 532 2190 apostolieae
566 2145 849 2180 conversationis
887 2147 924 2180 et
959 2157 1035 2180 ma-

311 2204 467 2237 gnarum
491 2192 530 2226 in
547 2191 690 2226 Christo
707 2191 886 2226 virtutum
910 2194 992 2237 277,
1008 2204 1034 2228 1.

314 2261 356 2265 —
374 2240 494 2274 virum
519 2239 672 2274 eximiae
697 2239 979 2274 conversationis
999 2242 1036 2274 et

311 2288 510 2321 multarum
521 2287 560 2320 in
574 2285 716 2320 Christo
728 2286 908 2320 virtutum
918 2288 999 2329 303,
1007 2297 1035 2322 5.

314 2355 356 2359 —
382 2334 438 2368 vir
465 2362 472 2370 .
500 2359 509 2368 .
536 2359 544 2367 .
570 2345 786 2379 magnarum
819 2333 856 2367 in
891 2332 1035 2367 Christo

310 2381 488 2415 virtutum
513 2383 594 2425 308,
608 2392 653 2416 20.
680 2401 722 2405 —
750 2380 975 2414 sanctissimo
1000 2382 1037 2415 et

312 2428 593 2473 apostolicarum
609 2428 788 2462 virtutum
800 2427 879 2461 viro
896 2429 978 2472 258,
990 2439 1034 2463 30.

358 2475 477 2510 virum
502 2503 509 2510 .
529 2502 537 2511 .
556 2503 564 2510 .
588 2475 688 2508 omni
711 2475 950 2509 virtutum
974 2485 1036 2520 ge-

310 2533 398 2557 nere
423 2521 701 2556 celeberrimum
727 2523 807 2565 145,
820 2532 848 2557 5.
874 2542 920 2547 —
945 2520 1036 2556 Erat

340 2595 348 2603 .
368 2597 375 2605 .
401 2569 458 2603 vir
482 2569 582 2603 omni
605 2579 739 2614 genere
763 2568 941 2602 virtutum
970 2567 1035 2602 flo-

310 2616 535 2650 rentissimus
571 2617 651 2660 187,
666 2627 693 2651 1.
721 2636 763 2640 -
790 2615 930 2650 eunctis
963 2615 1035 2650 vir-

310 2665 432 2697 tutum
468 2663 662 2708 generibus
701 2690 708 2698 .
736 2689 744 2698 .
772 2690 780 2697 .
819 2662 1034 2706 conspicuus

310 2709 502 2749 incedebat
525 2712 665 2753 243,15.
694 2729 736 2734 -
762 2708 881 2743 virum
909 2709 1035 2743 multis

311 2759 481 2790 ornatum
506 2756 701 2790 virtutibus
725 2758 807 2799 225,
821 2767 866 2792 20.

358 2803 456 2847 quod
481 2828 489 2837 .
516 2828 524 2837 .
552 2831 561 2839 .
586 2803 689 2848 signa
712 2802 952 2837 virtutum
979 2802 1034 2836 fa-

311 2852 409 2884 ceret
436 2853 492 2894 93,
506 2861 533 2885 5.

802 230 966 266 INDEX
990 231 1342 271 LOOUTIONUM.

1093 350 1186 386 riam
1212 351 1365 397 adeptus
1389 355 1454 390 est.
1476 373 1518 379 -
1536 354 1615 391 Liv.
1631 354 1700 399 IV,
1714 355 1818 400 1'7,8.

1092 409 1161 434 11οσ
1193 399 1422 435 incruentam
1454 400 1647 437 victoriam
1678 402 1817 448 retulit,

1092 450 1151 482 εἰσ.
1174 449 1391 491 saepi-ssime.

1146 494 1187 530 V.
1205 494 1317 530 Mart.
1335 497 1394 532 20.
1419 494 1581 530 vietus
1597 496 1658 532 vel
1671 491 1817 533 ratione

1091 540 1151 575 vel
1179 541 1359 586 precibus.
1387 563 1430 568 —
1455 543 1534 579 Liv.
1559 543 1634 588 Π,
1660 545 1696 581 4.
1726 543 1818 581 victi
1863 552 1867 556 ’
1906 549 1941 560 ”

1091 589 1316 625 necessitate.
1341 609 1387 615 —
1418 590 1549 627 lustin.
1579 569 1691 635 VI'H,
1715 592 1755 636 5,
1780 593 1816 634 3.
1923 590 1927 597 ’

1091 634 1193 670 Victi
1218 642 1234 672 .“
1254 665 1262 672 .
1290 665 1297 672 .
1323 637 1548 674 necessitate.
1568 657 1611 663 —-
1629 638 1688 681 Gf.
1713 649 1814 685 nspe-

1091 682 1190 719 ritas.

1140 730 1228 766 Sall
1262 731 1341 775 Iuy.
1370 733 1449 768 106.
1484 730 1588 767 fuere
1621 731 1685 777 qui
1719 731 1816 770 dice-

1091 779 1175 812 rent
1209 788 1322 812 manu
1355 777 1734 825 vindicandum,-
1757 782 1816 819 20.

1091 824 1240 859 iniurias
1274 836 1356 860 suas
1388 837 1500 861 manu
1527 806 1817 872 vindieatuium,

1090 873 1148 909 42.
1175 871 1360 908 vindicare
1383 873 1530 918 plebem
1554 873 1593 909 111
1607 853 1820 911 liber-tatoni
1864 888 1866 890 ’
1914 874 1949 891 ’ἲ

317 920 418 952 suam
467 917 505 951 in
546 917 752 952 libertatem
793 917 1041 953 vindicaturos
1093 946 1100 955 .
1128 946 1137 955 .

1164 947 1171 955 .
1198 930 1372 965 coepere3
1399 921 1474 958 Cat.
1497 923 1555 959 20.
1580 921 1654 956 nisi
1673 923 1819 959 nosmet

1090 965 1187 1011 ipsos
1234 967 1461 1003 vindicamus
1506 968 1547 1003 in
1586 968 1812 1014 libertatem,

1092 1033 1135 1039 -—
1154 1014 1285 1051 lustin.
1302 1015 1484 1060 XXXVI,
1505 1018 1561 1059 11,
1581 1018 1636 1053 10.
1662 1015 1726 1061 qui
1745 1019 1760 1054 ἱ
1778 1042 1788 1052 .
1805 1038 1830 1055 .7

1091 1061 1200 1095 armis
1213 1072 1252 1097 se
1264 1061 1303 1096 in
1315 1062 1524 1098 libertatem
1532 1062 1816 1101 vindicaverant.

1138 1109 1215 1143 Liv.
1241 1109 1362 1154 XXV,
1384 1111 1439 1146 18.
1466 1109 1496 1144 si
1519 1110 1594 1146 vir
1618 1113 1733 1155 esaet3
1757 1110 1812 1156 II,

1091 1157 1149 1200 38,
1167 1158 1199 1192 5.
1226 1156 1255 1190 si
1280 1156 1348 1191 viri
1373 1157 1478 1201 estis;
1503 1158 1535 1202 I,
1561 1159 1620 1202 58,
1636 1159 1671 1195 8.
1694 1158 1728 1194 ni
1751 1168 1816 1197 vos

1089 1202 1159 1237 viri
1185 1203 1281 1240 estis.

1136 1251 1175 1286 V.
1193 1251 1306 1286 Mart.
1328 1253 1361 1287 6.
1387 1251 1533 1296 publice
1557 1251 1711 1298 virgis
1735 1263 1816 1288 cao-

1089 1308 1149 1331 sus
1182 1300 1237 1332 est
1271 1300 1308 1332 et
1342 1326 1351 1335 .
1378 1326 1386 1335 .
1414 1325 1423 1335 .
1457 1298 1503 1334 de
1535 1298 1682 1335 civitate
1715 1299 1816 1337 exire

1090 1345 1309 1389 compulsuS.
1814 1348 1817 1350 ’

1136 1392 1214 1428 Liv.
1252 1392 1332 1434 IX,
1359 1394 1393 1428 8.
1431 1403 1498 1436 pro
1535 1392 1674 1433 virili
1735 1395 1814 1429 arte

1089 1437 1282 1483 adiuvant3
1307 1418 1380 1483 ΙΙΙ,
1393 1442 1449 1483 71,
1461 1441 1495 1476 8.
1517 1440 1602 1484 VII,
1614 1442 1646 1477 7.
1747 1441 1812 1486 VI,

1088 1487 1146 1521 36.
1171 1497 1238 1530 pro
1263 1486 1360 1520 virili
1382 1488 1506 1531 parte;
1533 1487 1628 1532 prol.
1653 1489 1688 1524 3.
1712 1487 1814 1525 iuva.-

1088 1532 1143 1567 bit
1174 1535 1297 1568 tamen
1327 1544 1395 1578 pro
1429 1512 1525 1569 viri'li
1556 1535 1662 1579 parte
1686 1545 1815 1572 oonsu-

1087 1580 1207 1616 luisse.
1242 1601 1287 1606 -
1324 1581 1422 1617 omd.
1457 1582 1569 1618 Trist.
1599 1582 1640 1625 V,
1666 1583 1728 1627 11,
1753 1584 1813 1621 aa.
1861 1602 1865 1607 ·

1089 1627 1152 1660 Ex
1169 1628 1280 1662 Ponto
1298 1629 1352 1672 H,
1370 1630 1474 1672 1,17.
1499 1639 1567 1673 pro
1583 1630 1688 1674 parte
1703 1628 1811 1666 virili.

1089 1695 1134 1700 —
1171 1676 1321 1711 Ham-(m
1351 1677 1478 1720 praef.
1514 1677 1555 1710 ἐκ
1587 1677 1712 1711 Immo-⁸
1743 1686 1812 1722 1)Γο
1860 1722 1869 1726 ν
1889 1685 1935 1732 ,ζ’

1087 1721 1183 1756 virili
1201 1725 1305 1766 parte
1323 1722 1474 1766 offerre,
1495 1725 1616 1768 praef.
1633 1725 1674 1758 in
1689 1724 1812 1762 Pom..-

1086 1780 1146 1803 me
1170 1780 1238 1814 pro
1261 1769 1357 1804 virili
1380 1749 1549 1815 portione
1574 1797 1583 1808 .
1610 1798 1619 1807 .
1646 1797 1654 1806 .
1680 1762 1812 1808 offerre

1087 1827 1180 1859 quae
1204 1817 1352 1861 possim.

1134 1864 1226 1898 Sall.
1251 1865 1333 1907 Iuy.
1355 1866 1413 1901 85.
1439 1864 1469 1898 si
1493 1863 1630 1899 timidis
1653 1863 1812 1901 virtu-

1084 1911 1178 1945 tem
1202 1911 1315 1946 verba
1339 1910 1527 1946 adderent.

1142 2005 1182 2039 V.
1208 2005 1321 2042 Mart.
1347 2007 1380 2042 6.
1411 2016 1628 2051 magnarum
1651 2005 1811 2041 virtu-

1085 2053 1184 2085 tum
1209 2052 1299 2088 viro.

1131 2474 1232 2518 Sulp.
1257 2474 1331 2509 Sev.
1356 2474 1456 2509 Dial
1481 2474 1519 2516 Ι,
1544 2475 1602 2509 22.
1635 2473 1674 2508 in
1706 2473 1808 2509 omni

1083 2531 1217 2566 genere
1257 2520 1498 2555 virtutum
1539 2520 1705 2570 emicuit,
1746 2522 1806 2562 25.

1082 2568 1227 2605 virum.
1276 2578 1379 2612 ,quo
1403 2567 1526 2602 nullus
1550 2567 1628 2602 sit.

1082 2595 1260 2650 virtutum
1284 2625 1418 2660 genere
1441 2614 1693 2659 praestantior.

1134 2803 1174 2837 V.
1192 2802 1304 2835 Mart.
1323 2803 1378 2838 16.
1402 2812 1469 2846 per
1493 2813 1601 2846 quem
1624 2801 1805 2836 Dominus

1081 2848 1184 2894 signa
1207 2848 1252 2882 vi
1262 2859 1281 2882 r
1290 2850 1307 2882 t
1316 2860 1339 2882 u
1349 2850 1365 2882 t
1375 2848 1388 2882 1
1398 2860 1413 2882 s
1443 2848 1659 2883 ostenderet.

1674 2578 1808 2604 omm
