2014 3184
383 209 456 244 424

429 324 498 360 me
533 328 570 361 et
603 326 756 381 victoria
790 329 950 364 elatus
988 331 1045 374 96,
1059 341 1105 366 20.

382 392 427 398 ·-
460 372 565 408 ferox
597 373 726 409 animis
763 378 800 410 et
834 376 950 411 elatus
986 377 1105 422 primo

381 429 548 456 successu
572 421 712 457 iuvenis
740 424 878 467 187,10.
917 424 973 467 Cf.
990 423 1104 462 ferox.

427 845 559 890 vixque
584 846 679 881 inter
714 872 722 881 .
749 873 757 882 .
786 875 793 883 .
829 847 1103 884 multitudinem

378 893 628 927 eluctatus
654 894 752 938 83,5.

426 939 592 984 Cumque
642 943 894 976 accusatorum
937 945 1103 978 constan-

377 987 467 1022 tiam
495 1015 502 1023 .
530 1015 537 1023 .
566 1016 573 1023 .
600 999 667 1023 neo
693 991 770 1024 arte
796 989 965 1024 dictionis
1001 991 1103 1025 elu—

378 1034 493 1069 dere
524 1038 647 1080 posset
678 1037 816 1080 131,15.
843 1057 888 1062 --
914 1037 1016 1082 quasi
1041 1049 1103 1073 na·

377 1083 499 1116 turam
533 1085 611 1118 arte
641 1083 788 1118 eludere
813 1087 937 1129 posset
964 1087 1102 1130 134,1o.

424 1129 511 1164 licet
547 1141 632 1174 sepe
670 1130 794 1166 elusi
833 1134 971 1176 155,10.
1006 1153 1048 1158 -
1083 1144 1104 1167 a

377 1187 449 1221 quo
489 1176 623 1212 totiens
665 1178 754 1212 elusi
791 1178 864 1213 sint
899 1180 979 1222 179,
996 1190 1024 1216 5.
1058 1201 1103 1205 -

376 1223 579 1269 magnificis
628 1225 928 1269 promissionibus
969 1205 1102 1262 totiens

376 1271 467 1305 elusi
490 1274 572 1316 279,
585 1282 612 1307 5.

424 1319 577 1352 elusis
596 1318 805 1354 custodibus
821 1321 901 1363 158,
910 1331 954 1356 20.
969 1322 1050 1365 213,
1056 1332 1099 1357 15.

375 1366 458 1409 289,
478 1376 523 1401 25.
563 1386 607 1390 —
646 1366 754 1400 elusis
792 1367 960 1401 omnibus
997 1368 1101 1413 regni

375 1412 600 1457 principibus
624 1415 747 1457 231,1.
775 1434 819 1438 -
845 1413 953 1449 elusis
989 1414 1099 1449 hosti-

374 1459 443 1494 bus
467 1461 608 1504 232,15.

423 1517 614 1542 emenso
652 1507 751 1551 quod
786 1507 825 1542 in
861 1507 982 1542 medio
1021 1511 1098 1543 erat

375 1553 497 1598 spacio
523 1556 604 1596 218,
618 1565 663 1590 20.

423 1600 486 1645 qui
518 1601 663 1645 generis
696 1602 756 1637 vel
789 1613 902 1646 opum
933 1602 1099 1638 claritate

374 1647 640 1692 aliquantulum
665 1649 948 1684 eminebant
972 1650 1010 1684 in
1034 1661 1100 1695 po-

373 1694 462 1739 pulo
496 1697 578 1739 238,
593 1707 637 1732 30.
675 1717 719 1721 -
754 1698 791 1731 et
822 1697 966 1742 generis
995 1697 1098 1732 clari—

372 1743 449 1776 tate
474 1744 511 1776 et
535 1753 647 1787 opum
672 1743 788 1788 gloria
813 1743 977 1779 eminens
993 1744 1099 1779 valde

374 1788 412 1823 in
449 1791 528 1824 tota
564 1789 673 1824 Italia
708 1793 791 1835 252,
813 1801 856 1827 15.
894 1812 938 1816 -
975 1794 1099 1826 tamen

374 1847 485 1880 opum
510 1836 626 1882 gloria
658 1839 695 1872 et
721 1837 881 1872 militum
899 1866 908 1874 .
928 1867 935 1875 .
955 1866 963 1874 .
982 1839 1097 1884 copia,

373 1885 452 1917 tum
484 1884 682 1928 sapientiae
702 1913 709 1920 .
729 1912 737 1920 .
756 1913 764 1921 .
782 1885 994 1920 maturitate
1019 1897 1098 1921 cae-

373 1930 461 1964 teris
494 1931 720 1976 principibus
754 1943 864 1976 quam
897 1932 1098 1977 plurimum

373 1977 558 2012 eminebat
590 1981 671 2022 235,
683 1990 727 2014 20.
755 1999 799 2003 —
829 1990 945 2033 opum
975 1982 1098 2015 tamen

372 2023 488 2069 gloria
513 2027 654 2060 et..
680 2025 839 2060 militum
865 2027 979 2072 copia,
1011 2039 1096 2071 pru-

372 2070 518 2105 dentiae
567 2082 710 2116 quoque
750 2073 961 2108 maturitate
1003 2102 1010 2109 .
1045 2102 1052 2110 .
1088 2102 1095 2110 .

372 2117 481 2162 longe
522 2118 674 2153 caeteris
709 2119 934 2163 principibus
971 2131 1095 2164 super-

372 2164 556 2199 eminebat
572 2167 654 2210 256,
669 2177 712 2202 10.
733 2185 776 2191 —
795 2166 857 2211 qui
880 2166 977 2201 inter
992 2167 1096 2212 regni

371 2211 552 2256 principes
595 2214 631 2247 et
671 2223 784 2266 opum
831 2215 868 2247 et
909 2213 1095 2258 dignitatis

370 2258 518 2303 speciali
533 2259 765 2304 prerogativa
782 2260 966 2295 emineant
976 2263 1058 2306 276,
1066 2271 1094 2297 5.

371 2325 416 2331 —
451 2306 514 2350 qui
546 2306 586 2340 in
618 2306 674 2340 his
702 2307 912 2352 regionibus
936 2307 1034 2342 fama
1058 2310 1095 2342 et

371 2352 500 2397 opibus
550 2353 807 2389 eminentiores
865 2354 1095 2390 habebantur

370 2401 452 2443 315,
466 2410 493 2435 5.

417 2446 464 2480 In
489 2447 652 2482 exercitu
679 2475 686 2483 .
707 2475 714 2484 .
734 2476 742 2484 .

371 2492 514 2528 Ottonis
538 2496 619 2538 219,
635 2506 679 2532 30.

769 2448 955 2483 enituit
978 2449 1093 2484 virtus

415 2820 585 2856 redderet
610 2822 708 2858 001115
733 2834 799 2868 per
823 2823 899 2858 vim
923 2836 943 2859 e
953 2836 972 2859 1·
982 2835 1002 2859 e
1011 2836 1036 2869 p
1046 2826 1062 2859 t
1070 2835 1091 2859 a

869 210 1032 247 INDEX
1055 211 1405 251 LOOUTIONUM.

1211 333 1250 368 V.
1275 333 1389 369 Mart.
1414 335 1472 370 20.
1509 333 1640 370 ferocis
1664 334 1803 381 ingenii
1825 335 1878 372 vi-

1155 390 1238 413 rum
1264 382 1405 416 et..
1431 381 1584 416 victoria
1615 382 1808 420 elatum.
1834 402 1880 410 -

1155 426 1233 461 Liv.
1251 427 1324 469 III,
1342 429 1399 471 62,
1416 430 1448 465 7.
1475 428 1630 464 alterum
1651 439 1770 475 nuper
1783 440 1881 466 nova

1154 473 1306 508 victoria
1323 474 1482 520 elatum3
1505 477 1558 520 ΙΙ,
1577 475 1880 520 51,1.adversus

1155 520 1292 556 Tuscos
1305 522 1457 557 victoria
1467 502 1593 568 018165,
1603 528 1679 565 etc„
1675 524 1877 570 ·XXVHI‚

1154 570 1188 604 6.
1218 570 1294 602 tam
1319 569 1417 604 facili
1442 572 1609 606 successu
1635 599 1642 607 .
1670 599 1678 608 .
1705 571 1878 617 .elatus‚

1153 615 1278 658 XLII,
1293 618 1349 652 66.
1368 616 1484 652 elatus
1497 623 1673 655 successu.
1689 637 1733 644 ——-
1746 618 1879 656 lustin.

1153 663 1237 705 XV,
1264 641 1375 706 2,10.
1401 663 1484 699 Hac
1506 665 1659 700 victoria
1682 665 1810 703 elatus.
1831 685 1878 693 —

1155 710 1271 746 Amm.
1307 711 1422 747 Marc.
1458 712 1628 756 XXVII,
1652 714 1694 752 8,
1718 715 1753 750 9.
1793 723 1879 759 pro·

1153 767 1260 801 spero
1278 768 1445 792 successu
1463 759 1598 804 elatus3
1615 738 1760 805 XXIX,
1771 761 1806 805 5,
1820 762 1877 797 13.

1153 803 1223 838 hoc
1247 815 1414 840 successu
1439 805 1559 841 victor
1582 806 1710 842 elatus

1201 852 1336 887 Lucan.
1362 853 1414 895 II,
1433 855 1516 890 219.
1551 853 1743 891 Tandem.

1153 898 1414 936 eluctatus.

1200 945 1281 983 Liv.
1306 947 1380 990 ΙΙΙ,
1399 949 1455 991 10,
1476 950 1532 984 10.
1562 948 1770 984 libertatem
1795 977 1804 986 .
1830 977 1840 987 .
1864 977 1876 987 .

1154 994 1231 1027 arte
1266 993 1420 1037 eludi3
1458 995 1595 1039 XLIV,
1625 998 1682 1034 36.
1719 998 1762 1033 ut
1795 1024 1805 1034 .
1830 1021 1840 1032 .
1866 1025 1876 1034 .

1153 1042 1231 1075 arte
1265 1041 1312 1075 ad
1345 1052 1428 1076 suos
1453 1042 1653 1079 eludendos
1678 1071 1687 1080 .
1715 1070 1724 1080 .
1750 1069 1760 1079 .
1784 1054 1876 1089 opus

1153 1090 1256 1124 esset.

1762 853 1878 892 ..Vix

1197 1511 1314 1547 Amm.
1325 1513 1439 1548 Marc.
1453 1513 1559 1558 XIV,
1575 1516 1633 1559 11,
1649 1511 1703 1552 15.
1726 1526 1872 1552 emen-

1149 1557 1208 1592 sis
1235 1586 1242 1593 .
1270 1559 1458 1605 ..longis
1482 1560 1693 1599 intervallis.

1197 1606 1314 1640 Amm.
1331 1607 1446 1643 Maro.
1460 1608 1628 1652 XXVII,
1642 1611 1698 1652 11,
1714 1612 1745 1647 1.
1768 1609 1873 1646 olari·

1148 1651 1275 1687 tudine
1299 1653 1444 1698 generis
1469 1657 1506 1689 et
1526 1656 1691 1700 potentia
1707 1659 1744 1692 et
1760 1659 1873 1712 opum

1149 1699 1412 1744 magnitudine.
1449 1722 1491 1726 -—
1526 1703 1606 1740 IAv.
1631 1703 1662 1747 I,
1689 1704 1873 1759 17.(11118

1148 1757 1256 1781 nemo
1293 1758 1515 1794 magnopere
1553 1750 1798 1787 eminebat
1832 1751 1872 1787 in

1147 1804 1244 1828 novo
1268 1795 1415 1839 populo.
1444 1816 1487 1821 —
1514 1797 1626 1834 Einh.
1652 1798 1692 1834 V.
1715 1798 1810 1835 Kar.
1834 1801 1872 1836 2.

1148 1840 1212 1884 qui
1246 1843 1282 1876 et
1316 1842 1482 1878 claritate
1515 1844 1661 1888 generis
1692 1847 1729 1880 et
1757 1856 1870 1891 opum

1148 1888 1388 1932 amplitudine
1413 1890 1543 1925 ceteris
1568 1891 1789 1930 eminebant.

1189 2451 1268 2487 Liv.
1290 2451 1322 2493 I,
1339 2453 1398 2494 42,
1417 2454 1450 2487 3
1476 2451 1523 2486 In
1548 2463 1591 2488 eo
1616 2452 1714 2489 bello
1739 2455 1866 2492 etvir·

1141 2499 1200 2531 tus
1225 2499 1263 2531 et
1286 2497 1434 2533 fortuna
1459 2499 1642 2535 enituit
1667 2499 1785 2546 Tulli,
1810 2503 1864 2548 II,

1141 2546 1199 2588 24,
1212 2545 1246 2580 8.
1271 2555 1390 2588 neque
1407 2546 1561 2580 aliorum
1577 2548 1692 2594 magis
1713 2548 1752 2583 in
1767 2549 1865 2586 bello

1247 2591 1362 2626 virtus
1388 2593 1534 2636 enituit,
1560 2595 1635 2638 III,
1654 2597 1711 2639 63,
1731 2598 1765 2632 3.
1789 2607 1866 2632 non

1141 2616 1296 2672 aliorum
1337 2649 1380 2673 eo
1417 2619 1556 2684 proelio
1593 2641 1708 2676 virtus
1747 2643 1864 2689 1118315

1141 2684 1285 2728 enituit,
1307 2690 1366 2721 etc.
1394 2706 1436 2711 ——
1463 2688 1592 2724 lustin.
1618 2689 1762 2733 XXXI,
1781 2692 1816 2732 3,
1827 2692 1863 2727 4.

1141 2731 1242 2766 euius
1267 2732 1305 2766 in
1330 2744 1373 2767 eo
1399 2734 1496 2768 bello
1521 2735 1637 2769 virtus
1661 2738 1764 2770 tanta
1787 2737 1863 2772 eni·

1139 2778 1221 2814 tuit.

1186 2825 1276 2862 Sall.
1309 2826 1388 2870 Iuy.
1423 2829 1478 2864 14.
1520 2827 1653 2863 Vestra
1685 2828 1863 2865 beneficia
