1950 3302
710 287 1008 325 PRAEFATIO
1036 287 1075 324 O.
1101 275 1133 324 'L
1264 271 1267 274 ’
1600 284 1701 320 xm

190 413 446 460 monasterio
467 411 769 466 Hei-sfeldeusi
800 415 970 454 enotata
1001 414 1126 453 erant
1158 409 1317 453 conditi
1348 408 1530 451 annales
1561 409 1701 451 breves

183 473 389 530 „ampliati
426 478 464 516 et
501 487 631 527 usque
672 473 732 515 ad
770 486 810 514 a.
835 474 936 513 983.
970 469 1208 513 continuati
1248 473 1373 522 suut;
1419 468 1493 522 qui
1534 467 1702 521 quidem

182 534 426 590 perierunt,
466 534 542 576 sed
580 547 608 574 a
647 531 793 574 multis
824 534 975 584 postea
1015 529 1216 583 eccscripti
1255 532 1367 571 suut.
1445 529 1552 570 Tum
1597 527 1702 570 Goe-

193 595 333 637 bertus
372 593 502 636 abbas
544 589 826 646 (970—984)
868 603 1070 644 maynam
1111 588 1317 631 librorum
1359 587 1519 642 copiam
1562 587 1702 640 acqui-

163 652 293 697 ssivit
308 653 336 708 ¹,
379 652 454 707 qui
495 666 589 695 cum
629 655 716 694 tota
758 649 1005 693 bibliotheca
1046 647 1348 701 Hersfeloleusi
1388 662 1496 690 saec.
1534 647 1700 689 XVII.

185 712 424 768 perierunt.
472 711 542 755 De
562 711 687 754 rebus
705 709 835 764 yestis
866 713 1006 751 autem
1037 722 1124 751 nort
1147 708 1294 762 plura,
1321 711 1497 761 praeter
1524 721 1574 748 ea
1596 720 1703 759 quae

194 772 492 826 recensuimus,
532 770 772 824 conscripta
803 769 938 822 fuisse
969 772 1091 822 patet
1121 782 1172 810 ea
1203 782 1262 820 eo,
1305 768 1418 820 quod
1448 767 1704 819 Lampertus

195 831 353 876 dixerit
379 833 429 874 de
452 830 654 886 priorum
685 829 882 872 abbatum
903 827 1086 870 historia
1117 842 1160 870 se
1191 827 1304 869 nihil
1336 825 1488 869 litteris
1518 825 1704 868 inclitum

194 891 401 946 reperisse
417 893 445 932 ².
509 890 776 933 Litterarum
827 887 1035 941 studium,
1090 888 1203 941 quod
1252 886 1342 928 iam
1389 885 1703 939 aliquantulum

150 970 184 995 10
195 951 420 1005 revisite-rat,
453 950 529 993 sub
567 948 766 993 Gozberti
796 961 1030 991 successore
1061 946 1310 989 Bernhario
1343 945 1571 989 extinctum
1603 949 1663 987 est
1676 946 1702 998 3,

197 1011 344 1054 abbate
375 1015 414 1054 et
443 1009 664 1052 monachis
696 1008 896 1051 dissolute
927 1021 1014 1049 uon
1046 1006 1095 1048 iii
1125 1005 1395 1058 monasterio,
1429 1006 1503 1047 secl
1534 1004 1581 1046 iii
1606 1018 1705 1057 qua-

198 1084 372 1124 cumque
414 1069 732 1124 possessionum
778 1066 973 1109 abbatiae
1020 1065 1168 1119 cuique
1212 1065 1380 1119 placuit
1425 1064 1660 1106 viventibus
1674 1064 1704 1104 4.

198 1130 303 1172 Post
347 1127 590 1172 Beruharii
642 1127 798 1170 obitum
851 1126 1133 1170 Goelehardus
1179 1126 1311 1167 abbas
1356 1123 1608 1166 Altaheiisis
1654 1123 1706 1165 ab

198 1188 409 1232 Heinrico
445 1188 510 1230 II
508 1220 518 1229 .
559 1202 656 1242 reye
696 1185 911 1229 abbatiam
950 1185 1300 1238 Hersfeldeiisem
1345 1185 1574 1238 reyendam
1620 1197 1707 1225 sus-

153 1267 187 1292 15
200 1247 323 1303 cepit,
361 1247 436 1302 qui
466 1249 526 1290 ad
555 1261 648 1290 eam
680 1261 708 1288 a
738 1245 954 1299 Williyiso
986 1244 1300 1298 archiepiscopo
1331 1242 1588 1297 Moyontirio
1611 1257 1707 1296 per-

201 1309 349 1352 ductus
378 1307 511 1350 vitam
541 1307 782 1360 regularem
811 1303 1014 1358 restituit,
1058 1303 1174 1346 brevi
1205 1307 1386 1358 tempore
1417 1304 1476 1344 act
1506 1301 1708 1355 optimum

199 1371 356 1410 statum
387 1381 480 1410 eam
511 1365 776 1419 reformavit.
830 1365 949 1407 Tunc
978 1363 1107 1406 etiam
1138 1362 1326 1406 studi-um
1353 1362 1594 1405 litterarum
1621 1366 1708 1403 tam

202 1428 307 1470 laete
346 1425 558 1479 effloruit,
599 1429 647 1468 ut
685 1425 776 1467 iam
815 1424 890 1467 sub
930 1437 1164 1467 successore
1205 1422 1296 1465 eius
1331 1421 1521 1474 Aruolfo
1562 1421 1709 1463 abbate

204 1484 545 1541 (1012—1031)
578 1485 693 1528 scola
718 1483 1040 1536 Hersfeldertsis
1071 1482 1244 1526 celebris
1274 1482 1510 1533 haberetur,
1543 1485 1709 1534 reyente

155 1560 190 1586 20
203 1560 297 1589 eam
341 1559 472 1600 usque
518 1547 578 1588 ad
622 1559 663 1587 a.
707 1547 835 1586 1034.
877 1542 1078 1586 Albwiiio
1117 1541 1323 1596 mayistro
1337 1541 1364 1595 ⁵,
1413 1554 1494 1594 quo
1542 1542 1710 1583 (loceute

212 1605 484 1659 Wolfherius
527 1609 565 1647 et
604 1604 716 1647 Boto
756 1602 1211 1655 Hildiuesheimenses,
1261 1601 1536 1643 Ratmimdus
1582 1613 1710 1653 nepos

210 1665 458 1709 Godehardi
488 1664 672 1719 episcopi
688 1664 715 1717 ⁶,
755 1663 878 1706 Otloh
907 1662 1140 1705 monachus
1169 1662 1214 1704 S.
1238 1659 1547 1703 Emmerammi
1568 1658 1710 1701 Ratis-

195 1725 403 1779 portensis
421 1725 446 1778 ⁷,
479 1724 648 1778 Bruuo,
689 1723 763 1777 qui
794 1727 945 1776 postea
976 1721 1260 1776 episcopatum
1297 1720 1552 1772 Tulleiisem,
1597 1718 1710 1761 deni-

204 1798 283 1838 que
319 1785 458 1827 sedem
488 1783 763 1838 apostolicam
793 1786 965 1824 vocatus
997 1782 1084 1823 Leo
1116 1781 1209 1822 IX.
1243 1781 1419 1833 adeptus
1450 1783 1510 1821 est
1525 1779 1554 1832 8,
1599 1778 1711 1831 Sigye-

157 1859 192 1884 25
205 1845 380 1887 icardus
411 1857 584 1897 quoque,
616 1847 663 1885 ut
693 1842 860 1885 videtur
876 1842 904 1893 ⁹,
939 1840 1092 1883 litteris
1123 1841 1388 1882 studuerunt.
1458 1839 1577 1880 Tunc
1608 1837 1712 1879 Dio-

206 1903 372 1946 dericus
402 1903 635 1946 monachus
665 1899 989 1953 Hersfeldensis
1020 1899 1267 1941 Illatiortem
1301 1899 1345 1941 S.
1368 1897 1646 1940 Benedicti10
1676 1900 1714 1939 et

213 1961 572 2006 Commentarium
593 1961 867 2015 epistolarum
889 1959 1194 2003 catholicarum
1226 1957 1326 2000 novi
1352 1956 1589 1999 testamenti
1611 1970 1714 1999 com-

198 2021 347 2076 posuit
362 2022 412 2063 11.
475 2021 626 2063 Etiam
669 2019 925 2074 Meyinhero
972 2019 1120 2061 abbate
1162 2015 1509 2071 (1035—1059)
1558 2016 1715 2059 scolam

207 2081 554 2134 Hersfeldertsem
585 2084 731 2123 tautae
762 2079 897 2132 fuisse
927 2079 1090 2131 famae,
1133 2081 1182 2120 ut
1218 2077 1403 2120 aliorum
1444 2075 1715 2118 monasterio-

162 2211 196 2237 ao
211 2198 246 2242 1)
268 2199 380 2240 Intra
402 2210 442 2242 p.
464 2199 547 2234 348.
645 2198 682 2241 2)
708 2197 821 2239 Infra
840 2207 881 2240 p.
905 2197 988 2232 347.
1038 2195 1084 2231 A.
1110 2196 1214 2231 1038.
1241 2195 1382 2238 quidem
1407 2194 1528 2228 omm'a
1554 2193 1716 2235 aedificia

208 2247 420 2281 nwnasterii
451 2245 717 2288 Hersfeldensis
750 2244 911 2278 incendio
944 2243 1058 2278 deleta
1091 2246 1176 2276 sunt
1211 2243 1336 2286 (infra
1366 2253 1404 2286 p.
1431 2242 1490 2278 54.
1516 2242 1622 2283 350),
1659 2240 1719 2274 sed

210 2293 413 2328 bibliotheca
437 2297 520 2327 tunc
550 2296 691 2327 servata
716 2303 791 2327 esse
815 2291 966 2334 videtur,
1002 2301 1081 2324 cam
1107 2290 1325 2334 Lampertus
1358 2289 1469 2323 libros
1498 2300 1522 2322 a
1550 2288 1720 2322 Gozberto

210 2341 334 2375 abbate
366 2342 558 2385 acquisitos
586 2341 728 2376 viderit.
838 2339 875 2384 3)
902 2339 990 2372 Inde
1022 2339 1144 2381 evenit,
1180 2342 1221 2372 ut
1254 2337 1407 2371 annales
1441 2337 1542 2370 ultra
1576 2347 1610 2370 a.
1637 2336 1718 2371 983.

210 2399 282 2423 non
313 2389 580 2423 deducerentur.
690 2388 728 2431 4)
764 2387 933 2421 Attamen
967 2386 1156 2420 Ricbertus
1188 2385 1399 2427 monachus,
1439 2386 1504 2429 qui
1539 2384 1718 2417 abbatiam

164 2449 199 2476 ³5
211 2437 402 2480 regendam
427 2437 636 2480 suscipiente
662 2435 878 2469 Godehardo
902 2445 946 2468 ex
970 2444 1011 2468 ea
1035 2435 1147 2477 cessit,
1179 2434 1219 2467 in
1243 2437 1384 2467 tautum
1411 2433 1541 2466 litteris
1566 2432 1722 2464 imsbutus

211 2488 307 2526 erat,
338 2489 379 2518 ut
403 2484 534 2518 scolam
559 2485 599 2517 in
623 2484 763 2517 civitate
787 2482 1091 2525 Merseburqensi,
1120 2484 1246 2524 postea
1272 2482 1310 2514 in
1335 2481 1478 2514 ecclesia
1506 2479 1723 2521 ordorfensi

212 2542 332 2575 reyere
359 2536 501 2576 posset,-
535 2531 737 2574 Wolfhere,
771 2531 855 2564 Vita
883 2529 1092 2563 Godehardi
1115 2530 1227 2572 prior
1250 2539 1278 2562 c.
1304 2530 1360 2571 13,
1394 2528 1456 2563 SS.
1484 2527 1558 2570 XI,
1583 2539 1620 2571 p.
1642 2528 1721 2561 177.

213 2581 250 2624 5)
275 2580 372 2614 Arm.
398 2578 562 2614 Hildesh.
588 2589 622 2613 a.
650 2579 759 2621 1034,
796 2578 848 2613 ed.
877 2577 919 2612 G.
947 2577 1066 2610 Waitz
1095 2587 1134 2620 p.
1161 2579 1219 2613 39.
1333 2578 1369 2619 6)
1396 2575 1497 2610 Prol.
1532 2576 1572 2608 in
1604 2575 1722 2607 Vitam

217 2627 426 2661 Godehardi
460 2628 624 2670 priorem
670 2630 702 2660 et
742 2626 994 2669 posteriorem,
1043 2624 1107 2659 SS.
1146 2624 1221 2666 XI,
1260 2635 1300 2667 p.
1338 2625 1405 2659 167
1431 2634 1506 2666 sqq.
1547 2624 1614 2658 196
1649 2633 1723 2665 sqq.

167 2675 252 2719 407)
279 2673 427 2708 othloni
450 2674 530 2710 Lib.
556 2674 629 2709 Vis.
656 2674 691 2716 5,
719 2673 786 2707 SS.
804 2673 881 2716 XI,
906 2684 943 2716 p.
962 2673 1044 2708 378.
1142 2673 1179 2715 8)
1208 2671 1309 2712 Quod
1333 2671 1473 2715 quidem
1499 2671 1614 2703 tradit
1639 2673 1723 2703 nota

216 2721 342 2755 addita
365 2722 414 2755 ad
438 2721 655 2756 Ekkehardi
678 2721 813 2756 Chron.
839 2732 874 2756 a.
900 2721 1004 2763 1053,
1033 2719 1098 2754 SS.
1123 2719 1184 2762 VI,
1208 2731 1246 2763 p.
1267 2720 1347 2762 196,
1375 2719 1492 2751 allata
1519 2729 1540 2750 a
1568 2717 1614 2749 W
1612 2722 1725 2750 atten-

217 2769 316 2811 bach,
351 2769 490 2811 ‘DGQJ
514 2769 566 2805 ed.
592 2770 627 2805 5.
653 2768 711 2811 ΙΙ,
743 2779 783 2812 p.
809 2769 868 2810 88,
893 2779 930 2803 n.
958 2769 989 2803 1.
1040 2767 1109 2800 Sed
1135 2767 1312 2801 Wibertus
1337 2768 1376 2799 in
1401 2767 1483 2799 Vita
1509 2765 1639 2798 Leonis
1664 2765 1725 2797 hoc

216 2826 288 2850 non
317 2817 424 2852 dixit.
538 2818 575 2860 9)
602 2816 661 2858 Cf.
691 2815 757 2852 SS.
783 2816 868 2859 XV,
897 2817 935 2858 1,
966 2827 1005 2860 p.
1030 2816 1113 2850 411.
1230 2814 1289 2857 10)
1314 2814 1506 2856 Malana»,
1545 2813 1634 2846 Acta
1660 2812 1724 2846 SS.

219 2863 296 2899 ord.
321 2863 359 2899 S.
384 2864 516 2900 Bened.
541 2864 609 2908 IV,
636 2865 677 2907 2,
699 2875 740 2907 p.
758 2864 912 2899 50—55.
1023 2863 1082 2906 11)
1107 2862 1164 2904 Cf.
1191 2861 1430 2903 Wattenbach,
1457 2861 1595 2902 ‘DGQJ
1621 2860 1672 2894 ed.
1692 2861 1724 2893 6.

170 2912 205 2937 ⁴15
219 2911 257 2954 Ι,
285 2912 445 2994 p.1418,·
479 2911 530 2947 ed.
555 2912 590 2948 5.
623 2911 683 2955 II,
716 2923 753 2956 p.
782 2913 862 2954 100,
889 2922 925 2946 n.
952 2912 997 2950 3,·
1034 2910 1076 2945 G.
1104 2909 1252 2953 Schepss
1286 2910 1325 2942 in
1361 2909 1419 2944 (Ν.
1444 2907 1590 2942 Arc-hir'
1617 2907 1724 2949 XIX,
