1968 3164
538 223 807 260 LAMPERTI
832 224 1086 261 ANNALES.
1136 226 1184 263 A.
1213 228 1314 263 1073.
1621 230 1689 265 169

181 361 492 403 quoscumque
515 347 648 389 donis
680 347 754 390 vel
781 348 1016 402 promissis
1049 350 1108 391 ad
1141 351 1348 391 studium
1382 365 1567 392 suarum
1591 366 1688 406 par·
1704 355 1807 390 1073.

180 408 298 450 tium
320 407 506 450 allicere
528 407 696 462 potuit,
731 407 941 449 concitus
964 409 1021 451 de
1044 409 1259 452 Baioaria
1290 411 1524 461 remeavit,
1559 413 1688 452 ratus

181 469 288 510 ante
335 467 491 510 omnia
536 467 859 522 impediendae
912 469 1072 511 tantae
1125 469 1191 511 rei
1241 484 1396 512 curam
1446 471 1686 525 agendam.

180 527 388 582 Cumque
420 541 562 582 prope
586 526 899 569 Wormaciam
930 528 980 569 in
1012 528 1166 571 locum
1199 530 1279 584 qui
1313 530 1485 571 dicitur
1517 530 1688 572 Loven-

150 587 386 642 xsdeburga
412 586 626 638 venisset,
661 587 931 641 gravissima
963 588 1226 643 egritudine
1259 592 1496 645 correptus
1529 591 1688 631 multis
1701 604 1798 636 (Dec.)

180 647 343 690 diebus
391 646 513 689 lecto
562 647 824 689 decubabat
840 647 866 697 1,
916 661 1134 703 spemque
1182 650 1427 690 maximam
1476 650 1688 691 hostibus

180 706 274 749 suis
314 706 491 748 fecerat
530 708 688 748 tantos
728 706 900 748 irarum
942 710 1096 750 motus
1139 709 1237 751 sine
1276 705 1540 764 sanguinisb
1579 710 1689 752 effu-

180 766 308 808 sione
350 779 481 821 posse
524 767 701 808 confici.
766 765 857 808 Sed
899 767 957 809 ab
1004 768 1275 810 infirmitate
1317 769 1505 810 vixdum
1553 769 1689 824 plene

179 827 413 868 recreatus
431 825 743 867 Wormaciam
775 826 1031 868 festinavit.
1080 827 1173 869 Ubi
1202 843 1305 870 cum
1330 843 1498 883 magna
1520 843 1690 884 pompa

135 899 209 927 ma
240 884 417 928 civibus
448 885 498 926 in
530 885 691 927 urbem
724 888 965 940 susceptus
998 889 1079 938 est,
1115 888 1194 942 qui
1227 891 1274 930 et
1307 889 1446 943 paulo
1480 891 1601 939 ante,
1636 891 1690 930 ut

182 959 266 987 sua
306 958 416 999 erga
456 958 561 987 eum
603 945 759 986 studia
792 945 987 988 clariora
1018 947 1240 998 facerent,
1281 948 1453 990 milites
1486 949 1690 1003 episcopi

182 1005 440 1060 ingressum
464 1004 562 1046 eius
596 1005 840 1060 prohibere
871 1007 1158 1061 temptantes
1190 1007 1303 1050 urbe
1337 1008 1610 1062 expulerant
1643 1010 1691 1050 et

181 1065 334 1120 ipsum
377 1064 642 1120 episcopum
658 1065 684 1115 2,
728 1065 818 1106 nisi
850 1067 1030 1108 mature
1062 1066 1177 1121 fuga
1209 1067 1365 1122 lapsus
1398 1067 1587 1110 civitate
1621 1082 1691 1110 ex-

183 1124 411 1173 cessisset,
467 1124 926 1179 comprehendissent
985 1128 1032 1168 et
1083 1126 1290 1168 vinctum
1349 1127 1391 1169 ei
1443 1127 1690 1169 misissent.

136 1198 169 1223 15
183 1183 403 1226 Venienti
435 1196 544 1238 ergo
577 1184 619 1226 ei
652 1185 819 1226 armati
850 1185 1159 1240 instructique
1192 1186 1374 1228 obviam
1416 1188 1688 1242 procedunt⁷

181 1257 276 1285 non
317 1243 376 1284 ad
408 1243 501 1284 vim
542 1243 817 1295 faciendam,
864 1245 944 1286 sed
981 1247 1035 1286 ut
1068 1249 1316 1300 conspecta
1348 1260 1506 1288 eorum
1538 1247 1691 1288 multi—

180 1303 358 1351 tudine,
402 1317 632 1344 armorum
681 1305 919 1358 apparatu,
971 1306 1290 1359 expeditorum
1337 1306 1556 1348 iuvenum
1605 1307 1690 1348 fre-

181 1362 373 1417 quentia
410 1362 799 1405 animadverteret
838 1364 887 1404 in
930 1365 1086 1406 arduis
1127 1365 1264 1407 rebus
1307 1366 1419 1416 suis,
1464 1369 1690 1420 quantum

182 1422 280 1478 spei
318 1421 370 1463 in
411 1422 476 1464 eis
517 1436 686 1477 ponere
729 1423 978 1466 debuisset.
1044 1423 1242 1479 Operam
1285 1439 1415 1466 suam
1457 1426 1684 1480 benigne⁰

135 1496 170 1522 20
182 1482 426 1537 spondent,
458 1482 781 1524 iusiurandum
805 1483 931 1534 dant,
967 1486 1178 1540 sumptus
1211 1485 1269 1526 ad
1293 1485 1468 1527 bellum
1501 1486 1691 1527 admini-

183 1541 423 1583 strandum
456 1555 511 1584 ex
543 1555 627 1584 sua
657 1556 706 1584 re
739 1542 961 1584 familiari
993 1544 1166 1599 singuli
1209 1559 1290 1599 pro
1323 1545 1446 1586 virili
1478 1545 1691 1600 portione

182 1601 387 1644 offerunt
428 1603 487 1653 et,
531 1615 621 1656 quo
663 1599 928 1651 advivantd,
972 1618 1055 1658 pro
1098 1604 1271 1646 honore
1314 1605 1412 1646 eius
1445 1605 1611 1646 devote
1644 1619 1690 1646 se

182 1660 464 1703 militaturos
512 1662 789 1703 confirmant
802 1662 830 1702 3.
895 1662 972 1703 Ita
1017 1677 1097 1705 rex
1145 1664 1333 1706 civitate
1382 1665 1691 1706 munitissima

183 1720 361 1775 potitus
405 1720 525 1762 hanc
568 1721 784 1776 deinceps
826 1721 938 1763 belli
977 1723 1144 1774 sedem,
1189 1724 1309 1764 hanc
1351 1724 1482 1778 regni
1524 1738 1688 1775 arcem,

135 1794 170 1819 25
183 1780 317 1830 hanc,
341 1781 593 1834 utcumque
614 1794 687 1822 res
710 1781 997 1829 cecidissent,
1021 1782 1307 1823 tutissimum
1330 1783 1495 1824 asilum
1519 1783 1689 1826 habere

183 1839 319 1896 cepit,
363 1853 416 1882 eo
458 1840 581 1894 quod
623 1842 743 1882 esset
784 1842 831 1882 et
880 1841 1056 1882 civibus
1097 1842 1315 1896 frequens
1359 1845 1406 1884 et
1454 1857 1690 1884 murorum

183 1899 403 1941 firmitate
464 1899 838 1954 inexpugnabilis
897 1903 944 1942 et
996 1901 1209 1943 ubertate
1263 1902 1687 1944 circumiacentium

181 1958 423 2013 regionum
465 1958 816 2014 opulentissima
857 1961 904 2002 et
944 1961 1158 2002 omnibus
1199 1975 1316 2015 quae
1347 1962 1397 2002 in
1430 1962 1552 2004 bello
1585 1963 1689 2004 usui

183 2031 279 2060 esse
312 2017 464 2060 solent
496 2018 640 2073 copiis
670 2018 1042 2061 instructissima.
1094 2020 1235 2062 Porro
1269 2021 1318 2062 hi
1350 2021 1429 2076 qui
1461 2022 1518 2063 ab
1546 2023 1689 2064 archi—

136 2093 171 2118 ³0
183 2077 398 2132 episcopo
435 2078 709 2133 Mogontino
754 2079 812 2120 ad
855 2079 1136 2134 colloquium
1178 2081 1468 2135 Mogontiam
1510 2082 1689 2124 evocati

183 2136 390 2187 fuerant,
440 2138 613 2189 audito,
660 2139 782 2193 quod
824 2153 903 2181 rex
945 2140 1153 2181 concitus
1199 2141 1489 2190 adventaret,
1534 2141 1689 2196 plures

183 2198 311 2239 metu
357 2197 558 2252 perculsi
605 2211 658 2240 eo
705 2198 861 2240 venire
909 2199 1331 2242 dissimulaverunt.
1399 2201 1560 2251 Pauci,
1611 2202 1689 2255 qui

182 2258 422 2309 venerunt,
467 2271 571 2299 cuin
614 2258 670 2300 de
710 2258 857 2300 tantis
898 2259 1035 2301 rebus
1068 2259 1165 2302 sine
1199 2260 1395 2302 aliorum
1428 2261 1689 2315 principum

183 2316 466 2359 discussione
498 2317 778 2359 sententiam
810 2318 931 2360 ferre
963 2333 1056 2360 non
1083 2320 1320 2369 auderent,
1354 2320 1474 2361 irriti
1500 2322 1689 2361 frustra-

135 2376 310 2430 atique
342 2376 664 2419 discesserunt.
728 2378 803 2418 Ad
825 2392 939 2432 quos
970 2391 1049 2420 rex
1082 2379 1260 2432 legatos
1291 2380 1495 2425 mittens,
1530 2380 1690 2420 multis

183 2435 396 2490 precibus
428 2436 493 2478 eis
524 2436 600 2477 vix
632 2439 679 2479 et
711 2450 847 2492 aegre
880 2438 1085 2488 extorsit,
1120 2441 1173 2479 ut
1206 2439 1294 2480 sibi
1325 2439 1569 2480 familiaris
1603 2439 1689 2480 col—

163 2494 328 2558 'loquii
375 2495 526 2550 gratia
571 2497 621 2537 in
669 2495 986 2552 Oppenheime
1035 2500 1342 2540 occurrerent.
1414 2497 1514 2550 Quo
1564 2499 1686 2545 dum,

183 2622 213 2652 a)
233 2621 439 2654 louendoburg
459 2622 520 2650 ΒΞ.
594 2624 624 2654 b)
644 2624 766 2656 sanguis
791 2624 863 2652 31⁸.
945 2627 971 2655 c)
991 2632 1035 2656 sp.
1056 2625 1122 2652 ben.
1143 2632 1218 2652 corr.
1239 2625 1304 2652 beu.
1325 2633 1367 2657 sp.
1388 2626 1463 2652 151³.
1540 2624 1570 2657 ‹lf
1591 2624 1690 2657 quoad

186 2657 292 2682 vivant
310 2657 335 2682 A
349 2659 373 2684 1.
392 2657 463 2691 B23
488 2662 518 2684 et
536 2659 716 2685 coadiuuaut
735 2660 813 2688 131⁵.
889 2660 916 2693 e)
937 2661 1107 2692 oppenhein
1128 2661 1187 2688 ΒΞ,

137 2761 172 2784 4ο
188 2751 222 2796 1)
254 2752 382 2795 Reyem
411 2763 525 2796 prope
558 2753 793 2788 Wormatiam
830 2756 1058 2799 aliquamdiu
1099 2756 1323 2798 infirmatum
1358 2767 1428 2789 esse
1466 2757 1539 2789 iam
1579 2767 1691 2790 mense

185 2800 358 2843 Augusto,
394 2811 472 2834 cum
506 2811 523 2834 e
547 2800 709 2835 Samon-ia
744 2804 917 2846 emmisset,
955 2803 1138 2838 Bmhold.
1175 2804 1290 2846 (Arm.
1317 2803 1353 2838 S.
1384 2804 1519 2845 Blasii)
1549 2816 1589 2847 J).
1608 2806 1688 2840 276.

185 2847 283 2889 falso
309 2848 440 2891 procul
469 2848 577 2882 dubio
610 2849 716 2885 dioeit.
838 2851 875 2893 2)
899 2851 1145 2885 Adalbertmn.
1265 2854 1302 2890 3)
1330 2852 1384 2893 Cf.
1411 2852 1570 2896 diploma
1594 2854 1692 2895 reyis

184 2895 310 2928 datum
333 2895 648 2930 Wormariensibus
671 2907 706 2932 a.
726 2898 830 2941 1074,
858 2898 937 2933 Ian.
960 2899 1002 2933 18
1029 2897 1096 2942 (St.
1116 2899 1239 2940 2770).
1291 2899 1401 2940 Infra
1423 2911 1461 2942 p.
1483 2901 1550 2935 185
1568 2910 1641 2943 sqq.
