2014 3184
376 176 505 212 VITA
530 175 689 212 LULLI
714 175 958 213 ARCHIEP.
983 175 1132 214 AUOT.
1159 176 1453 214 LAMPERTO.
1601 180 1670 215 331

162 313 246 355 pro
276 299 520 342 maiestate
557 301 654 340 tam
696 299 892 354 insignis
934 312 1155 354 personae
1197 314 1291 341 11011
1332 300 1443 342 satis
1476 301 1671 343 honesto

162 358 264 402 loco
303 358 520 414 reposita.
583 357 757 400 Tamen
797 360 989 413 propter
1029 358 1304 400 miraculum
1338 362 1384 402 et
1417 360 1671 402 novitatem

162 418 416 474 signorum,
457 417 625 472 quibus
658 417 799 460 etiam
832 417 955 460 circa
996 418 1148 460 aridos
1188 418 1363 461 cineres
1397 420 1671 462 confessoris

162 477 234 519 8111
264 477 369 519 viva
400 477 490 519 Dei
522 476 675 532 gratia
706 476 967 527 efflorebat,
1012 477 1272 531 quottidiea
1309 492 1478 533 magno
1511 479 1672 534 populi

131 549 390 579 seoncursu
419 536 854 591 frequentabantur.
913 536 1302 592 Archiepiscopus
1333 538 1479 592 igitur
1511 539 1570 580 ad
1603 552 1672 580 ex-

162 596 425 651 equendum
466 595 707 650 negotium
747 591 823 638 seb
862 596 989 638 haud
1030 596 1140 637 satis
1178 596 1375 652 impigre
1408 597 1670 639 movebatss.

162 655 422 698 Verebatur
468 655 666 697 forsitan
713 654 919 698 levitatis
967 655 1118 710 argui,
1168 652 1235 697 sid
1281 657 1341 698 ad
1387 657 1673 712 implendam

162 728 260 758 rem
279 716 379 757 tam
407 714 620 757 eximiam
653 716 758 770 post
779 715 975 770 primam
1009 715 1168 756 statim
1199 716 1450 758 iussionem
1482 730 1673 772 preceps

164 774 326 816 abiret.
379 774 551 816 Verum
594 774 705 816 dum
746 775 1010 816 cunctando
1051 788 1104 816 ac
1147 775 1448 817 deliberando
1489 778 1673 831 tempus

117 853 151 878 10
162 835 355 884 tereret,
404 833 616 888 angelica
655 833 766 875 voce
815 834 1044 875 secundoe
1093 847 1145 875 ac
1191 835 1338 876 tercio
1380 835 1578 877 similem
1624 836 1674 876 111

164 893 350 935 111οᾶ11111
374 895 445 935 est
477 893 783 935 commonitus
801 892 827 942 1,
860 894 915 934 ut
947 893 1247 948 precipitaret
1278 908 1428 936 moras
1459 909 1545 937 nec
1579 909 1673 937 cae-

163 952 359 995 lestibus
400 953 632 994 mandatis
670 966 801 994 suam
834 953 1015 994 diucius
1048 967 1234 1008 operam
1268 954 1533 1008 denegaret.
1597 955 1674 995 Ita

164 1012 383 1067 deinceps
415 1011 535 1053 nihil
567 1011 897 1067 ambigendum
922 1014 1065 1063 ratus,
1100 1015 1153 1054 ut
1183 1012 1311 1055 facto
1343 1014 1489 1055 maior
1521 1016 1673 1056 aucto-

163 1072 278 1113 ritas
316 1071 499 1122 inesset,
544 1070 775 1122 Carolum,
818 1085 959 1126 penes
991 1086 1128 1126 quem
1161 1086 1214 1114 60
1245 1074 1454 1127 tempore
1496 1074 1567 1114 ius
1609 1087 1673 1115 re-

119 1151 151 1175 15
165 1131 292 1186 gium
325 1133 438 1182 erat,
480 1144 618 1186 super
658 1131 746 1173 hoc
789 1127 1070 1173 consuluitf.
1136 1131 1253 1174 Cum
1293 1132 1374 1174 ille
1416 1132 1566 1174 libens
1600 1146 1674 1174 an-

164 1190 360 1241 nuisset,
410 1190 633 1232 adhibitis
675 1190 800 1232 sibig
842 1192 940 1232 tam
983 1190 1209 1233 clericalis
1251 1205 1390 1246 quam
1430 1192 1674 1234 monastici

165 1249 339 1292 ordinis
366 1249 476 1291 viris
507 1249 768 1292 illustribus
783 1250 810 1300 2,
844 1250 998 1292 locum
1031 1251 1161 1292 adiit.
1216 1251 1356 1293 Sacra
1384 1265 1486 1293 ossa
1508 1252 1673 1294 exinde

165 1308 351 1351 sublata
383 1323 488 1351 cum
529 1323 699 1364 magna
740 1309 1072 1352 aecclesiastici
1110 1312 1359 1365 apparatus
1401 1311 1672 1358 ambicione,

165 1369 286 1410 sicut
315 1368 467 1410 iussus
498 1368 667 1419 fuerat,
700 1368 744 1410 in
780 1370 1113 1412 monasterium
1134 1369 1452 1412 Herveldense
1474 1372 1674 1412 transtu-

117 1427 266 1469 2011113.
330 1426 543 1480 Quantus
585 1428 745 1479 honor,
789 1424 1056 1483 profectush
1099 1431 1147 1471 et
1187 1430 1448 1472 reverentia
1490 1444 1544 1472 ex
1586 1430 1673 1472 hoc

165 1487 272 1530 loco·
299 1487 373 1529 illi
404 1488 676 1538 accreverit,
720 1488 899 1530 cunctis
931 1488 999 1530 ibi
1031 1488 1308 1543 degentibus
1342 1489 1571 1544 hodieque
1605 1492 1674 1531 est

164 1547 215 1588 in
245 1546 506 1602 propatulo.

313 1609 382 1648 18.
442 1606 552 1648 Post
598 1606 714 1648 haec
757 1606 921 1648 beatus
962 1607 1140 1657 Lullus‚
1190 1621 1295 1649 cum
1343 1609 1674 1650 monasterium

165 1660 308 1707 illudi
351 1665 515 1720 opibus
548 1665 728 1706 affatim
768 1667 1044 1716 exornasset,
1090 1666 1283 1708 edificiis
1322 1667 1568 1722 insigniter
1607 1681 1676 1709 ex-

119 1741 153 1767 25
168 1724 398 1775 coluisset,
440 1726 659 1766 cunctum
693 1724 855 1766 domus
888 1724 1077 1766 Domini
1117 1726 1329 1768 decorem
1371 1727 1430 1768 ad
1472 1740 1675 1781 unguem

167 1783 462 1833 elaborasset,
506 1783 856 1825 multitudinem
898 1798 1079 1838 quoque
1117 1785 1318 1826 fratrum
1349 1786 1675 1840 temperatissi-

166 1839 283 1885 misk
307 1843 539 1884 institutis
570 1843 876 1893 instruxisset,
910 1843 1096 1885 induxit
1127 1844 1201 1884 111(3
1231 1845 1432 1885 animum
1463 1845 1676 1886 utilitati-

168 1903 254 1945 bus
294 1916 447 1945 rerum
486 1902 628 1944 etiam
668 1902 718 1943 in
750 1904 985 1957 posterum
1020 1903 1272 1946 consulere.
1337 1903 1573 1959 Siquidem
1607 1918 1676 1946 ex—

168 1962 426 2018 perimento
477 1961 704 2004 didicerat
754 1961 911 2004 divina
950 1962 1074 2004 inter
1115 1963 1324 2005 homines
1368 1978 1530 2018 parum
1571 1965 1678 2005 tuta

122 2041 156 2065 30
169 2035 279 2070 esse,
313 2021 543 2063 seculares
575 2017 739 2063 alienil
781 2035 962 2076 semper
993 2024 1278 2077 appetentes,
1315 2023 1424 2064 dum
1457 2023 1545 2065 sibi
1578 2037 1677 2065 cen-

169 2094 269 2122 sum
302 2082 517 2136 augeant,
556 2080 676 2122 nihil
708 2081 839 2136 pensi
871 2081 1055 2131 habere,
1089 2095 1227 2136 quam
1260 2082 1490 2124 minim0¹¹¹
1524 2083 1678 2124 discri-

171 2140 292 2182 mine
325 2139 482 2181 divina
514 2141 586 2182 ete
626 2140 830 2181 humana
861 2141 1215 2195 permisceantn.

168 2269 198 2299 a)
217 2269 312 2298 quott.
330 2260 397 2299 (iltn
404 2270 474 2299 post
487 2275 564 2294 corr.
577 2270 658 2299 cott.‚
679 2270 705 2292 et
719 2275 808 2292 manu
820 2275 842 2295 ε,
858 2268 921 2295 XV.
935 2275 1077 2300 super-scr.
1092 2267 1241 2301 quotidie)
1261 2269 1318 2295 effi.
1339 2276 1415 2296 corr.
1429 2269 1520 2300 81¹anin
1536 2276 1679 2300 supet-scr.

169 2303 228 2330 effi.
243 2306 348 2335 quom,
362 2303 412 2328 eod
423 2303 509 2334 siyna
522 2310 610 2328 erasa
622 2305 648 2328 et
660 2310 750 2328 manu
763 2310 786 2330 s.
800 2303 864 2331 XV.
877 2305 1036 2335 superista,-
1056 2304 1115 2332 effl.
1130 2307 1201 2331 cott.
1217 2306 1257 2329 111·
1267 2303 1292 2331 b.
1306 2306 1348 2329 2³·
1359 2304 1384 2331 b,
1441 2306 1469 2335 b)
1488 2312 1630 2336 super-ser.
1646 2306 1656 2329 1
1670 2312 1676 2337 ;

122 2337 157 2364 35
170 2346 202 2364 se
222 2339 295 2364 haut
314 2339 387 2364 satis
406 2346 438 2364 se
457 2339 542 2371 (del.)
561 2340 602 2366 2⁵.
675 2341 702 2369 e)
721 2339 900 2364 mouebatur
920 2342 960 2367 2⁸.
1035 2338 1066 2371 d)
1085 2338 1139 2366 sed
1160 2342 1200 2367 2⁸.
1266 2341 1294 2371 e)
1314 2348 1367 2367 om.
1382 2339 1425 2367 2¹1.
1500 2341 1523 2371 f)
1543 2340 1679 2366 consulut

169 2381 246 2402 corr.
265 2373 417 2400 consuluit
436 2375 461 2402 1.
534 2375 565 2407 g)
583 2381 726 2406 superse-r.
742 2375 772 2407 1;
794 2383 847 2403 om,
868 2376 910 2402 2⁸.
978 2375 1008 2407 h)
1028 2379 1190 2407 prouectus
1210 2376 1250 2401 2⁸.
1329 2376 1350 2407 i)
1371 2383 1425 2403 om.
1442 2376 1480 2402 1⁵.
1556 2376 1585 2405 k)
1606 2380 1679 2401 tem-

170 2410 328 2442 perantiss.
346 2410 390 2438 2⁸.
472 2410 493 2441 1)
512 2410 604 2436 alieni
623 2417 698 2437 corr.
718 2410 819 2436 aliena
839 2411 864 2442 1,
886 2413 912 2435 et
931 2411 973 2435 ita
995 2409 1078 2443 1⁸·b;
1106 2411 1198 2436 alieni
1218 2409 1295 2438 zwb.
1371 2410 1411 2442 m)
1431 2411 1600 2436 mininnodis
1621 2412 1678 2436 eri-

170 2446 251 2472 mine
268 2445 376 2478 scripto
396 2447 438 2477 1⁸,
463 2446 560 2471 scriba
573 2448 642 2478 post
661 2446 738 2476 falso
757 2453 833 2474 corr.
852 2447 967 2478 magnis
988 2447 1082 2472 modis
1102 2450 1133 2472 et
1154 2455 1212 2478 quo
1233 2447 1315 2473 crim.
1399 2449 1429 2478 n)
1448 2447 1494 2471 Ιιιϊ
1513 2447 1616 2471 desinit
1636 2446 1678 2474 Ξῖ).

174 2551 210 2595 1)
236 2552 345 2585 Nihil
367 2552 409 2586 de
434 2552 493 2586 his
515 2552 844 2586 commonitionibus
875 2554 912 2586 in
939 2553 1039 2595 Lupa·
1063 2553 1145 2586 Vita
1172 2553 1344 2595 Waeybertc·
1368 2553 1506 2596 legitur.
1559 2553 1678 2594 Quare

125 2604 160 2629 40
172 2600 325 2633 conicere
343 2601 464 2642 possis
480 2599 715 2642 Lampertum
733 2600 854 2642 leylsse
873 2601 990 2633 Vitam
1012 2601 1183 2643 lvViyberti
1199 2602 1391 2641 metricam,
1418 2611 1507 2644 quae
1528 2602 1679 2643 periisse

174 2646 322 2688 videtur,
349 2646 391 2679 de
413 2657 484 2690 qua
509 2647 554 2688 cf.
578 2646 815 2689 Wattenbach,
844 2647 901 2683 ‘D.
923 2647 1011 2689 GQ.’
1036 2648 1087 2682 ed.
1107 2649 1140 2683 6.
1167 2648 1198 2688 I,
1220 2659 1259 2690 p.
1277 2649 1359 2682 241.
1459 2647 1496 2691 ⁸2)
1523 2648 1678 2681 Albm'no

172 2694 330 2737 episcopo
355 2697 387 2727 et
410 2693 527 2727 tribus
551 2694 735 2727 monachis
759 2694 1085 2736 Hersfeldensszua
1111 2705 1198 2737 quos
1223 2695 1350 2737 Lupus
1375 2705 1401 2730 c.
1420 2696 1476 2730 24.
1504 2697 1676 2730 nominat.

173 2741 209 2783 3)
233 2740 352 2774 Errat
369 2744 504 2782 auctor,
530 2750 609 2773 oum
626 2741 720 2774 hanc
735 2742 1006 2776 translationem
1024 2746 1106 2775 ante
1122 2752 1180 2775 <res
1206 2753 1242 2777 a.
1262 2743 1342 2778 775.
1371 2743 1475 2784 infra
1502 2747 1678 2776 narratas

173 2792 288 2821 adam
318 2798 388 2822 esse
406 2788 602 2831 putaverit,
636 2798 714 2822 cum
746 2789 937 2822 secundum
964 2789 1107 2831 Lupum
1142 2799 1169 2824 c.
1195 2790 1253 2824 24.
1289 2790 1424 2833 aliquot
1459 2792 1568 2824 annis
1596 2795 1679 2834 post

125 2848 160 2872 45
173 2847 207 2870 a.
227 2837 307 2877 774,
333 2845 401 2879 quo
427 2835 587 2868 Samones
611 2834 810 2879 Buraburq
836 2840 1105 2880 oppuynarunt,
1132 2837 1230 2877 facta
1257 2838 1313 2871 sit.
