2014 3184
599 257 762 294 INDEX
788 254 1138 294 LOCUTIONUM.

170 380 209 416 in
245 391 311 416 sua
346 379 540 415 viscera
571 377 695 414 hostili
727 376 851 424 gladio

123 427 368 465 debachantes
409 425 570 462 externis
610 424 716 461 bellis
757 451 766 460 .
800 450 808 460 .
842 453 850 461 .

120 474 358 522 supersedere
387 473 614 528 cogebantur
638 474 718 517 163,
733 483 778 509 30.
806 491 850 498 -

120 533 168 559 ne
204 551 215 560 .
241 550 250 560 .
277 549 286 559 .
323 532 427 558 arma
459 521 498 556 in
531 519 681 567 propria
711 519 851 555 viscera

119 571 378 616 retorquerent
413 571 548 614 229,1.
588 587 631 594 -
670 566 759 602 dum
796 567 851 601 ιιι-

119 617 264 654 testinis
296 617 335 652 in
360 627 398 652 se
423 618 533 661 atque
558 615 597 650 in
622 626 687 650 sua
710 614 852 651 viscera

56 688 58 690 v
121 665 214 702 odiis
238 665 421 701 saevirent
444 665 528 708 284,
542 674 588 700 25.

169 713 283 749 semel
337 713 536 757 conceptae
590 709 852 766 indignationis

119 761 220 796 virus
267 760 320 796 ita
359 760 507 806 penitus
546 758 630 794 imis
677 757 851 794 insedisse

121 807 403 844 visceribus
427 809 510 862 236,
518 818 546 844 5.
566 827 608 832 -
626 805 851 861 inveteratus

120 856 271 892 morbus
295 857 406 900 atque
430 854 514 890 imis
530 853 677 900 penitus
698 853 772 888 iam
796 853 852 888 ιιι-

122 903 243 940 sidens
266 902 466 939 visceribus
493 904 578 947 279,
590 913 636 938 20.

171 951 254 997 alio,
289 962 362 996 quo
395 950 500 996 regni
528 949 683 996 negocia
706 959 853 984 voca-

122 1000 256 1043 bant,
281 997 373 1034 abiit
398 1000 479 1042 106,
491 1009 537 1035 20.
566 1017 608 1022 —
635 1008 706 1034 se.
753 1007 852 1040 ‚quo

122 1046 302 1082 Dominus
333 1049 484 1082 vocaret
519 1056 674 1091 pergere
716 1025 803 1089 313,
824 1055 852 1080 5.

125 1115 167 1120 —
206 1093 376 1140 precipiti
418 1093 523 1140 fuga,
561 1103 634 1138 quo
671 1102 853 1137 quemque

123 1153 206 1188 spes
236 1141 417 1178 evadendi
440 1140 607 1186 vocabat,
641 1139 854 1175 dilabuntur

124 1192 183 1233 98,
197 1200 243 1227 10.

172 1237 258 1273 Una
274 1236 439 1272 omnium
455 1236 705 1280 voluntas,
724 1234 853 1270 eadem

125 1286 205 1321 erat
228 1284 410 1320 sententia
436 1285 516 1328 148,
530 1294 575 1320 25.
603 1303 646 1308 —
673 1293 747 1318 una
777 1293 854 1317 om-

123 1333 227 1368 nium
244 1332 432 1377 voluntas,
467 1342 541 1366 una
569 1330 751 1366 sententia
775 1331 855 1364 erat

123 1382 208 1424 298,
221 1391 268 1417 3ο.

172 1438 247 1462 ιιιιο
269 1426 403 1471 animo,
427 1426 508 1472 pari
532 1426 792 1461 voluntate
817 1424 855 1458 ιιι

125 1475 343 1511 electionem
373 1475 636 1509 consenserunt
665 1475 723 1517 70,
737 1483 783 1508 20.
810 1492 854 1497 -—

124 1526 166 1558 ut
195 1522 314 1558 omnis
337 1521 496 1568 dignitas
522 1550 530 1558 .
555 1547 564 1556 .
588 1547 596 1556 .
622 1531 696 1555 uno
721 1520 855 1564 animo,

125 1571 206 1616 pari
229 1570 420 1605 voluntate
451 1568 498 1604 ad
523 1579 625 1604 arma
650 1567 855 1604 conclama·

124 1622 182 1654 ret
213 1619 294 1662 149,
307 1628 353 1654 30.

177 1664 328 1700 tandem
362 1663 557 1708 aliquando
582 1663 682 1698 voti
707 1674 856 1717 compos

129 1712 281 1748 effectus
308 1713 388 1752 143
402 1723 448 1748 20.
476 1731 519 1736 —-
546 1721 754 1746 consessum
779 1710 858 1746 voti

130 1771 280 1806 compos
313 1758 494 1805 percipies
526 1760 609 1803 249,
622 1769 668 1795 25.
700 1779 743 1784 —-
779 1769 858 1793 cor-

127 1808 227 1854 poris
264 1818 371 1842 usum
410 1806 488 1841 voti
529 1817 679 1852 compos
718 1805 860 1851 recepit

130 1857 212 1900 338,
225 1866 272 1892 4ο.

177 1914 224 1938 ne
258 1902 297 1936 in
330 1902 475 1936 tantum
499 1900 619 1935 virum
643 1901 744 1935 voti
775 1911 859 1935 reus

128 1950 234 1986 fieret
260 1951 341 1994 320,
356 1960 400 1985 10.

180 1998 209 2032 si
245 1996 377 2032 votis
417 1995 516 2031 Deus
553 2006 759 2031 successum
797 2006 859 2030 an-

128 2045 267 2080 nuisset
305 2046 386 2088 121,
400 2054 445 2080 25.
482 2063 524 2068 ——
563 2043 593 2078 si
629 2043 729 2078 Deus
765 2042 860 2078 votis

132 2094 270 2127 annuat
294 2093 435 2135 302,15.

179 2150 273 2184 quae
308 2138 353 2174 de
385 2137 588 2183 irruptione
619 2137 859 2172 barbarorum

130 2186 231 2222 fama
250 2186 541 2232 vulgaverat
561 2187 640 2230 197,
648 2196 692 2221 ιο.
712 2205 755 2210 -
774 2184 861 2230 quia

131 2234 230 2269 fama
264 2234 477 2280 vulgaverat
510 2235 592 2277 287,
607 2244 653 2269 20.
681 2253 723 2258 —
754 2231 860 2266 Post-

131 2293 243 2326 quam
268 2281 435 2316 auditum
460 2283 515 2315 est
543 2291 611 2325 per
634 2279 860 2324 provinciam

131 2333 169 2364 et
193 2329 328 2364 celebri
348 2339 498 2363 rumore
514 2327 705 2373 vulgatum
724 2329 803 2371 190,
815 2338 860 2363 30.

134 2397 176 2402 -
213 2375 322 2422 Quod
355 2375 419 2411 ubi
454 2404 462 2412 .
490 2401 498 2410 .
525 2386 634 2420 p.er
660 2374 860 2409 exercitum

133 2424 231 2470 regis
279 2423 432 2459 celebris
472 2433 599 2458 rumor
647 2422 862 2467 vulgaverat

132 2473 214 2516 238,
230 2482 273 2507 ιο.
310 2491 352 2496 -
387 2470 539 2516 vulgato
576 2480 643 2514 per
677 2468 861 2503 civitatem

132 2529 280 2553 rumore
304 2520 388 2563 252,
401 2528 446 2553 25.

181 2612 330 2657 paribus
347 2611 438 2646 odiis
463 2611 502 2645 in
523 2613 652 2644 mutua
677 2621 699 2643 v
707 2609 750 2643 ul
758 2620 782 2643 n
791 2619 810 2643 e
817 2620 836 2642 r
843 2619 863 2642 a

133 2661 246 2694 ruunt
271 2661 328 2700 71,
343 2671 369 2695 ι.

1556 255 1628 291 489

948 376 1080 412 lustin.
1112 375 1191 418 III,
1217 376 1257 419 2,
1287 376 1318 410 1.
1357 372 1513 409 Graecia
1548 401 1556 409 .
1584 399 1592 407 .
1620 401 1627 408 .

901 424 947 459 ab
982 422 1142 458 externis
1187 421 1292 458 bellis
1333 421 1436 457 velut
1478 421 1517 455 in
1560 420 1629 455 vi-

901 481 1037 506 scera
1069 481 1134 505 sua
1159 480 1261 504 arma
1286 469 1485 512 convertit,
1515 468 1627 512 XIII,

901 521 934 564 6,
961 520 994 555 7.
1028 517 1067 552 ιιι
1101 528 1166 552 sua
1190 517 1332 552 viscera
1364 518 1528 551 armatur
1558 515 1629 550 fer-

899 576 1056 620 rumque
1081 565 1127 600 ab
1152 564 1276 599 hostili
1301 564 1399 599 bello
1425 564 1463 598 ιιι
1486 562 1629 598 civilem

900 613 1116 659 sanguinem
1140 613 1262 649 vertit.

950 947 1081 983 lustin.
1107 947 1149 980 Χ
1153 946 1252 980 VIII
1254 971 1264 990 ‚
1292 947 1332 988 6,
1358 947 1393 982 5.
1426 944 1562 979 ituram
1594 955 1632 978 se

902 1005 975 1040 quo
1013 1005 1100 1029 suae
1139 993 1237 1029 urbis
1271 992 1346 1027 fata
1383 995 1630 1027 vocarent.

905 1062 947 1068 —
979 1043 1021 1078 V.
1051 1042 1165 1076 Mart.
1198 1043 1231 1077 6.
1270 1051 1308 1076 se
1346 1051 1419 1084 quo
1452 1039 1632 1074 Dominus

902 1092 1051 1125 vocaret
1075 1088 1278 1125 intendere.
1305 1108 1347 1113 —-
1375 1088 1464 1123 Hor.
1482 1087 1554 1131 Ep.
1578 1087 1630 1130 ΙΙ,

902 1139 937 1181 2,
955 1140 1013 1174 37.
1039 1136 1060 1172 Ι
1078 1164 1087 1174 .
1107 1165 1114 1173 .
1134 1165 1142 1173 .
1161 1147 1234 1181 quo
1251 1135 1367 1170 virtus
1384 1137 1448 1170 tua
1464 1136 1502 1170 te
1515 1137 1632 1169 vocat.

957 1233 998 1268 V.
1025 1232 1138 1268 Mart.
1166 1234 1198 1268 9.
1236 1230 1321 1266 Una
1353 1229 1516 1264 omnium
1551 1239 1606 1263 vo
1619 1248 1632 1254 -

904 1281 917 1314 l
928 1292 952 1314 u
963 1291 988 1314 n
999 1282 1014 1314 t
1024 1291 1045 1314 a
1055 1291 1071 1314 s
1082 1306 1091 1324 ,
1135 1278 1264 1314 eadem
1304 1281 1391 1313 vota
1433 1277 1633 1320 eademque

905 1327 1095 1363 sententia.

953 1661 1031 1696 Ia’v.
1057 1659 1201 1703 XXIX,
1225 1659 1283 1694 36.
1310 1667 1531 1702 composque
1558 1656 1635 1690 eius

906 1708 1009 1743 voti
1047 1706 1128 1743 fuit.
1165 1726 1207 1731 —
1251 1706 1349 1741 Ovid.
1384 1706 1459 1738 Ars
1492 1716 1562 1739 am.
1603 1704 1632 1747 J,

906 1757 988 1792 486.
1014 1754 1091 1790 voti
1116 1753 1310 1799 postmodo
1337 1763 1487 1797 compos
1513 1751 1593 1786 eris.

956 1899 1065 1934 Num,
1086 1899 1144 1940 30,
1163 1898 1196 1932 4.
1214 1898 1248 1932 8.
1275 1906 1329 1929 νο
1342 1894 1378 1929 ti
1403 1905 1466 1929 rea
1491 1893 1571 1928 erit.
1592 1914 1633 1918 —

914 1947 1018 1989 Very.
1036 1946 1123 1980 Aen.
1156 1945 1195 1987 V,
1222 1945 1304 1979 237.
1329 1945 1476 1976 taurum
1502 1940 1635 1975 consti-

908 1996 1010 2028 tuam
1036 1994 1119 2026 ante
1146 2002 1225 2025 aras
1251 1990 1327 2025 voti
1353 2000 1447 2026 reuS.

957 2136 1057 2180 Sulp.
1085 2135 1157 2169 Sev.
1184 2134 1283 2168 Dial.
1310 2133 1340 2176 I,
1367 2134 1422 2168 17.
1449 2131 1545 2166 unde
1573 2158 1608 2166 ..
1628 2159 1635 2166 .

909 2183 1007 2218 fama
1023 2181 1322 2228 vulgaverat
1341 2180 1475 2214 -ΙᾸυ,
1493 2179 1563 2221 IX,
1579 2181 1635 2214 20.

909 2233 1104 2276 postquam
1148 2258 1154 2265 .
1189 2257 1196 2266 .
1230 2254 1238 2263 .
1282 2227 1379 2262 fama
1414 2237 1482 2271 per
1523 2225 1637 2260 socios

908 2277 1084 2323 vulgavit.
1113 2297 1155 2302 --
1186 2278 1303 2310 Amm.
1329 2275 1444 2309 Marc..
1470 2274 1576 2314 XIV,
1601 2275 1637 2315 2,

908 2328 967 2362 20.
994 2325 1084 2359 haec
1109 2323 1172 2358 ubi
1198 2323 1306 2357 latius
1324 2321 1421 2355 fama
1438 2321 1637 2365 vulgasset3

910 2372 1055 2414 XXVI,
1075 2374 1109 2413 3,
1126 2373 1160 2406 4.
1187 2373 1228 2404 ut
1254 2368 1416 2404 crebrior
1442 2367 1538 2401 fama
1560 2367 1638 2400 vul-

910 2421 1026 2464 garat.
1054 2437 1095 2444 -—-
1124 2418 1200 2453 Ln.
1228 2417 1296 2459 IX,
1320 2418 1353 2451 2.
1381 2425 1506 2449 rumor
1531 2416 1639 2448 antea

911 2466 957 2500 de
982 2465 1162 2499 industria
1187 2464 1367 2509 vulgatus.
1396 2482 1438 2487 -
1468 2462 1553 2496 Gen.
1579 2463 1638 2504 45,

914 2515 968 2550 16.
995 2511 1176 2546 Auditum
1195 2514 1250 2546 est
1267 2514 1302 2545 et
1320 2508 1454 2544 celebri
1472 2519 1638 2543 sermone

911 2560 1112 2605 vulgatum.

960 2608 1037 2642 Lm.
1055 2606 1170 2640 XXV
1173 2606 1200 2646 I,
1218 2607 1276 2640 44.
1303 2604 1339 2637 in
1365 2603 1571 2638 vulnera
1597 2612 1639 2635 ac

912 2654 986 2688 tela
1003 2655 1131 2695 ruunt,
1157 2652 1342 2693 XXVIII,
1359 2653 1418 2686 22.
1442 2660 1524 2683 cum
1543 2648 1639 2682 caeci

887 2707 888 2728 ἰ
913 2701 1035 2735 furore
1069 2700 1107 2734 in
1132 2700 1284 2733 vulnera
1319 2709 1360 2731 ac
1394 2696 1530 2731 ferrum
1559 2724 1566 2731 .
1594 2721 1602 2729 .
1631 2723 1638 2730 .

887 2763 889 2793 ς
912 2754 1072 2783 ruerent.

886 2794 1048 2833 {cadunt
1082 2793 1192 2828 subiti
1226 2803 1292 2837 per
1325 2794 1452 2825 mutua
1489 2790 1641 2824 vulnera

886 2843 888 2867 ²
912 2842 1053 2877 fratres,

1110 2767 1151 2772 —
1191 2747 1289 2781 (naid.
1325 2745 1406 2779 illel.
1444 2744 1523 2784 III,
1561 2745 1638 2778 123.
