2014 3184
526 183 798 220 LAMPERTI
822 185 1077 223 ANNALES.
1128 186 1175 223 A.
1205 189 1308 224 1076.
1611 191 1682 226 265

166 305 217 348 in
269 306 481 348 custodia
532 307 827 358 tenebantur,
887 322 1070 351 omnem
1124 310 1336 353 adhiberi
1389 311 1680 367 diligentiam
1697 319 1799 355 1076.

166 365 372 417 iubebat,
406 379 464 408 ne
497 366 807 410 elaberentur.
856 367 1062 423 Ideoque
1095 369 1249 424 sepius
1281 370 1368 421 his,
1403 371 1571 425 quibus
1604 386 1680 414 eos

167 425 414 468 servandos
457 427 729 478 crediderat,
774 428 1039 479 mandabat,
1083 431 1137 470 ut
1179 443 1403 472 memores
1441 431 1681 474 beneficio-

165 498 270 527 rum
301 498 501 537 suorum,
536 500 760 529 memores
792 487 1105 539 iurisiurandi,
1141 502 1230 543 quo
1264 489 1352 532 sibi
1385 490 1522 532 fidem
1551 505 1678 533 suam

136 545 438 596 affirmassent,
472 546 671 588 traditos
693 547 932 589 custodiae
955 561 1064 590 suae
1090 548 1369 591 intemerata
1395 550 1498 601 fide,
1534 551 1679 593 (101100

165 607 529 660 reposcerentur,
564 609 800 649 servarent
822 621 907 650 1100
930 607 1128 650 aliorum
1151 608 1414 664 principum
1441 610 1679 653 fedissimo

166 667 572 720 corrumperentur
613 666 836 722 exemplo,
881 668 959 722 qui
993 668 1191 710 dimissis
1230 682 1312 710 8110
1344 669 1523 711 1111118811
1557 671 1679 712 dedi-

165 723 301 776 ticiis,
346 725 455 766 dum
498 726 702 781 privatas
744 740 850 768 suas
892 727 1086 768 iniurias
1127 728 1176 769 in
1208 742 1364 783 regem
1396 729 1559 771 ulcisci
1591 731 1679 772 vel-

165 783 278 835 lent,
322 784 501 827 cladem
542 786 789 827 maximam
832 788 879 829 et
921 787 1150 829 maculam
1193 788 1353 829 multis
1386 789 1552 831 seculis
1586 805 1678 832 non

118 859 152 884 10
165 843 442 886 abolendam
473 845 540 887 rei
572 846 786 900 publicae
818 846 1102 889 intulissent.

309 903 370 945 Et
403 905 618 947 omnibus
650 906 836 960 quidem
878 906 1101 958 infensus,
1146 908 1365 957 omnium,
1410 910 1463 950 ut
1495 909 1676 951 videba-

165 964 255 1014 tur,
299 964 538 1018 sanguinis
586 965 747 1007 avidus
796 968 895 1008 erat
911 966 937 1006 ¹.
1002 966 1226 1022 Precipue
1268 969 1426 1010 tamen
1474 969 1678 1024 episcopi

165 1021 621 1076 Halberstadensisa,
657 1039 793 1079 quem
825 1028 1063 1080 tamquam
1085 1027 1235 1068 tocius
1259 1027 1511 1070 Saxonicae
1536 1029 1677 1071 rebel-

164 1081 302 1124 lionis
335 1083 589 1138 principem
625 1086 671 1126 et
694 1085 901 1127 omnium
934 1100 1050 1140 quae
1084 1100 1214 1129 secus
1248 1087 1514 1129 acciderant
1546 1088 1676 1130 fomi-

117 1157 150 1182 15
164 1143 259 1183 tem
287 1138 454 1197 atqueb
481 1143 768 1186 incentivum
784 1145 800 1170 ‘²
826 1145 1102 1187 inexorabili
1125 1146 1231 1188 odio
1254 1147 1594 1199 insectabatur;
1630 1151 1676 1191 et

163 1201 253 1243 nisi
294 1203 574 1256 pontificalis
616 1204 815 1246 nominis
857 1206 1116 1248 reverentia
1158 1208 1204 1248 et
1247 1207 1361 1249 fides
1398 1207 1672 1262 principum,

163 1262 371 1315 quaein
412 1263 649 1306 deditione
691 1264 1062 1316 intercesseratss,
1107 1266 1359 1317 obstarent,
1398 1267 1543 1308 vitam
1577 1268 1675 1310 eius

162 1334 245 1375 per
284 1335 442 1364 omnes
485 1323 717 1365 cruciatus
760 1325 1026 1367 extorsisset
1041 1325 1068 1366 3.
1132 1325 1272 1367 Hunc
1315 1324 1553 1382 Rl‘iperto‘l
1591 1327 1674 1369 Ba-

163 1380 469 1436 benbergensi
501 1383 716 1438 episcopo
750 1384 1026 1426 servandum
1050 1385 1323 1434 crediderat,
1357 1386 1487 1428 velut
1520 1389 1675 1441 preter

113 1455 150 1480 20
163 1442 368 1483 caeteros
409 1441 662 1485 familiares
705 1457 810 1485 suos
851 1444 1044 1486 immitis
1081 1459 1134 1486 ac
1167 1445 1334 1487 ferocis
1367 1446 1544 1500 ingenii
1575 1447 1673 1488 viro

162 1501 210 1542 et
241 1514 351 1556 erga
383 1514 430 1544 se
462 1501 537 1542 111υ
577 1503 780 1545 adversis
812 1504 950 1546 rebus
984 1506 1220 1559 spectatae
1255 1519 1361 1560 sepe
1395 1506 1516 1548 fidei.
1583 1506 1673 1548 Sed

162 1561 419 1614 postquam,
453 1561 691 1604 inclinatis
724 1563 783 1604 ad
817 1564 1127 1606 defectionem
1161 1565 1461 1619 principibus,
1501 1566 1672 1608 iterum

161 1619 291 1661 novis
322 1633 419 1662 rem
452 1621 687 1675 publicam
720 1623 1078 1677 tempestatibus
1120 1624 1251 1677 quati
1283 1625 1475 1679 aspexit,
1519 1639 1671 1679 quam—

161 1677 229 1720 vis
262 1679 467 1721 custodis
492 1680 764 1735 diligentiae
797 1695 890 1723 non
918 1682 1166 1733 diffideret,
1201 1683 1375 1725 veritus
1408 1686 1578 1733 tamen,
1614 1699 1671 1727 ne

112 1755 147 1780 25
160 1737 283 1780 forte
316 1738 594 1794 subrepente
627 1754 709 1795 per
740 1741 860 1783 hanc
893 1756 1067 1783 moram
1094 1742 1382 1797 negligentia
1414 1743 1590 1798 aliquid
1623 1745 1671 1785 in

161 1810 215 1839 eo
247 1797 315 1839 vis
347 1794 449 1840 velf
480 1799 608 1841 fraus
642 1800 855 1841 hostilisg
891 1804 1172 1856 operaretur,
1208 1802 1266 1843 ad
1300 1803 1531 1857 palacium
1565 1818 1668 1846 eum

161 1857 399 1899 evocavit⁴
432 1860 478 1900 et
510 1859 576 1900 ibi
608 1873 731 1901 nunc
764 1860 887 1902 inter
919 1861 1193 1903 camerarios
1226 1875 1344 1913 81108,
1393 1877 1514 1904 1111110
1548 1864 1671 1906 inter

160 1911 320 1958 cocos¹¹
349 1919 396 1959 et
429 1918 730 1972 coquinarum
753 1915 1025 1974 spurciciasi
1053 1921 1376 1975 indignissimo
1409 1922 1510 1964 loco
1544 1923 1668 1965 habi-

160 1977 261 2017 tum
294 1977 378 2018 sub
406 1978 532 2019 omni
555 1978 801 2033 diligentia
827 1980 1051 2022 custodiri
1083 1981 1210 2031 fecit,
1246 1982 1391 2024 donec
1425 1984 1521 2023 tani
1553 1983 1668 2025 fera-

110 2034 281 2078 solibus
329 2036 446 2078 odiis
494 2040 760 2093 competens
808 2039 996 2081 exilium
1045 2041 1342 2095 excogitaret.
1407 2042 1520 2083 Erat
1567 2043 1668 2098 ipso

158 2097 366 2150 tempore
407 2097 532 2152 apud
573 2111 727 2153 regem
766 2112 893 2141 soror
925 2100 1022 2142 eius
1037 2099 1064 2150 ⁴,
1108 2115 1223 2142 uxor
1256 2101 1514 2143 Salomonis
1547 2103 1667 2157 regis
1681 2118 1780 2150 mm.)

157 2153 481 2209 Ungariorum,
516 2171 653 2211 quam
676 2158 870 2200 maritus
892 2173 1035 2214 regno
1058 2160 1289 2215 expulsus,
1325 2161 1435 2202 dum
1458 2162 1506 2202 111
1529 2163 1667 2204 armis

157 2215 205 2255 et
235 2215 478 2270 procinctu
510 2219 642 2267 esset,
686 2232 911 2273 nusquam
954 2219 1108 2261 tucius
1141 2234 1277 2274 quam
1317 2222 1440 2275 apud
1473 2222 1666 2263 fratrem

157 2287 341 2317 manere
389 2275 693 2328 iudicaverat,
745 2278 890 2320 donec
932 2282 1217 2334 recuperato,
1268 2280 1305 2321 si
1354 2281 1451 2322 fieri
1498 2284 1663 2335 posset,

109 2346 298 2388 ssregno
337 2334 386 2375 in
426 2335 716 2378 iocunditate
759 2338 936 2392 perfrui
969 2339 1184 2393 coniugio
1218 2339 1392 2381 liceret.
1458 2339 1665 2395 Cumque

157 2395 262 2447 post
294 2394 494 2436 multum
526 2395 618 2437 iam
651 2399 834 2452 tempus
877 2398 936 2439 ad
969 2398 1187 2439 maritum
1230 2399 1278 2439 in
1312 2399 1481 2440 finibus
1515 2400 1665 2455 Unga-

156 2452 251 2494 riae
293 2457 653 2498 commorantem
685 2457 834 2499 redire
868 2461 1064 2512 pararet,
1109 2472 1188 2500 rex
1221 2455 1526 2513 oportunamk
1565 2473 1664 2501 eam

157 2511 421 2562 arbitratus,
465 2528 581 2568 quae
625 2516 915 2558 crudelitatis
957 2517 1096 2558 huius
1138 2532 1327 2560 munere
1375 2519 1663 2571 fungeretur,

157 2612 186 2645 a)
205 2614 457 2642 Halberstatensis
478 2618 506 2643 h.
522 2618 543 2644 l.
563 2619 627 2644 Al.
711 2619 741 2651 b)
762 2620 804 2645 bis
823 2628 880 2646 scr.
901 2621 980 2645 131⁸.
1068 2622 1094 2650 c)
1115 2622 1308 2647 interemerat
1329 2622 1407 2646 151⁸.
1483 2622 1511 2651 d)
1533 2623 1665 2654 Rupes-to

109 2650 144 2675 40
158 2650 183 2674 A
198 2651 224 2675 1.
244 2650 308 2676 131.
383 2651 411 2685 e)
430 2655 461 2678 et
479 2654 542 2679 132.
616 2655 640 2685 f)
660 2657 690 2680 et
709 2656 788 2681 131⁸.
863 2658 894 2687 g)
915 2657 1050 2682 hostialis
1071 2657 1133 2682 1522.
1222 2658 1251 2687 h)
1271 2665 1380 2688 coquos
1401 2658 1463 2682 132.
1540 2659 1559 2689 i)
1579 2666 1663 2690 spur-

157 2685 238 2711 ciciis
256 2686 283 2711 Β
295 2687 320 2712 1.
332 2687 358 2712 2.
433 2687 466 2721 k)
484 2692 664 2721 oportunum
684 2691 746 2717 132.

158 2755 194 2800 1)
210 2756 269 2798 Cf.
287 2757 468 2792 Dellnw’e'ck
489 2771 525 2803 p.
545 2762 589 2796 57
603 2772 655 2805 sq.
740 2765 776 2806 ⁸2)
797 2763 854 2805 Cf.
879 2774 993 2807 snpra
1018 2776 1055 2807 p.
1078 2765 1155 2799 145⁴.
1182 2765 1251 2799 *228
1269 2775 1319 2807 sq.
1413 2766 1450 2801 3‘)
1466 2766 1523 2807 Cf.
1550 2777 1662 2810 supra

154 2815 190 2848 p.
209 2806 266 2847 93,
294 2816 330 2842 n.
347 2808 381 2841 2.
477 2807 516 2850 4)
543 2808 635 2842 Nota
662 2810 851 2844 Bucconem
879 2811 1010 2852 synodo
1036 2812 1287 2845 IVmwzato'ensi
1310 2813 1365 2846 die
1389 2813 1468 2847 Ian.
1487 2815 1545 2849 24.
1571 2825 1663 2847 asse-

156 2851 260 2888 disse.
362 2853 398 2897 5)
422 2854 546 2888 Iudith
571 2856 753 2902 (Sophia).
