2014 3184
514 194 786 235 LAMPERTI
810 193 1066 230 ANNALES.
1116 193 1164 229 A.
1192 196 1296 231 1077.
1596 197 1665 231 297

154 319 419 377 principum
432 318 460 370 ¹,
503 318 583 374 qui
624 318 712 360 sibi
751 318 802 359 in
839 317 1043 359 adversis
1074 317 1214 358 fidem
1247 317 1399 359 adhuc
1432 317 1663 372 integram

155 381 426 429 servassent,
459 378 655 433 quibusa
682 376 972 427 inconsultis,
1007 378 1054 418 et
1076 376 1369 431 potissimum
1392 376 1663 419 absentibus

151 438 520 489 accusatoribus,
562 437 743 478 irritam
780 436 881 478 fore
922 449 1008 478 nec
1046 436 1292 490 quicquam
1329 435 1496 477 virium
1539 438 1663 491 apud

152 497 418 541 incredulos
449 497 716 539 habituram
749 509 864 546 esse,
900 508 1236 550 quamcumque
1269 509 1352 550 pro
1386 496 1664 550 experienda

119 572 142 599 5
154 557 423 600 innocentia
463 571 547 598 sua
593 555 964 598 satisfactionem
1007 554 1167 610 paucis
1209 554 1288 608 qui
1329 555 1524 596 aderant
1565 570 1662 610 pro-

154 617 397 674 posuisset.
445 616 646 658 Proinde
669 615 830 658 sedulo
853 629 1022 670 papam
1045 628 1188 665 orare,
1222 616 1276 655 ut
1302 628 1399 656 rem
1430 614 1662 670 integram

153 677 360 733 generali
391 676 588 719 concilio
611 675 934 729 communique
967 674 1232 716 audientiae
1256 674 1477 725 differret,
1511 676 1565 716 ut
1597 675 1663 717 ibi

155 736 447 792 congregatis
486 735 832 778 accusatoribus
865 736 912 776 et
945 734 1199 776 secundum
1231 734 1357 788 leges
1390 734 1662 776 ecclesiasti-

155 810 230 838 cas
257 795 473 838 discussis
505 797 603 837 tam
635 794 1009 836 accusationibus
1042 807 1180 848 quam
1213 795 1534 835 accusatorum
1566 807 1662 849 per—

106 856 290 907 insonis,
334 855 696 905 condicionibus,
739 867 1052 908 quascumque
1094 853 1325 907 principes
1358 853 1490 907 regni
1522 867 1661 907 equas

152 915 455 965 iudicassent,
497 914 680 956 obiecta
720 913 957 956 refelleret
972 913 999 953 2.
1063 907 1232 953 Haudb
1276 914 1466 966 gravate
1509 918 1653 967 papa⁰

152 974 334 1030 petenti
380 974 636 1029 adquievit,
687 973 961 1029 expletoque
1010 986 1138 1014 sacro
1180 972 1455 1022 ministerio,
1505 986 1661 1026 regem

153 1034 212 1076 ad
243 1034 491 1090 prandium
522 1032 752 1084 vocavitss,
797 1032 1215 1086 benignissimeque
1257 1031 1486 1073 refectum
1524 1034 1571 1074 et
1604 1033 1660 1074 de

151 1136 181 1171 a)
202 1145 230 1169 q.
248 1137 306 1165 inc.
326 1139 357 1164 et
374 1140 436 1170 pot.
457 1144 511 1165 om.
531 1136 611 1164 Blb.
697 1137 728 1168 b)
746 1137 829 1162 Haut
847 1135 926 1164 Blb.
1013 1138 1039 1168 c)
1058 1138 1119 1168 pet,
1138 1143 1227 1169 papa,
1248 1135 1354 1160 litteris
1372 1136 1400 1163 b.
1420 1143 1438 1161 a
1457 1136 1662 1168 superscriptis

103 1175 139 1202 15
151 1181 227 1201 corr.
244 1180 325 1206 papa
341 1175 403 1206 pet.
420 1173 448 1199 B
458 1172 501 1200 1²³.

152 1257 189 1301 1)
225 1257 375 1292 Praeter
410 1267 482 1299 eos,
520 1266 608 1301 quos
645 1257 719 1300 ipse
756 1256 884 1298 Lamp.
923 1266 1039 1299 supra
1069 1266 1110 1299 p.
1137 1256 1219 1291 294.
1257 1256 1471 1298 nominavit,
1512 1256 1661 1298 affuisse

150 1307 285 1339 constat
317 1304 446 1338 multos
472 1305 657 1349 principes
689 1305 770 1347 reyi
802 1303 1045 1346 fidelissimos,
1082 1303 1388 1346 archiepiscopum
1422 1303 1657 1346 Bremensem‚

149 1353 327 1396 episcopos
341 1352 657 1395 Omabruymsm,
676 1351 927 1394 Arqentinum‚
948 1350 1252 1392 Lausannensem,
1275 1350 1519 1392 Basiltensem,
1535 1352 1661 1393 Λαρα-

150 1403 297 1434 stanam
330 1399 531 1443 (Berthold.
560 1411 601 1443 p.
628 1400 730 1442 291),
765 1398 858 1443 quod
881 1398 1010 1441 Lamp.
1036 1408 1109 1432 non
1134 1399 1315 1441 ignoravit
1341 1399 1464 1441 (infra
1493 1409 1531 1441 p.
1560 1397 1658 1444 301).

102 1447 220 1482 wSed
242 1448 401 1482 consulto
425 1458 467 1482 ac
491 1449 639 1491 coyitate
663 1457 779 1491 supra
798 1457 839 1490 p.
857 1447 927 1482 289
945 1456 994 1489 sq.
1021 1449 1052 1479 et
1076 1446 1182 1488 infra
1206 1447 1249 1479 de
1271 1446 1330 1479 his
1355 1447 1406 1479 ita
1423 1446 1560 1489 retulit,
1586 1447 1662 1480 acsi

150 1505 266 1538 reqem
300 1497 340 1528 in
373 1495 486 1529 Italia
519 1496 660 1530 demum
689 1498 772 1538 post
806 1498 1010 1528 conventum
1045 1493 1270 1527 Canusinum
1304 1494 1490 1535 vidissent,
1525 1497 1565 1526 ut
1598 1494 1660 1527 hoc

150 1543 316 1576 ementiri
332 1547 462 1586 posset.
512 1543 612 1577 Aliis
635 1544 742 1576 etiam
769 1542 853 1575 locis
877 1552 992 1584 reyem
1018 1542 1214 1575 absentiam
1234 1542 1446 1585 principum
1473 1546 1660 1575 causatum

145 1590 330 1634 postulata
353 1590 560 1625 detrectasse
584 1593 796 1624 commen-tus
821 1593 881 1625 est.
934 1589 990 1631 Cf.
1017 1599 1132 1633 supra
1153 1600 1192 1632 p.
1213 1590 1293 1630 182,
1321 1589 1343 1624 l.
1365 1591 1395 1624 1.
1432 1590 1514 1629 229,
1551 1589 1574 1624 l.
1601 1591 1658 1624 34.

150 1638 188 1681 2)
221 1638 366 1672 Constat
398 1649 515 1682 reyem
549 1639 666 1672 hostia
701 1641 838 1681 accepta
868 1648 946 1670 cum
971 1647 1074 1680 papa
1098 1638 1381 1678 communicasse,
1415 1647 1492 1670 cum
1521 1636 1660 1669 Donizo

102 1693 139 1719 25
150 1685 204 1728 II,
222 1686 303 1730 114,
331 1686 469 1720 Bonizo
486 1687 509 1721 l.
529 1686 562 1729 l.,
589 1687 731 1719 inimici
754 1686 850 1728 reyis
875 1688 904 1717 et
930 1686 1058 1727 optimi
1082 1684 1193 1717 huius
1216 1685 1272 1717 rei
1295 1688 1404 1725 testes,
1431 1684 1493 1717 hoc
1516 1685 1661 1718 disertis

150 1733 265 1768 verbis
297 1734 430 1776 dicant,
465 1734 594 1778 quibus
627 1734 823 1767 assentitur
853 1732 962 1766 Liber
986 1733 1028 1764 de
1052 1733 1143 1766 unit.
1169 1732 1246 1766 eccl.
1274 1731 1541 1772 Hersfeldensis
1566 1731 1599 1775 I,
1626 1733 1658 1773 6,

151 1780 285 1815 Lihelli
319 1781 367 1815 II
367 1807 378 1825 ,
410 1793 449 1825 p.
481 1783 558 1817 191.
608 1781 654 1814 In
688 1784 794 1824 parte
827 1779 1024 1822 Rudolfina
1061 1779 1201 1823 quidem
1236 1779 1329 1821 falso
1363 1782 1559 1812 narratum
1590 1790 1660 1813 esse

150 1829 291 1863 videtur
323 1829 417 1873 quod
451 1828 633 1863 Berthohl.
669 1829 788 1871 (Ann.
811 1827 846 1862 S.
875 1826 1011 1872 Blasii)
1041 1838 1080 1870 p.
1108 1828 1190 1862 290.
1224 1827 1348 1868 refert,
1383 1837 1498 1869 reyem
1534 1837 1569 1860 se
1603 1827 1660 1859 in·

151 1877 301 1920 diynum
338 1877 558 1911 eucharistia
595 1876 731 1910 dimisse
768 1879 798 1908 et
834 1876 1169 1908 incommunicatum
1206 1874 1406 1916 diyressum
1443 1885 1530 1916 esse,
1569 1885 1660 1917 quae

102 1931 139 1957 30
150 1924 279 1966 fabula
304 1927 428 1958 eoeorta
453 1924 592 1958 videtur
608 1934 652 1957 ea:
668 1925 716 1956 iis
740 1933 830 1967 quae
847 1923 984 1956 Bouizo
1008 1923 1050 1956 de
1074 1922 1189 1956 verbis
1209 1932 1330 1965 papae
1355 1923 1394 1955 in
1419 1923 1660 1956 communione

151 1973 231 2014 reyi
253 1972 358 2005 dictis
381 1972 508 2013 tradit,
543 1972 620 2004 nisi
652 1974 791 2004 tantum
817 1970 862 2003 ab
887 1971 934 2004 iis
959 1971 1023 2013 qui
1047 1970 1236 2013 Lampert-z·
1258 1970 1409 2003 annales
1435 1970 1594 2012 leyerant
1618 1980 1658 2003 ea

151 2020 191 2052 in
215 2020 471 2053 monasterium
488 2019 525 2054 S.
543 2018 666 2052 Blasii
689 2018 803 2052 allata
827 2022 887 2061 est,
914 2018 1009 2062 quod
1030 2017 1113 2060 fieri
1130 2018 1259 2061 potuit.
1305 2018 1402 2050 Nam
1427 2017 1507 2051 bene
1531 2021 1659 2051 notan-

151 2066 237 2099 dum
271 2069 319 2100 est
345 2066 552 2100 Brunonem
586 2066 628 2099 de
660 2066 777 2100 hostia
802 2066 890 2099 data
914 2065 1011 2099 nihil
1034 2065 1181 2107 dixisse,
1215 2065 1315 2098 nihil
1337 2065 1430 2098 mali
1453 2066 1568 2107 iyitur
1593 2065 1660 2098 hac

152 2114 194 2147 de
217 2125 257 2148 re
286 2115 327 2148 in
351 2125 466 2158 reyem
496 2114 610 2148 dicere
635 2115 804 2157 potuisse,
838 2124 947 2157 neq-ue
980 2113 1096 2146 alium
1130 2113 1326 2146 multorum
1361 2117 1547 2146 auctorum
1582 2114 1662 2155 reyi

104 2169 140 2196 35
151 2162 365 2204 infestorum
397 2172 460 2196 nec
492 2161 706 2205 Greyorium
736 2172 875 2205 papam
908 2161 1002 2194 hanc
1035 2161 1202 2203 fabulam
1236 2171 1534 2201 commemorasse,
1566 2161 1660 2203 quod

146 2209 278 2253 procul
310 2209 416 2243 dubio
453 2210 591 2251 factum
625 2213 726 2252 esset,
764 2210 799 2242 si
831 2210 920 2252 quid
954 2210 1030 2243 veri
1062 2210 1101 2242 in
1136 2219 1176 2241 ea
1210 2209 1349 2250 fuisset.
1409 2208 1510 2241 Patet
1545 2209 1660 2250 iyitur

151 2258 223 2290 sive
249 2267 294 2292 εει·
317 2267 463 2292 rumore
487 2257 549 2292 illo
573 2258 613 2291 in
638 2258 735 2292 Anu.
762 2256 798 2293 S.
827 2257 949 2290 Blasii
980 2257 1095 2290 relato
1129 2257 1199 2290 sive
1228 2257 1351 2299 potius
1381 2257 1535 2299 proprio
1564 2259 1659 2288 motu

152 2304 384 2348 Lampertum
418 2305 510 2339 hanc
545 2305 689 2348 lonqam
721 2308 751 2338 et
781 2304 1001 2338 uberrimam
1032 2305 1282 2337 narrationem
1313 2307 1540 2336 commentum
1576 2313 1655 2344 esse,

151 2352 333 2386 imitatum
357 2353 552 2396 Reqinonis
578 2353 710 2387 Chron.
737 2363 770 2387 a.
788 2353 871 2395 869,
898 2353 964 2395 qui
987 2352 1195 2385 Adrianum
1215 2362 1354 2394 papam
1382 2350 1557 2383 Lotkario
1582 2351 1661 2392 reyi

103 2399 304 2434 whostiam
328 2400 378 2433 ad
402 2400 606 2434 tentandam
624 2402 862 2434 innocentiam
878 2402 955 2434 eius
979 2400 1114 2432 dedisse
1139 2399 1264 2439 tradit,
1290 2399 1393 2431 cicius
1410 2399 1514 2431 etiam
1534 2397 1658 2430 verba:

153 2445 194 2482 Si
218 2446 408 2481 innoxium
433 2450 470 2482 te
495 2447 722 2493 recognoscis
746 2458 862 2491 supra
882 2458 920 2490 p.
946 2448 1027 2487 296,
1055 2447 1078 2482 l.
1103 2448 1160 2481 22.
1186 2446 1263 2487 fere
1287 2446 1547 2487 transscripsit.
1598 2445 1656 2485 Cf.

151 2505 268 2538 supra
286 2506 327 2538 p.
345 2497 427 2537 295,
452 2506 487 2531 n.
505 2497 539 2531 2.
590 2495 651 2528 En
684 2497 759 2528 iam
794 2495 900 2528 habes
931 2495 1025 2527 hunc
1050 2497 1226 2527 auctorem
1252 2497 1325 2525 iam
1351 2493 1658 2525 mendacissimum

153 2552 261 2585 quam
285 2544 551 2586 nequissimum,
579 2544 644 2586 qui
667 2543 760 2575 talia
785 2544 969 2576 ementitus
994 2543 1052 2583 sit,
1079 2545 1119 2573 ut
1145 2541 1328 2582 fratribus
1346 2540 1659 2581 Hei-sfeldensibus

147 2590 382 2632 persuaderet
406 2600 520 2632 reyem
546 2601 581 2624 se
605 2591 724 2634 ipsum
749 2601 869 2623 coram
891 2601 993 2633 papa
1019 2598 1232 2631 maynorum
1258 2589 1450 2620 criminum
1478 2598 1574 2620 reum
1602 2597 1658 2619 re-

105 2638 359 2679 acoqnovisse.
417 2637 517 2671 Inter
552 2640 775 2679 innumeros,
819 2638 884 2681 qui
918 2637 985 2670 hac
1021 2637 1063 2669 de
1103 2646 1142 2668 re
1178 2636 1415 2678 scripserunt,
1455 2634 1656 2676 Do'llinyer,

155 2683 451 2727 ‘Kirchenqeschss
470 2685 524 2726 II,
539 2686 558 2720 1
596 2696 635 2728 p.
653 2687 732 2726 131,
759 2696 794 2720 n.
809 2686 842 2720 2.
869 2688 900 2718 et
922 2684 1056 2725 Hefele,
1077 2681 1393 2724 ‘meilienyeschl
1414 2682 1453 2722 V,
1466 2693 1504 2724 p.
1524 2684 1570 2716 89
1583 2692 1656 2724 sqq.

154 2730 235 2764 bene
266 2736 479 2766 monuerunt
507 2733 720 2774 Greyorium
755 2743 837 2774 non,
874 2735 913 2764 ut
939 2731 1067 2774 Lamp.
1094 2733 1238 2771 narrat,
1275 2740 1379 2771 aqere
1399 2730 1568 2772 potuisse,
1596 2729 1660 2771 qui

153 2789 227 2811 rem
252 2780 347 2812 inter
370 2789 484 2821 regem
510 2784 541 2813 et
559 2780 745 2823 principes
769 2779 1041 2812 diiudicandum
1066 2778 1137 2810 sibi
1159 2781 1380 2811 reservasset.
1467 2778 1503 2819 3)
1528 2777 1658 2810 Assen-

152 2826 297 2859 tiuntur
321 2826 459 2859 Donizo
484 2826 537 2868 II,
557 2828 648 2865 115,·
675 2827 811 2861 Bonizo
837 2827 860 2862 l.
880 2827 927 2865 l.,·
954 2825 1134 2859 Berthold.
1162 2825 1275 2866 (Ann.
1293 2824 1331 2859 S.
1349 2824 1487 2865 Blasii)
1507 2835 1546 2868 p.
1565 2824 1659 2862 290,-

106 2872 262 2907 somber-
286 2874 328 2906 de
351 2875 442 2909 unit.
468 2873 542 2909 eccl.
570 2873 600 2916 I,
620 2875 653 2909 6.

1679 317 1783 351 1077.

1676 363 1759 391 (tan.
1768 363 1827 395 28).
