1968 3164
212 384 314 419 1069.

332 260 400 294 110
695 262 964 299 LAMPERTI
990 266 1242 304 ANNALES.
1294 269 1340 303 A.
1369 273 1471 307 1069.

330 385 513 435 sumpto
536 383 674 425 inicio
692 387 842 426 totum
861 389 1215 431 commacularet
1239 392 1459 445 populum
1484 394 1786 438 christianum
1799 395 1825 448 ¹,

330 442 376 481 et
418 442 496 494 qui
537 442 662 484 ultor
703 448 825 486 essea
875 446 1107 489 debuisset
1141 449 1404 501 criminum,
1447 452 1546 506 ipse
1587 457 1750 496 auctor
1780 458 1827 498 et

329 499 521 553 signifer
554 498 710 544 fieretb
748 505 806 544 ad
839 505 1085 559 flagicium.
1148 508 1398 559 Postremo,
1433 512 1470 552 si
1502 526 1594 554 non
1626 514 1826 558 flectere·

328 560 405 599 tur
437 561 656 607 consiliis,
701 577 747 604 se
789 566 1044 606 necessario
1076 567 1167 607 vim
1206 568 1562 612 ecclesiasticam
1595 573 1826 616 adhibitu-

327 632 427 658 rum
470 622 516 660 et
559 634 784 662 canonum
828 623 928 677 lege
971 625 1118 666 scelus
1152 628 1507 680 prohibiturum.
1570 632 1644 672 Ad
1677 632 1817 676 haec‘3
1838 647 1855 672 5

327 677 419 718 suis
448 680 660 721 manibus
687 695 921 735 nunquam
954 684 1277 738 imperatorem
1306 691 1663 732 consecrandum
1691 689 1821 743 *fore‚
1838 707 1960 740 *μαι

325 737 402 789 qui
435 740 530 778 tam
565 740 801 792 pestilenti
834 743 1054 797 exemplo,
1094 748 1317 798 quantum
1350 747 1398 787 in
1431 761 1477 790 se
1510 752 1642 800 esset,
1686 751 1822 794 fidem

325 796 620 838 christianam
646 800 936 852 prodidisset.
985 802 1100 843 Tum
1123 818 1230 846 vero
1252 805 1300 845 in
1323 820 1427 847 eum
1436 803 1455 830 ¹¹
1483 809 1628 850 coorti
1651 823 1820 862 omnes,

323 855 401 908 qui
424 857 661 907 aderant0,
698 859 926 914 principes
959 862 1144 903 aiebant
1178 860 1322 917 equaf
1359 879 1542 908 censere
1563 867 1822 911 Romanum

324 915 609 967 pontificem,
654 920 700 958 et
742 933 823 972 per
855 919 1005 961 Deum
1047 922 1294 975 rogabant,
1335 938 1391 966 ne
1425 925 1597 968 crimen
1629 927 1822 971 inferret
1839 943 1871 969 ιο

321 973 494 1026 gloriae
537 980 675 1017 suaeg
718 980 763 1018 et
806 979 920 1032 regii
962 981 1159 1022 nominis
1201 982 1488 1026 maiestatem
1530 987 1626 1026 tam
1673 988 1821 1044 turpis

320 1032 434 1073 facti
468 1034 726 1077 colluvione
759 1038 1034 1089 macularet3
1077 1043 1287 1094 preterea
1319 1056 1375 1084 ne
1408 1045 1676 1098 parentibus
1708 1047 1821 1102 regi-

320 1106 405 1133 nae
439 1106 622 1134 causam
646 1095 921 1138 defectionis
954 1101 1000 1139 et
1033 1099 1201 1140 iustam
1229 1101 1487 1144 turbandae
1519 1104 1586 1146 rei
1607 1105 1820 1160 publicae

319 1152 604 1194 occasionem
638 1155 781 1204 daret,
816 1156 894 1209 qui
927 1157 964 1197 si
997 1158 1082 1198 viri
1115 1162 1266 1200 essent
1282 1161 1308 1210 ⁶²,
1344 1175 1447 1202 cum
1480 1163 1617 1204 armis
1649 1167 1696 1206 et
1728 1165 1819 1221 opi-

319 1210 403 1250 bus
444 1211 693 1265 plurimum
726 1218 933 1268 possent,
978 1219 1157 1258 tantam
1195 1219 1316 1261 filiae
1350 1234 1458 1262 suae
1491 1223 1818 1266 contumeliam
1835 1239 1867 1265 15

317 1270 621 1323 proculdubio
668 1273 839 1327 insigni
896 1275 1050 1329 aliquo
1104 1277 1309 1320 facinore
1370 1280 1598 1334 expiaturi
1651 1286 1815 1326 essent.

318 1328 419 1370 Hac
452 1327 688 1372 orationeh
724 1333 900 1374 fractus
933 1335 1078 1388 magis
1116 1350 1252 1389 quam
1283 1338 1499 1380 inflexus:
1551 1340 1612 1382 ‘Si
1642 1341 1719 1392 id’,
1753 1343 1816 1384 in-

316 1388 438 1440 quit,
485 1390 637 1430 ‘fixum
669 1391 1044 1447 obstinatumque
1077 1397 1146 1436 est
1178 1396 1327 1445 vobis,
1366 1397 1600 1452 imperabo
1634 1404 1816 1455 egomet

316 1446 430 1487 mihi
471 1449 728 1503 feramque,
771 1453 824 1491 ut
872 1454 1053 1505 potero,
1098 1468 1233 1504 onus,
1278 1457 1399 1509 quod
1447 1457 1675 1512 deponere
1722 1474 1815 1503 non

315 1506 473 1547 valeo⁷.
539 1508 614 1548 Ita
647 1509 839 1551 efferato
871 1512 1016 1565 magis
1048 1527 1129 1567 per
1161 1514 1366 1555 studium
1389 1518 1660 1560 concordiae
1693 1520 1810 1570 odio,
1828 1535 1863 1560 20

315 1566 479 1606 annuit
512 1567 709 1620 quidem,
753 1571 806 1610 ut
838 1570 886 1610 in
918 1571 1048 1624 regni
1081 1573 1360 1614 consortium
1394 1576 1554 1629 regina
1585 1591 1812 1621 revocare-

314 1625 411 1674 tur;
467 1625 563 1680 ipse
611 1629 788 1678 tamen,
838 1631 891 1669 ut
939 1643 1232 1684 congressum
1281 1633 1377 1674 eius
1425 1638 1812 1692 conspectumque

312 1683 493 1734 vitaret,
530 1686 752 1727 adhibitis
785 1687 872 1729 sibi
899 1689 974 1729 vix
997 1689 1079 1730 XL
1102 1690 1328 1733 militibus
1360 1693 1409 1733 in
1436 1693 1680 1736 Saxoniam
1710 1711 1811 1738 con-

312 1742 430 1783 citus
463 1745 613 1785 rediit.
677 1746 856 1800 Regina
897 1761 1000 1788 cum
1042 1752 1223 1791 caetera
1264 1751 1565 1795 multitudine
1602 1757 1649 1796 et
1680 1757 1812 1811 regni

310 1801 567 1856 insignibus
615 1805 839 1859 paulatim
893 1807 1139 1850 subsecuta
1191 1812 1273 1851 est.
1346 1810 1552 1866 Cumque
1599 1814 1658 1855 ad
1705 1829 1810 1856 eum
1823 1830 1859 1856 25

310 1859 567 1903 Goslariam
614 1865 834 1915 venisset,
877 1866 952 1906 vix
1000 1868 1261 1923 compulsus
1308 1870 1388 1912 ille
1436 1885 1461 1912 a
1502 1871 1808 1916 familiaribus

309 1921 422 1971 suis,
467 1924 519 1962 ut
553 1923 594 1964 ei
627 1924 807 1965 obviam
849 1927 1138 1979 procederet,
1183 1929 1294 1969 satis
1327 1943 1551 1984 superque
1593 1946 1674 1986 pro
1707 1947 1807 1975 con·

309 1981 552 2022 suetudine
586 1995 685 2023 eam
727 1983 924 2038 benigne
963 1986 1176 2041 suscepit.
1236 1987 1325 2029 Sed
1357 1990 1567 2043 protinus
1598 1991 1806 2046 refriges-

307 2041 440 2080 cente
489 2054 663 2091 amore,
707 2043 766 2082 ad
812 2043 1050 2097 ingenium
1093 2059 1225 2086 suum
1274 2049 1412 2101 atque
1459 2049 1517 2090 ad
1558 2050 1806 2104 pristinum

306 2097 503 2151 rigorem
537 2100 678 2140 animi
709 2101 869 2152 rediit;
905 2104 950 2143 et
974 2103 1081 2156 quia
1107 2105 1298 2146 consilia
1330 2107 1569 2149 scindendi
1602 2109 1804 2165 coniugii
1818 2126 1853 2152 30

306 2169 411 2210 sepe
452 2157 543 2197 iam
584 2160 814 2213 temptata
854 2175 947 2201 non
987 2166 1324 2216 processerant,
1370 2167 1535 2207 statuit
1573 2168 1800 2224 deinceps,

305 2217 642 2258 communicato
695 2232 798 2259 cum
847 2233 899 2260 ea
952 2220 1099 2261 solum
1146 2223 1277 2276 regni
1329 2225 1534 2275 nomine,
1584 2227 1648 2268 sic
1701 2241 1802 2269 eam

304 2274 485 2325 habere,
521 2276 651 2329 quasi
682 2291 775 2318 non
806 2278 998 2320 haberet
1013 2279 1040 2318 3.

302 2400 331 2431 a)
351 2401 417 2426 deb.
439 2402 521 2427 crim.
543 2409 604 2426 esse
625 2403 688 2428 ΒΞ.
762 2403 792 2436 b)
811 2404 890 2429 foret
907 2405 971 2430 ΒΞ.
1045 2404 1071 2437 c)
1091 2405 1145 2431 hoc
1167 2414 1205 2430 an
1225 2407 1277 2431 hec
1297 2407 1434 2432 incertum
1454 2409 1517 2434 ΒΞ.
1604 2410 1634 2443 d)
1654 2418 1682 2436 v.
1702 2418 1799 2438 meum

301 2437 379 2461 ΒΝ.
454 2437 482 2470 e)
501 2437 591 2462 adera
610 2438 690 2464 Blfl.
764 2438 787 2471 f)
807 2446 881 2470 eque
900 2440 963 2465 132.
1037 2440 1067 2473 g)
1088 2448 1145 2467 om.
1165 2441 1246 2468 Blb.
1321 2442 1352 2476 h)
1372 2444 1490 2469 racione
1508 2445 1589 2471 Blb.
1812 2454 1846 2480 35

303 2531 337 2573 1)
360 2531 456 2564 Nota
483 2532 563 2564 bene
594 2532 657 2566 hoc
687 2534 764 2576 ipso
790 2544 886 2567 anno
909 2534 1108 2576 Rudolfum
1133 2536 1253 2569 ducem
1277 2547 1434 2570 sororem
1459 2540 1604 2582 reyinae
1628 2540 1796 2575 Adalhei-
1817 2553 1822 2557 ·

300 2578 394 2619 dam,
427 2579 521 2619 falso
547 2581 580 2612 ee?
602 2581 734 2613 crimen
760 2581 932 2614 adulterii
954 2581 1163 2624 obicientem,
1195 2584 1412 2626 repudiasse,
1444 2586 1558 2627 (Ann.
1598 2587 1645 2620 W
1641 2589 1796 2631 ev'ssenb„

299 2636 413 2668 snpra
442 2637 481 2668 p.
509 2628 578 2666 55‚·
618 2627 766 2663 Wenric.
793 2638 819 2663 e.
844 2630 883 2669 6,
919 2628 1048 2662 Libelli
1072 2630 1109 2671 I,
1138 2641 1177 2673 p.
1202 2631 1308 2674 294),
1343 2632 1406 2665 hoc
1430 2633 1674 2676 Lampm-um.
1693 2640 1796 2670 cauto

298 2673 437 2705 silentio
471 2675 613 2715 tewisse,
649 2676 738 2718 quin
772 2677 875 2708 etiam
906 2677 1052 2718 cavisse,
1087 2687 1130 2709 ne
1163 2678 1272 2710 huius
1297 2678 1442 2721 Rudolfi
1473 2683 1603 2714 umoris
1635 2692 1795 2725 unquam

298 2722 505 2753 mentionem
522 2721 653 2762 faceret
669 2722 733 2764 (of.
760 2723 865 2763 infra
885 2733 924 2765 p.
946 2724 1024 2764 138,
1047 2734 1084 2757 n.
1104 2726 1156 2765 1).
1199 2725 1286 2758 Iure
1309 2730 1422 2759 monet
1439 2727 1561 2770 Meyer
1584 2739 1613 2763 v.
1633 2729 1793 2763 Knonan
1808 2737 1843 2763 40

298 2766 335 2807 I,
365 2777 405 2808 p.
432 2769 511 2802 614.
550 2768 711 2809 forsitan
744 2769 888 2811 Rudolfi
926 2771 1082 2813 eoeemplo
1117 2782 1232 2814 reqem
1269 2773 1456 2806 incitatum
1490 2785 1576 2817 esse,
1615 2779 1654 2808 ut
1690 2786 1793 2809 suam

296 2823 431 2856 quoque
456 2825 605 2848 >uxorem
630 2816 828 2852 dimitteret.
949 2818 986 2860 2)
1018 2817 1074 2858 Cf.
1109 2819 1158 2850 ad
1186 2818 1271 2852 haec
1300 2820 1405 2852 verba
1429 2821 1552 2863 Meyer
1575 2833 1605 2857 v.
1631 2823 1792 2856 Knonau

296 2860 333 2901 I,
354 2871 393 2902 p.
421 2862 501 2902 626,
527 2872 563 2896 n.
589 2864 647 2898 44.
736 2864 772 2906 3)
797 2863 853 2904 Cf.
881 2864 988 2905 infra
1013 2875 1046 2899 a.
1067 2866 1169 2907 1071,
1190 2876 1230 2908 p.
1251 2867 1330 2909 131,
1359 2868 1382 2902 l.
1400 2869 1446 2903 25
1463 2879 1559 2911 sqq.,·
1585 2869 1628 2905 L.
1654 2870 1792 2911 Ranlce,

295 2906 450 2940 ‘IVerke’
477 2908 542 2948 LI,
563 2920 601 2951 p.
623 2911 714 2950 135,·
739 2911 860 2952 Meyer
884 2921 913 2946 v.
940 2911 1100 2944 Knonau
1127 2913 1158 2954 Ι,
1178 2923 1217 2954 p.
1238 2914 1306 2948 627
1324 2924 1387 2957 sq„
1413 2925 1448 2949 n.
1475 2917 1530 2952 50.
1559 2917 1615 2951 51.
