2014 3184
377 215 447 250 298
741 214 1010 249 LAMPERTI
1035 214 1288 250 ANNALES.
1338 215 1384 251 A.
1414 218 1516 252 1077.

262 334 364 368 1077
379 335 592 377 omnibus
640 349 755 389 quae
804 350 907 377 eum
955 337 1196 378 observare
1243 339 1477 391 oporteret
1522 337 1771 392 diligenter
1814 338 1880 380 in-

271 380 366 412 ΠΜ)
380 397 607 436 structum
642 409 745 436 cum
774 409 885 450 pace
919 396 976 436 ad
1006 409 1123 445 suos,
1158 397 1237 449 qui
1269 396 1453 450 longius
1485 399 1616 438 extra
1637 397 1880 440 castellum

378 456 737 502 remanserant
711 454 724 478 ¹
767 455 1263 509 dimisit2.Eppone1n
1288 469 1469 509 quoque
1488 455 1765 498 Citicensem
1791 456 1880 511 epi-

380 527 567 567 scopum
601 513 810 580 premisit
842 516 949 555 ante
983 515 1129 563 eum3,
1172 516 1226 554 ut
1259 528 1351 563 eos,
1392 515 1470 568 qui
1503 515 1545 556 ei
1577 515 1881 557 excommuni-

380 574 501 618 cato
546 572 810 626 priusquam
852 573 1147 614 anathemate
1188 573 1519 624 absolveretur,
1562 574 1912 616 indifferentem

381 619 842 681 communicaverant,
876 632 974 673 vice
997 646 1080 672 sua
1101 633 1574 674 excommunicatione
1603 633 1874 684 absolveret,

380 690 577 744 benigne
601 704 861 744 precavens,
895 705 953 732 ne
976 705 1112 744 quam
1136 692 1286 733 denuo
1308 694 1521 746 receptae
1544 692 1876 734 communionis

380 749 609 790 maculam
642 750 950 791 contraheret.

256 817 366 849 (Febr.)
525 807 615 859 Qui
647 809 757 849 dum
789 809 988 850 venisset
1027 811 1074 850 et
1107 823 1309 860 causam,
1353 824 1435 864 pro
1467 823 1558 863 qua
1588 810 1752 851 missus
1783 809 1879 852 fue-

380 869 465 917 rat,
496 867 631 908 Italis
654 867 950 921 exposuisset,
978 868 1224 909 vehemens
1251 869 1298 909 in
1323 883 1427 910 eum
1454 868 1524 909 ira
1545 870 1592 910 et
1619 869 1879 924 indignatio
1894 884 1931 911 ιο

381 928 565 967 coortaa
604 928 685 967 est.
751 926 962 968 Fremere
994 941 1151 969 omnes
1184 930 1231 969 et
1263 928 1436 969 saevire
1467 927 1618 969 verbis
1655 942 1708 969 ac
1739 928 1878 970 mani-

381 985 466 1026 bus
514 987 753 1039 ceperunt,
804 985 1084 1039 apostolicae
1132 986 1355 1040 legationi
1402 987 1616 1028 irrisoriis
1660 987 1879 1029 exclama-

380 1044 585 1085 tionibus
633 1045 916 1098 obstrepere,
966 1046 1173 1086 convicia
1220 1048 1266 1088 et
1313 1046 1579 1096 maledicta,
1626 1047 1878 1100 utcumque

379 1103 647 1157 turpissima
678 1103 808 1145 furor
841 1105 1161 1158 suggessisset,
1201 1105 1454 1159 irrogare4:
1496 1119 1543 1147 se
1576 1106 1879 1147 excommuni-

382 1162 610 1204 cationem
647 1162 774 1203 illius
806 1163 942 1203 nihili
975 1164 1207 1214 estimare,
1248 1178 1382 1218 quem
1414 1164 1565 1218 ipsum
1597 1178 1755 1206 omnes
1787 1164 1927 1206 Ita-1⁶

381 1221 470 1262 liae
504 1222 706 1275 episcopi
738 1222 871 1262 iustis
901 1236 954 1263 ex
984 1223 1132 1263 causis
1164 1223 1255 1264 iam
1288 1223 1465 1278 pridem
1498 1223 1880 1265 excommunicas-

381 1282 501 1330 sent,
546 1281 624 1333 qui
665 1281 819 1322 sedem
858 1281 1158 1335 apostolicam
1197 1296 1278 1336 per
1310 1278 1644 1336 symoniacamb
1682 1282 1880 1324 heresim

381 1341 667 1393 occupasset,
727 1340 986 1381 homicidiis
1035 1343 1338 1391 cruentasset,
1398 1341 1639 1382 adulteriis
1686 1341 1878 1395 aliisque

381 1398 657 1452 capitalibus
690 1398 958 1440 criminibus
991 1398 1252 1453 polluisset3
1286 1413 1441 1453 regem
1474 1413 1602 1441 secus
1635 1413 1687 1441 ac
1717 1400 1879 1442 deceat

381 1457 525 1510 egisse
567 1457 829 1510 crimenque
877 1457 1050 1511 gloriae
1092 1462 1226 1500 suaeC
1274 1459 1486 1500 intulisse
1527 1472 1764 1512 nunquam
1805 1459 1927 1502 ab-zo

380 1515 616 1566 olendum,
660 1516 782 1569 quod
815 1517 991 1557 homini
1033 1517 1237 1558 heretico
1271 1519 1317 1559 et
1349 1518 1527 1571 probris
1565 1517 1778 1558 omnibus
1814 1517 1879 1558 in-

379 1574 555 1615 famato
596 1575 885 1616 maiestatem
925 1575 1099 1629 regiam
1141 1573 1464 1627 summiseritd,
1506 1578 1553 1618 et
1585 1590 1720 1630 quem
1751 1576 1878 1618 iusti-

381 1633 476 1675 ciae
519 1635 765 1687 patronum
804 1634 1050 1688 legumque
1083 1635 1497 1676 ecclesiasticarum
1530 1635 1759 1678 vindicem
1791 1635 1879 1677 sibi

379 1695 636 1746 parassent,
684 1693 756 1733 ise
811 1693 1048 1735 fedissima
1096 1694 1380 1736 subiectione
1428 1709 1510 1735 sua
1556 1695 1694 1736 fidem
1740 1694 1878 1749 plane

379 1751 669 1802 catholicam,
705 1753 1031 1794 auctoritatem
1054 1753 1315 1803 aecclesiae,
1345 1754 1622 1808 dignitatem
1643 1753 1711 1795 rei
1733 1753 1878 1808 publi·
1890 1766 1925 1792 25

379 1824 458 1851 cae
490 1811 766 1865 prodiderit;
811 1825 857 1852 se
895 1811 944 1852 in
981 1812 1207 1854 ultionem
1240 1813 1337 1854 eius
1370 1810 1544 1854 *omnes
1577 1826 1688 1866 quas
1720 1814 2011 1867 potue-*2261-

377 1869 472 1910 rint
494 1883 639 1924 papae
671 1870 862 1911 iniurias
887 1870 1126 1925 irrogasse,
1162 1874 1207 1913 e‘c
1230 1885 1365 1921 nunc,
1400 1872 1523 1925 quod
1545 1871 1674 1912 dictu
1696 1885 1876 1926 quoque

377 1930 513 1982 turpe
542 1929 613 1977 sit,
649 1942 695 1970 se
727 1929 776 1969 in
803 1929 966 1970 mediis
989 1926 1420 1984 perturbationumf
1446 1930 1664 1972 fluctibus
1686 1930 1872 1981 relictis,

376 1986 527 2040 ipsum
575 1987 662 2028 sibi
705 1988 987 2030 consuluisse
1030 1991 1076 2030 et
1118 1993 1252 2030 cumg
1293 1990 1426 2031 hoste
1467 1989 1654 2044 publico
1695 1989 1876 2044 privata

377 2046 716 2087 necessitudine
748 2047 796 2086 in
819 2047 1016 2100 gratiam
1038 2048 1224 2090 redisse.
1273 2048 1402 2090 Haec
1434 2049 1724 2103 potissimum
1756 2048 1875 2102 prin-
1889 2057 1924 2083 ³0

377 2104 499 2158 cipes
532 2104 699 2145 Italiae
740 2105 956 2146 iactando
999 2108 1045 2147 et
1086 2107 1255 2160 passim
1296 2121 1377 2161 per
1418 2107 1640 2188 populum
1681 2106 1874 2149 serendo

374 2162 538 2216 ingens
569 2163 668 2216 regi
699 2164 856 2204 odium
885 2163 1012 2205 brevi
1040 2166 1364 2206 conflaverant.
1412 2161 1618 2207 Adultah
1644 2167 1874 2220 postremo

376 2221 618 2271 sedicione,
659 2236 752 2262 una
783 2222 987 2263 omnium
1020 2223 1247 2273 voluntas,
1287 2238 1380 2264 una
1412 2225 1645 2266 sententia
1676 2226 1787 2274 erat,
1821 2225 1875 2265 ut

375 2280 590 2322 abdicato
631 2282 781 2334 patre,
831 2281 910 2334 qui
950 2281 1074 2322 ultro
1115 2282 1246 2336 regni
1292 2282 1495 2323 fascibus
1542 2283 1786 2336 indignum
1826 2295 1874 2324 se

375 2339 622 2389 effecisset,
672 2339 819 2380 filium
861 2340 976 2390 eius,
1026 2340 1136 2381 licet
1183 2341 1418 2394 impubem
1463 2342 1614 2382 adhuc
1656 2343 1703 2382 et
1742 2341 1874 2395 regni
1888 2351 1923 2378 ³6

373 2471 402 2501 a)
423 2474 528 2496 exorta
546 2470 626 2499 Blb.
699 2471 730 2503 b)
749 2472 790 2496 sic
808 2479 904 2497 omnes
922 2472 950 2499 h.
963 2472 983 2499 l.
1063 2471 1090 2504 e)
1109 2473 1208 2497 eadem
1227 2479 1317 2497 manu
1335 2479 1477 2504 superscr.
1496 2472 1576 2500 Blb.
1657 2471 1689 2505 d)
1708 2472 1878 2498 submiserit

372 2507 450 2533 131⁸.
525 2508 553 2538 e)
572 2507 603 2532 in
622 2507 699 2535 ΒΗ,
784 2506 808 2540 f)
826 2507 1137 2539 perturturbacionum
1156 2507 1235 2535 B1b.
1316 2509 1346 2539 g)
1366 2515 1431 2533 eum
1451 2508 1477 2532 B
1488 2508 1531 2536 lb,
1614 2508 1645 2539 h)
1664 2508 1775 2534 Adulto
1793 2507 1874 2534 Bib-

374 2616 409 2659 1)
432 2618 591 2653 Minime.
642 2617 701 2660 Cf.
727 2630 841 2662 supra
861 2630 900 2662 p.
919 2621 1001 2662 292,
1027 2630 1062 2655 n.
1081 2621 1114 2654 2.
1142 2623 1172 2652 et
1191 2631 1229 2663 p.
1248 2621 1329 2662 297,
1355 2631 1389 2654 n.
1410 2621 1441 2655 1.
1555 2621 1591 2664 2)
1617 2620 1695 2654 Rex
1720 2620 1878 2653 Canusio

371 2664 524 2706 Reyium
543 2666 729 2708 profectus
755 2671 821 2706 est,
818 2679 825 2685 ·
860 2667 996 2700 Donizo
1020 2667 1073 2710 ΙΙ,
1095 2668 1162 2701 116
1179 2677 1229 2709 sq.
1352 2668 1388 2710 3)
1423 2668 1606 2710 Epponem
1634 2668 1757 2710 potius
1779 2667 1875 2709 reyt's

374 2712 527 2752 leyatum
552 2723 660 2755 quam
686 2724 709 2746 a
728 2724 832 2756 papa
857 2714 905 2746 ad
929 2714 1151 2747 Lombardos
1174 2715 1322 2747 missum
1340 2724 1409 2746 esse
1433 2715 1653 2749 crediderim.
1697 2714 1794 2747 Certe
1816 2714 1922 2747 hiem

372 2768 442 2790 non
477 2760 608 2792 missus
641 2763 729 2801 erat,
764 2764 803 2792 ut
839 2762 1015 2804 episcopos
1039 2760 1259 2794 Lombardos
1293 2763 1646 2795 eoecommunicataeone
1675 2761 1872 2803 absolveret,

371 2809 412 2837 ut
432 2805 650 2839 Giesebrecht
667 2785 741 2848 ΙΙΙ,
764 2818 803 2849 p.
826 2810 928 2843 1152.
955 2808 1148 2850 adnotavit,
1174 2809 1209 2840 si
1230 2809 1316 2850 quid
1333 2810 1409 2841 veri
1431 2808 1514 2841 huic
1538 2809 1750 2842 narrationi
1772 2809 1872 2842 inest.

372 2851 410 2894 4)
436 2851 493 2892 Cf.
523 2852 691 2895 Greqorii
716 2855 814 2897 epist.
841 2855 917 2889 coll.
944 2866 1001 2890 nr.
1021 2857 1078 2896 20,
1106 2855 1128 2890 l.
1149 2855 1173 2889 l.
1195 2865 1231 2897 p
1251 2856 1320 2890 545
1338 2866 1411 2898 sq„-
1436 2856 1564 2889 Bruno
1588 2866 1615 2890 c.
1635 2857 1691 2891 90.
