1968 3164
258 401 360 435 1070.

238 771 305 798 Dec.
320 771 363 799 25.

191 2129 269 2156 Dan.
280 2128 307 2160 8,
319 2128 362 2155 25.

376 277 445 311 118
673 275 941 312 LAMPERTI
965 277 1219 314 ANNALES.
1268 278 1316 315 A.
1344 281 1447 315 1070.
1475 281 1578 316 1071.

375 399 562 452 propter
583 397 818 440 lasciviam
839 413 1108 454 morumque
1130 400 1536 455 intemperantiam
1557 401 1722 443 merito
1743 400 1876 444 bonis

375 455 587 498 omnibus
619 458 771 510 gravis
803 460 851 500 et
882 459 1068 500 invisus.

519 515 809 558 Silvestrium
841 517 1055 559 arborum
1087 518 1246 560 eadem
1279 532 1395 573 quae
1427 518 1606 574 priorea
1637 533 1758 562 anno
1790 521 1876 562 ste·

374 574 522 616 rilitas
564 577 817 630 permansit
832 576 860 617 ¹.
924 577 1013 619 Sed
1050 577 1287 619 vinearum
1328 579 1464 619 tanta
1501 577 1722 621 fertilitas
1767 578 1874 630 fuit,

375 636 429 674 ut
471 633 700 689 plerisque
738 635 788 677 in
828 635 942 677 locis
983 649 1062 691 pre
1094 636 1396 679 multitudine
1427 637 1503 678 vix
1535 637 1692 692 colligi
1722 637 1908 680 vinde-⁶

375 693 469 733 mia
498 696 665 748 posset.

518 752 742 794 MLXXI.
804 754 903 795 Rex
942 750 1175 796 natalemb
1222 754 1411 795 Domini
1453 754 1718 797 Goslariae²
1763 755 1875 799 cele-

377 811 539 852 bravit.
604 812 678 854 Ibi
719 826 799 867 per
840 813 1153 855 interventum
1193 813 1407 855 Rfidolfi0
1452 814 1581 856 ducis
1623 814 1877 857 Suevorum

376 867 533 912 Welfd
560 870 681 912 filius
703 872 894 913 Azzonis
916 872 1195 914 marchionis
1217 872 1444 914 Italorum
1467 873 1687 915 ducatum
1718 873 1876 916 Baioa-

374 929 496 971 riae⁸
543 931 744 985 suscepit
758 932 785 971 3.
859 931 907 972 Is
948 931 1121 972 filiam4
1163 931 1348 973 Ottonis
1389 932 1519 974 ducis
1560 932 1877 975 Baioariorum
1891 951 1927 976 10

374 1002 561 1030 uxorem
606 990 799 1031 duxerat
841 986 915 1032 etf
961 1004 1042 1045 per
1082 990 1400 1032 iusiurandum
1448 991 1595 1034 altera
1640 991 1733 1033 iam
1778 991 1876 1035 vice

375 1048 667 1090 matrimonio
710 1049 847 1091 fidem
889 1050 1067 1092 dixerat
1081 1049 1109 1090 ⁵.
1174 1048 1406 1101 Quamdiu
1446 1050 1603 1105 itaque
1643 1065 1716 1093 res
1754 1053 1877 1094 tran-

376 1107 578 1161 quillaeg
623 1110 772 1158 erant,
822 1109 1041 1163 quamdiu
1084 1109 1224 1151 etiam
1263 1109 1439 1151 bellum
1477 1111 1651 1152 temere
1692 1112 1877 1166 ceptum

375 1166 473 1207 sine
514 1167 679 1220 grandi
720 1169 1059 1222 permutatione
1099 1182 1254 1210 rerum
1294 1169 1443 1210 sedari
1484 1182 1615 1224 posse
1647 1169 1874 1224 sperabat,

375 1226 635 1267 maritalem
666 1222 825 1268 uxorih
863 1227 1082 1268 affectum
1115 1230 1162 1270 et
1184 1228 1404 1269 honorem
1436 1227 1676 1270 deferebat
1707 1231 1754 1271 et
1775 1242 1876 1271 cau·
1890 1241 1925 1268 15

375 1298 472 1325 sam
505 1285 660 1334 soceri,
695 1288 919 1340 quantum
941 1288 1136 1341 poterat,
1171 1287 1308 1328 armis
1341 1289 1388 1329 et
1417 1287 1618 1329 consiliis
1639 1287 1875 1330 tuebatur.

375 1344 440 1385 At
471 1343 552 1385 ubi
584 1344 910 1386 animadvertit
942 1346 1099 1386 datam
1137 1346 1186 1386 in
1227 1358 1332 1388 eum
1364 1342 1484 1388 esusei
1520 1347 1797 1388 sententiam
1828 1349 1875 1390 et

375 1402 549 1444 bellum
580 1403 956 1458 iracundiamque
987 1404 1108 1458 regis
1139 1405 1285 1459 magis
1316 1405 1365 1445 in
1392 1405 1489 1447 dies
1521 1405 1738 1447 adversus
1770 1419 1876 1448 eum

376 1462 655 1513 crudescere,
682 1462 805 1516 leges
828 1476 984 1504 omnes
1000 1463 1276 1518 vinculaque
1299 1464 1465 1513 omnia,
1494 1464 1659 1518 quibus
1676 1464 1876 1507 vicissim

375 1521 770 1575 propinquitatem
810 1522 1125 1573 firmaverant,
1160 1522 1367 1578 abrupit,
1403 1523 1548 1565 satius
1578 1526 1749 1578 putans
1779 1537 1925 1580 per-2⁰

374 1580 482 1620 iurii
504 1580 675 1622 crimen
707 1583 754 1622 et
775 1581 974 1623 violatae
995 1581 1104 1623 fidei
1124 1582 1448 1624 verecundiam
1480 1582 1706 1625 sustinere
1737 1596 1875 1638 quam

375 1652 447 1680 res
488 1653 593 1680 suas
634 1640 979 1682 florentissimas
1011 1641 1262 1696 desperatis
1300 1655 1352 1683 ac
1384 1641 1578 1696 perditis
1610 1641 1708 1684 eius
1737 1642 1875 1684 rebus

376 1698 641 1740 admiscere.
710 1699 771 1740 Et
810 1699 957 1754 primo
1003 1700 1053 1740 in
1098 1702 1196 1741 tam
1241 1700 1435 1755 trepidis
1480 1701 1618 1743 rebus
1663 1697 1872 1756 petentik

376 1757 597 1798 auxilium
621 1758 879 1812 denegavit,
915 1755 1044 1800 dein¹
1085 1759 1229 1800 filiam
1261 1759 1358 1801 eius
1390 1774 1418 1800 a
1449 1760 1760 1815 complexibus
1781 1759 1876 1802 suis

377 1819 424 1858 et
458 1817 583 1858 thori
617 1818 846 1859 consortio
879 1819 1137 1872 segregavit
1167 1819 1379 1874 patrique
1410 1819 1604 1870 remisit,
1644 1822 1876 1874 postremo
1889 1833 1924 1860 25

377 1877 436 1917 ad
466 1876 618 1931 ipsum
650 1876 747 1918 eius
780 1877 1000 1918 ducatum
1032 1879 1352 1933 occupandum
1383 1891 1564 1920 omnem
1596 1891 1781 1933 opera-m
1811 1878 1876 1920 in-

374 1935 549 1985 tendit,
598 1935 716 1976 nihil
770 1937 899 1990 pensi
950 1936 1146 1987 habens,
1197 1939 1422 1991 quantum
1473 1938 1597 1988 auri,
1651 1939 1877 1992 quantum

376 1994 577 2047 argenti,
621 1997 845 2048 quantum
875 1995 1153 2037 redituumm
1189 2010 1241 2037 ac
1282 1996 1617 2051 possessionum
1657 1991 1867 2038 suarumi

377 2052 655 2107 dilapidaret
669 2054 696 2103 ⁶,
732 2054 980 2095 dummodo
1013 2056 1135 2108 quod
1168 2055 1383 2110 cupiebat
1414 2058 1746 2110 assequeretur.
1799 2055 1875 2096 Di-

375 2113 528 2153 rectus
562 2114 632 2153 est
673 2125 780 2166 ergo
813 2112 946 2154 dolus
986 2113 1063 2153 111Ῑι
1100 2128 1240 2155 manu
1281 2115 1378 2156 eius
1411 2116 1459 2156 et
1498 2114 1678 2170 potuit⁰
1724 2116 1772 2157 et
1811 2114 1925 2156 in-ao

375 2170 523 2211 valuit
539 2170 564 2220 ⁷,
609 2171 786 2212 cunctis
828 2172 1187 2223 detestantibus,
1232 2174 1354 2227 quod
1396 2173 1696 2215 clarissimam
1737 2176 1875 2228 atque

376 2295 405 2328 a)
423 2297 515 2328 priori
534 2294 614 2323 Blb.
687 2295 718 2329 b)
736 2296 788 2322 nai
805 2297 890 2330 B12;
911 2297 1096 2322 nativitatem
1115 2297 1194 2324 ΒΗ).
1205 2298 1230 2324 2.
1309 2297 1336 2330 e)
1355 2297 1471 2323 Rudolfi
1491 2300 1553 2326 Al.
1572 2299 1649 2326 131⁸,
1660 2299 1685 2326 2.
1757 2297 1789 2332 d)
1808 2299 1876 2326 Wel

375 2332 437 2359 132.
492 2331 519 2365 e)
539 2333 741 2357 Baioariorum
760 2333 821 2360 Β2,
894 2331 917 2365 f)
936 2331 1138 2358 et—dixerat
1159 2340 1213 2360 om.
1232 2333 1293 2360 ΒΞ.
1348 2335 1379 2365 g)
1398 2334 1588 2364 intranquille
1607 2334 1668 2362 ΒΞ.
1723 2334 1755 2367 11)
1773 2334 1876 2360 uxoris

374 2367 453 2394 Bia.
526 2366 547 2400 i)
565 2367 641 2392 deest
659 2368 756 2395 B1.2.
829 2368 860 2399 k)
879 2375 933 2395 om.
952 2368 1013 2395 ΒΞ.
1086 2367 1107 2400 l)
1127 2366 1234 2393 deinde
1252 2367 1332 2395 Blb.
1418 2368 1458 2402 m)
1477 2367 1586 2396 reddit.
1605 2369 1666 2396 132.
1738 2369 1770 2402 n)
1788 2370 1818 2395 in
1836 2377 1876 2398 m.

376 2402 438 2428 eius
458 2403 501 2427 bis
519 2410 574 2430 scr.
593 2403 620 2428 B
631 2404 671 2430 1⁸.
744 2402 773 2436 ο)
791 2404 833 2428 sic
851 2411 956 2435 omne-⁴1,
976 2405 1050 2428 recte
1062 2404 1168 2435 procul
1186 2404 1283 2431 dubio.
1887 2405 1924 2432 35

377 2497 412 2541 1)
442 2498 498 2540 Cf.
524 2508 640 2541 supra
668 2509 708 2542 p.
737 2499 816 2533 111.
938 2497 974 2541 2)
1006 2497 1044 2531 in
1068 2496 1285 2542 Babenberg
1313 2498 1410 2533 Ann.
1436 2498 1570 2540 Anah„
1602 2498 1663 2532 sed
1686 2499 1875 2542 diplomate

375 2545 457 2578 dato
483 2556 515 2580 a.
537 2547 640 2588 1071,
675 2546 756 2579 Ian.
775 2547 807 2580 6.
845 2545 1033 2578 Goslariae
1066 2544 1135 2587 (St.
1162 2546 1274 2587 2740)
1299 2545 1489 2588 Lamperti
1510 2547 1639 2578 notitia
1663 2546 1878 2588 confirmari

375 2593 523 2627 videtur.
597 2594 633 2637 3)
661 2593 718 2634 Cf.
736 2593 833 2626 Arm.
851 2592 996 2632 Altah.‚·
1020 2591 1200 2626 Berthold.
1220 2591 1333 2635 (Arm.
1351 2592 1388 2627 S.
1407 2592 1553 2634 Blasiz),
1579 2592 1642 2628 SS.
1665 2593 1705 2634 V,
1726 2604 1766 2636 p.
1783 2595 1874 2633 275,-

375 2640 472 2674 Ann.
498 2640 662 2682 Auqust„
697 2640 760 2674 SS.
786 2640 861 2681 III,
890 2650 930 2682 p.
956 2641 1035 2674 126.
1148 2639 1185 2683 4)
1207 2638 1354 2672 nomine
1379 2638 1624 2683 Ethelindam,
1658 2640 1752 2683 quod
1775 2640 1872 2675 Ann.

375 2686 475 2719 Saoeo
500 2697 532 2721 a.
554 2689 657 2729 1071,
677 2698 717 2730 p.
736 2688 817 2723 698.
842 2687 906 2720 hoc
930 2686 1001 2720 loco
1026 2687 1202 2729 eoesoripto
1224 2686 1373 2720 addidit.
1448 2688 1484 2730 5)
1507 2687 1645 2720 Eadem
1669 2688 1746 2728 fere
1769 2688 1922 2722 verba-120

374 2734 415 2766 in
439 2734 535 2768 Anu.
554 2735 679 2770 Altah.
700 2746 738 2778 p.
756 2735 814 2770 80.
900 2734 936 2778 6)
962 2733 1201 2766 Praediorum
1225 2736 1255 2765 et
1274 2734 1514 2776 pecuniarum
1538 2736 1770 2777 quantitatem
1795 2745 1874 2768 eum

374 2782 453 2822 reyi
484 2780 634 2814 donasse
667 2784 772 2814 etiam
801 2781 898 2816 Ann.
924 2780 1045 2815 Altah.
1075 2780 1250 2821 referunt.
1372 2782 1408 2824 7)
1442 2781 1544 2814 Duos
1578 2781 1667 2814 locos
1700 2781 1874 2824 Vulyatae

374 2823 503 2870 Lamp.
529 2827 592 2860 hoc
614 2828 685 2862 loco
709 2829 894 2869 confudit:
923 2828 1019 2862 Dan.
1043 2828 1078 2869 8,
1096 2829 1161 2862 25:
1193 2828 1230 2860 et
1254 2826 1430 2872 dirigetur
1455 2827 1559 2861 dolus
1587 2828 1625 2861 in
1649 2839 1760 2861 manu
1785 2827 1872 2871 eim,

375 2875 411 2907 et
428 2885 490 2907 cor
506 2885 612 2907 suum
634 2874 891 2920 magnificabit,
918 2878 948 2908 et
968 2874 1055 2908 Osea
1079 2875 1134 2914 12,
1152 2876 1185 2909 3.
1203 2875 1242 2908 4:
1269 2876 1306 2908 et
1330 2874 1367 2907 in
1390 2873 1604 2908 fortitudine
1628 2886 1692 2908 sua
1714 2874 1873 2909 directus

375 2922 430 2954 cst
454 2932 536 2954 cum
562 2922 703 2966 angelo.
751 2921 802 2956 Et
825 2921 979 2956 invaluit
1003 2920 1049 2954 ad
1075 2920 1243 2965 angelum
1269 2923 1305 2954 et
1331 2921 1555 2955 confortatus
1580 2924 1645 2956 est.
1882 2929 1920 2955 45
