2014 3184
397 187 468 222 442

395 305 481 339 tabo
499 306 658 350 quodam
682 307 729 342 in
740 308 758 342 f
765 319 784 344 e
795 320 815 344 0
825 320 845 344 e
855 321 874 344 r
884 322 905 346 a
914 323 939 346 n
950 313 966 346 t
989 314 1068 358 133,
1079 325 1122 351 ιο.
1171 315 1227 350 vis
1243 317 1363 352 morbi
1379 319 1490 362 atque
1506 319 1561 355 uti
1576 320 1680 356 tabes
1693 349 1702 359 .
1717 349 1726 359 .

397 373 438 376 —
466 356 545 387 orta
570 354 704 390 sedicio
730 355 781 391 ita
805 356 907 393 brevi
925 387 933 396 .
953 387 961 396 .
980 389 989 397 .
1006 371 1122 406 popu·
1171 363 1312 399 animos
1335 365 1530 404 invaserat.

394 399 469 434 lum
511 401 614 444 quasi
655 402 756 438 rabie
797 405 954 450 quadam
995 407 1122 444 infecit

396 449 474 491 149,
489 459 534 484 30.
560 469 606 474 -
631 449 858 494 aliquantula
883 481 892 490 .
918 483 925 490 .
954 483 962 491 .
989 455 1121 491 furoris

392 494 474 529 labe
500 521 508 530 .
527 524 535 532 .
555 522 564 530 .
590 496 715 532 infecti
741 501 821 544 166,
836 511 881 536 20.
910 522 952 526 ——
983 514 1030 538 ne
1056 531 1065 540 .
1084 532 1091 540 .
1110 530 1119 539 .

391 542 564 586 pestilens
589 543 648 578 hie
672 546 821 581 morbus
847 551 993 594 sumpto
1011 562 1033 585 a
1049 550 1121 586 Ba-

390 589 699 636 benbergensibus
723 593 831 628 inicio
853 597 972 631 totum
997 597 1120 634 infice-

390 639 446 671 ret
481 649 612 683 corpus
645 641 766 686 gregis
798 641 970 678 dominici
994 647 1076 690 208,
1092 658 1117 682 ι.

439 685 664 730 antiquitatis
681 691 897 733 monstrum,
923 692 953 726 si
978 693 1023 727 ab
1049 693 1118 728 in-

389 731 509 766 feris
549 739 754 780 emergeret
780 738 859 780 100,
875 749 919 774 15.
947 759 990 764 —-
1017 741 1118 785 quasi

389 790 433 813 ex
482 780 607 816 inferis
655 782 841 818 redivivus
890 797 1118 833 emergerem

388 829 502 871 75,15.
522 849 564 852 —
582 831 771 874 tamquam
795 843 842 866 ex
866 832 992 869 inferis
1013 835 1117 870 vivus

387 885 576 920 emergens
600 879 681 920 268,
699 890 742 914 ιο.

433 923 566 957 aversis
593 925 719 966 oeulis,
754 925 954 963 infestis
983 930 1116 965 menti-

386 969 451 1003 bus
486 997 493 1004 .
523 997 531 1006 .
559 999 566 1006 .
602 973 843 1008 mussitabant
879 978 1029 1021 299,25.
1068 999 1114 1004 —-

384 1015 441 1050 Ex
466 1017 536 1052 hoe
559 1029 685 1054 omnes
710 1032 794 1056 oum
819 1022 958 1058 infestis
984 1025 1114 1060 menti-

384 1064 461 1107 bus,
487 1065 646 1102 adversis
677 1068 828 1113 (aversis
852 1073 890 1113 2)
925 1071 1113 1108 obtutibus

384 1111 565 1157 respicere
591 1117 712 1159 324‚5.

430 1163 577 1205 gentem
603 1161 806 1198 Saxonibus
835 1164 911 1199 inf
917 1166 1111 1202 estissi-

382 1218 496 1241 mam
524 1210 603 1253 163,
619 1221 662 1246 15.
682 1231 727 1236 ——-
750 1211 1019 1248 infestissimam
1046 1226 1109 1250 no-

381 1254 470 1288 mini
495 1255 691 1292 ehristiano
715 1261 864 1303 gentem
889 1263 970 1305 233,
985 1273 1012 1298 5.

427 1301 774 1340 infestissimis
799 1307 929 1342 animis
954 1309 991 1343 in
1016 1321 1108 1355 pug-

379 1359 463 1383 nam
489 1354 602 1385 ruunt
627 1355 682 1396 97,
697 1364 743 1388 20.

426 1396 463 1430 A
504 1409 576 1441 qua
616 1398 920 1436 infirmitate
956 1403 1106 1439 vixdum

377 1443 484 1487 plene
509 1447 703 1491 resumptis
728 1447 864 1483 viribus
895 1452 974 1494 103,
989 1463 1033 1487 20.
1062 1472 1105 1478 —

378 1489 449 1525 Sed
485 1493 531 1526 ab
566 1493 777 1530 infirmitate
811 1496 962 1532 vixdum
997 1499 1105 1543 plene

375 1541 560 1574 recreatus
587 1543 666 1586 169,
680 1552 706 1577 5.

424 1598 517 1630 puer
542 1587 660 1624 adhuc
685 1589 731 1623 in
743 1589 815 1624 fra
840 1591 1016 1628 militares
1041 1605 1104 1634 an-

376 1644 442 1667 nos
482 1636 560 1679 150,
575 1646 602 1671 5.
640 1657 682 1661 -
718 1649 810 1681 puer
842 1639 951 1684 longe
986 1640 1105 1677 adhuc

375 1680 472 1716 infra
512 1683 686 1718 militares
728 1696 840 1720 annos
877 1689 959 1730 273,
975 1699 1019 1725 15.
1058 1710 1103 1715 —

375 1728 484 1773 longe
509 1730 628 1765 adhue
652 1731 748 1767 infra
771 1733 974 1777 pubertatis
991 1747 1104 1771 annos

375 1777 520 1820 pueruli
545 1780 627 1823 274,
641 1790 686 1814 20.

423 1823 595 1859 adversus
629 1826 724 1862 hano
754 1839 883 1862 vocem
908 1829 1102 1866 vehemen-

374 1872 431 1904 ter
455 1871 710 1908 infremuit
733 1875 864 1920 vulgus
889 1879 970 1921 236,
985 1890 1029 1914 30.
1058 1899 1100 1904 —-

374 1917 562 1953 Adversus
595 1920 664 1955 hoo
694 1921 883 1957 decretum
919 1953 926 1960 .
958 1953 967 1962 .
998 1954 1006 1962 .
1042 1937 1102 1961 ve-

374 1964 565 2001 hementer
621 1968 811 2004 infremuit
859 1974 936 2006 tota
991 1972 1100 2008 factio

376 2015 454 2055 199,
469 2024 495 2048 5.

420 2059 466 2094 ad
501 2061 749 2106 ingenium
783 2075 889 2098 suum
919 2068 1028 2110 atque
1054 2068 1100 2102 ad

371 2106 567 2150 pristinum
616 2109 776 2154 rigorem
831 2112 943 2146 animi
991 2115 1100 2149 rediit

374 2156 453 2198 110,
467 2166 512 2190 25.
550 2177 591 2180 —
627 2158 804 2201 paulatim
829 2159 1099 2196 reformabatur

371 2201 417 2236 ad
441 2202 630 2248 ingenium
656 2216 761 2239 suum
787 2208 896 2250 atque
931 2208 976 2242 ad
1001 2209 1098 2254 rigo—

370 2260 446 2284 rem
472 2250 665 2294 pristinum
691 2254 771 2297 181,
790 2265 834 2289 20.

417 2297 474 2332 vir
498 2309 580 2332 acer
604 2299 804 2345 ingenio
831 2303 868 2336 et
891 2313 1003 2337 manu
1028 2303 1095 2337 im-

369 2344 474 2389 piger
512 2347 568 2390 71,
591 2357 618 2382 5.
660 2368 702 2372 -
741 2347 798 2382 vi'r
831 2349 925 2384 acris
959 2350 1096 2396 ingenii

369 2394 450 2436 311,
465 2403 492 2428 5.

417 2439 546 2474 offensi
571 2441 681 2475 etiam
706 2443 802 2487 regis
827 2443 959 2478 immiti
985 2447 1095 2490 atque

368 2486 590 2531 implacabili
630 2489 676 2523 in
685 2490 828 2535 genio
866 2494 947 2535 234,
966 2503 1009 2528 15.
1051 2514 1093 2518 —

368 2534 516 2568 immitis
553 2563 560 2570 .
588 2546 630 2571 .“.
667 2536 803 2582 ingenii
835 2538 913 2572 viro
948 2542 1029 2585 265,
1048 2552 1093 2577 20.

370 2601 412 2606 —-—
438 2582 556 2616 virum
582 2582 679 2618 mitis
704 2584 840 2629 ingenii
865 2588 945 2630 324,
960 2599 1005 2624 30.

416 2629 501 2672 quia
517 2641 581 2664 rex
599 2630 637 2664 in
654 2631 750 2666 bona
767 2633 843 2667 eius
868 2633 914 2667 in
926 2634 1092 2670 hiave-

366 2679 441 2710 rat
468 2679 606 2721 150,20.

415 2723 472 2757 cui
489 2724 552 2757 diu
578 2725 683 2760 anxie
708 2726 953 2762 inhiasset
978 2729 1091 2764 hono-

366 2780 442 2803 rem
471 2773 551 2815 128,
565 2783 610 2808 25.
638 2792 681 2798 ›—
708 2773 813 2809 anxie
841 2775 985 2810 inhians
1010 2776 1090 2811 bra-

366 2816 425 2851 vio
440 2828 616 2862 supernae
634 2822 938 2856 remunerationis
954 2825 1091 2868 318,35.

883 191 1047 229 INDEX
1071 194 1423 236 LOGUTIONUM.

1218 554 1274 596 Cf.
1302 556 1524 600 exemplum.

1221 697 1262 732 V.
1289 697 1401 734 Mart.
1427 700 1485 734 26.
1523 699 1553 734 si
1586 699 1677 745 ipse,
1709 693 1752 736 ht
1804 700 1813 709 ·
1886 696 1888 700 '

1167 743 1214 778 ab
1244 743 1424 780 inferis
1457 744 1644 783 Homerus
1863 751 1865 754 ’

1209 1171 1296 1207 sau.
1312 1171 1390 1208 eat.
1406 1174 1463 1208 52.
1488 1175 1637 1218 gentem
1661 1174 1887 1215 infestis,
1946 1163 1975 1226 ἶ,

1159 1228 1175 1251 s
1186 1229 1210 1252 u
1220 1229 1257 1251 m
1268 1229 1289 1252 a
1299 1230 1336 1253 m
1361 1219 1503 1255 nomini
1526 1219 1707 1259 Romano.
1955 1228 1958 1229 ’

1186 1313 1283 1366 Ἰιὶρ.
1297 1314 1345 1356 Χ,
1358 1316 1416 1350 31.
1438 1318 1643 1361 pugnatum
1659 1316 1788 1354 infes
1796 1320 1813 1355 t
1822 1317 1885 1355 is·
1936 1299 1973 1367 ⁷³³)¹

1156 1370 1172 1393 S
1182 1371 1195 1392 l
1205 1371 1243 1393 m
1252 1371 1264 1393 l
1275 1372 1291 1394 S
1316 1371 1455 1398 anlmlfl·

1204 1407 1297 1442 sm.
1323 1410 1417 1452 Any.
1448 1411 1482 1445 s.
1517 1409 1669 1446 vixdum
1703 1411 1831 1449 firmus
1861 1424 1886 1452 a
1950 1403 1975 1443 ²³-

1154 1454 1258 1499 gravi
1293 1455 1505 1493 valitudine.
1541 1478 1583 1482 —
1616 1459 1734 1496 Amm.
1766 1460 1883 1499 Maro.

1154 1501 1239 1546 XX,
1261 1504 1317 1546 11,
1338 1505 1394 1540 11.
1419 1505 1615 1550 resumptis
1638 1505 1789 1546 viribus.

1200 1691 1302 1726 Ruth
1327 1694 1359 1736 1,
1380 1695 1435 1729 13.
1461 1693 1577 1730 donec
1595 1723 1603 1731 .
1623 1723 1631 1732 .
1651 1723 1659 1732 .
1677 1707 1793 1734 annos
1812 1709 1880 1744 pue
1951 1718 1970 1740 c:

1153 1738 1303 1773 bertatis
1316 1739 1504 1784 impleant.
1518 1762 1560 1767 —
1574 1743 1705 1780 lustin.
1714 1745 1880 1792 XXXV,

1151 1787 1185 1829 2,
1214 1788 1247 1822 2.
1283 1798 1396 1822 annos
1425 1789 1628 1832 pubertatis
1653 1802 1828 1838 egressus.
1856 1824 1858 1826 v

1206 1834 1244 1869 V.
1263 1835 1375 1870 Mart.
1392 1837 1425 1871 4.
1451 1836 1624 1872 adversus
1638 1837 1735 1876 hano
1750 1850 1883 1878 vocem
1931 1851 1938 1878 Ξ

1151 1881 1326 1925 tyrannus
1352 1882 1621 1921 infremuit.
1872 1919 1877 1922 ,.

1201 2071 1334 2108 Terent.
1362 2074 1431 2109 Aa.
1457 2074 1488 2116 I,
1515 2076 1548 2118 1,
1574 2076 1632 2112 46.
1657 2087 1803 2113 rursum
1827 2076 1878 2119 aa

1147 2116 1393 2162 ingenium
1427 2120 1543 2166 redit;
1578 2122 1663 2160 Hoc,
1695 2124 1728 2167 I,
1752 2126 1788 2168 2,
1815 2126 1872 2171 333

1147 2164 1193 2198 ad
1218 2165 1405 2210 ingenium
1433 2168 1539 2205 redit.

1192 2306 1280 2342 Sall.
1305 2308 1383 2351 luy.
1409 2311 1440 2344 7.
1467 2312 1508 2343 ut
1533 2313 1611 2345 erat
1634 2311 1793 2358 impigro
1815 2300 1871 2350 at}

1145 2363 1214 2396 que
1232 2354 1307 2388 acri
1324 2354 1527 2401 ingenio;
1544 2359 1601 2394 28.
1619 2359 1695 2393 aeri
1710 2359 1870 2407 ingenio.⁴

1190 2447 1268 2484 Liv.
1293 2448 1489 2493 XXXIII,
1516 2452 1574 2488 45.
1609 2452 1660 2487 sic
1688 2452 1869 2490 immitem

1143 2496 1251 2539 atque
1285 2495 1551 2540 implacabilem
1585 2499 1662 2534 eius
1690 2500 1760 2536 viri
1790 2501 1870 2540 αῃίς-

1142 2553 1243 2575 mum
1269 2554 1356 2578 esse·

1189 2637 1290 2680 Sulp.
1308 2638 1380 2674 Sev.
1399 2639 1496 2675 maz.
1515 2641 1588 2684 HJ,
1605 2643 1623 2677 1
1630 2643 1660 2677 1.
1685 2624 1867 2687 siquidemv
1896 2622 1899 2623 ⁷

1140 2682 1179 2717 in
1203 2684 1300 2718 bona
1324 2696 1451 2720 eorum
1476 2687 1769 2726 inhiaverat.
1866 2707 1869 2711 ·
1919 2699 1934 2715 ‘³⁴
