2014 3184
605 271 770 308 INDEX
794 271 928 308 1ιοοΠ
931 269 1147 308 TIONUM.

172 394 317 438 divino,
357 395 401 428 ut
440 392 620 437 creditur,
671 390 856 437 spiritu

126 443 396 497 actus-241319.

172 501 242 526 nec
264 488 336 536 ipsi
359 488 399 524 in
416 499 503 523 eum
520 487 684 522 mitiores
710 485 856 532 spiri-

126 540 202 574 tns
226 538 398 584 gerentes
415 537 497 580 107,
507 546 554 572 20.
579 555 622 560 -
646 545 799 580 regem.

125 585 276 621 hostiles
293 583 489 620 adversum
507 594 545 618 se
563 582 712 628 spiritus
728 592 858 628 gerere

126 634 208 678 301,
221 643 250 670 5.
284 651 328 658 -
355 631 419 676 qui
445 629 714 668 ..tumidos
739 628 859 664 adhuc

130 679 278 736 spiritus
293 679 474 726 gerebant
482 658 572 722 201,
583 689 610 714 ι.
638 697 681 703 -
708 676 801 722 qui.

127 728 236 765 eius.
255 726 452 765 .tumidos
477 704 627 772 spiri'tus
653 751 662 760 .
681 753 689 761 .
709 752 718 761 .
744 735 858 770 oppo-

127 776 238 812 sita.
341 774 465 810 fronte
488 773 710 819 refringeret
734 774 816 816 325,
830 783 858 808 5.

176 822 223 859 ad
247 822 407 869 spolia
431 820 638 867 diripienda
665 848 675 857 .
701 849 708 856 .
738 846 746 854 .
773 831 858 855 con-

129 870 313 907 fluxerant
337 872 396 914 94,
406 879 433 906 5.
461 889 505 895 --
532 867 700 904 conversi
724 867 859 902 milites

131 918 179 954 ad
203 917 319 964 spolia
343 916 550 963 diripienda
573 918 656 961 221,
670 926 715 952 15.

173 1015 256 1049 tuta
301 1023 400 1048 nunc
450 1011 670 1046 statione
720 1011 861 1045 locatus

131 1063 212 1105 182,
225 1072 271 1098 so.

175 1107 252 1145 Ubi
290 1136 298 1144 .
337 1136 348 1145 .
386 1135 396 1145 .
431 1109 622 1152 tamquam
657 1105 861 1140 stativis

131 1156 259 1193 caetris
283 1166 322 1192 se
348 1155 580 1192 continuerat
605 1156 686 1198 100,
700 1165 746 1190 2ο.

176 1206 331 1250 propter
355 1201 653 1248 componendum
678 1212 695 1235 s
704 1203 722 1236 t
731 1212 752 1236 a
762 1203 778 1235 t
789 1212 813 1234 ιι
822 1212 861 1235 ιιι

130 1251 390 1288 aecclesiarum
415 1253 453 1286 et
475 1261 605 1296 pacem
625 1248 753 1284 Galliis
778 1248 861 1283 red-

131 1299 292 1336 dendam
309 1301 367 1344 62,
377 1309 406 1335 5.
433 1318 475 1324 --
501 1297 548 1332 ad
565 1296 860 1342 componendum

159 1373 168 1383 .
187 1373 196 1383 .
221 1349 359 1383 statum
382 1345 438 1381 rei
459 1345 630 1391 publicae
655 1347 794 1389 302,10.
817 1363 859 1369 —

130 1394 232 1430 missi
267 1423 275 1432 .
302 1423 311 1431 .
339 1422 347 1431 .
380 1404 601 1432 componere
637 1421 646 1428 .
674 1421 682 1429 .
710 1420 718 1428 .
750 1391 861 1427 vacil-

130 1443 269 1479 lantem
294 1444 433 1477 statum
459 1439 664 1476 Galliarum
690 1442 771 1484 193,
786 1451 830 1476 30.

178 1501 252 1536 per
280 1501 390 1535 quem
423 1489 657 1534 potissimum
691 1487 861 1522 stetis-

132 1540 226 1583 set,
250 1548 298 1573 ne
323 1537 502 1572 darentur
527 1538 650 1580 107,1.
687 1555 729 1560 -
763 1534 863 1579 quod

131 1597 199 1632 per
222 1596 308 1620 eum
338 1583 570 1630 potissimum
595 1582 738 1618 stetisse
762 1581 862 1616 vide·

132 1635 245 1676 retur,
278 1643 327 1667 ne
359 1661 367 1668 .
395 1630 654 1668 ..deditioni
680 1629 861 1665 consenti-

131 1683 216 1716 rent
237 1659 373 1724 '226‚20

181 1785 316 1821 magna
350 1773 511 1808 militum
541 1783 654 1807 manu
685 1771 864 1816 stipati

135 1826 194 1868 71,
213 1833 258 1859 25.
296 1842 339 1848 --
375 1820 599 1866 amplissimo
634 1819 769 1865 stipata
796 1830 863 1853 nu-

134 1881 237 1906 mero
262 1869 438 1905 abbatum
465 1870 545 1911 138,
560 1879 605 1904 ιο.
638 1887 683 1892 -
709 1866 864 1912 stipatus

134 1921 289 1963 uterque
322 1927 458 1963 magno
486 1927 598 1962 grege
628 1914 864 1960 philosopho—

134 1977 218 2002 rum
255 1967 404 2009 141,1o.
440 1983 482 1989 —-
518 1963 718 2009 legionem,
754 1972 865 2006 quam

137 2024 183 2049 ex
207 2011 413 2048 lectissimis
439 2039 446 2047 .
474 2039 482 2047 .
502 2039 509 2046 .
535 2010 728 2045 iuvenibus
754 2009 866 2054 stipa·

135 2064 214 2096 tam
249 2089 257 2097 .
294 2088 301 2096 .
339 2088 346 2096 .
384 2058 594 2093 instituerat
629 2059 713 2101 218,
738 2068 781 2093 ιο.
821 2076 864 2082 -

135 2110 240 2144 tanto
275 2107 429 2152 stipatus
463 2105 609 2152 agmine
641 2107 724 2149 215,
738 2115 784 2141 25.
822 2124 864 2130 —-

138 2154 420 2191 fortissimorum
444 2154 618 2188 iuvenum
641 2151 786 2198 agmine
804 2150 866 2186 sti-

137 2206 248 2257 patus
268 2204 352 2256 267,
365 2212 412 2238 25.

186 2249 249 2286 ubi
273 2249 436 2295 primum
460 2250 560 2283 aetas
578 2246 755 2283 faciendis
781 2246 867 2281 sti-

137 2297 336 2344 pendiis
364 2299 510 2331 matura
533 2295 612 2331 visa
636 2297 692 2330 est
726 2296 807 2339 121,
823 2305 867 2331 15.

139 2365 184 2372 --
211 2345 329 2380 omnis
354 2346 466 2388 aetas,
491 2354 586 2388 quae
602 2342 714 2378 modo
732 2321 867 2377 faci’en-

139 2393 196 2428 dis
227 2391 417 2447 stipendiis
447 2370 581 2426 i’donea
605 2389 702 2426 foret
727 2391 808 2432 149,
822 2400 867 2426 50.

142 2461 184 2466 -
211 2440 276 2486 qui
299 2439 338 2474 in
354 2438 531 2475 faciendis
556 2437 747 2483 stipendiis
772 2439 869 2471 aeta-

139 2490 216 2523 tem
241 2487 422 2534 exegisset
445 2489 528 2531 216,
541 2497 587 2522 20.

189 2533 354 2580 Cumque
390 2563 398 2571 .
435 2562 443 2570 .
477 2562 485 2570 .
520 2544 672 2578 magnas
709 2530 870 2566 hostium

142 2585 335 2628 strages
359 2581 491 2616 darent
515 2583 632 2623 78,15.

189 2629 253 2664 Ad
276 2629 348 2664 hoc
371 2640 432 2664 me
467 2627 673 2663 accendunt
707 2624 872 2660 studia

139 2687 267 2712 rerum
290 2676 468 2712 moderno
492 2678 659 2720 tempore
685 2675 871 2719 gestarum

144 2726 226 2769 345,
240 2735 285 2760 ιο.

192 2829 441 2863 quoscumque
467 2816 573 2852 donis
604 2815 663 2850 vel
687 2813 874 2859 promissis

139 2865 192 2900 ad
217 2864 433 2900 studium
464 2875 613 2899 suarum
637 2861 798 2907 partium
823 2861 874 2894 al-

142 2913 254 2949 licere
270 2912 392 2958 potuit
410 2914 529 2956 169,1.
556 2931 598 2936 —
622 2909 775 2943 aliarum
792 2918 875 2952 par·

1564 272 1635 307 479

955 392 1035 427 Liv.
1065 391 1107 434 V,
1134 392 1193 434 43,
1220 392 1254 427 8.
1289 400 1357 425 nec
1391 401 1493 424 secus
1526 400 1636 434 quam

906 438 1031 474 divino
1058 437 1242 484 spiritu
1269 440 1399 473 tactus.

958 818 1142 861 Esther-8,
1164 819 1220 854 11.
1246 816 1408 874 spolia
1433 827 1560 851 eorum
1586 814 1638 849 di-

908 865 1089 910 riperent,
1132 869 1190 900 etc.
1238 866 1278 898 in
1324 865 1428 908 Vuzq.
1473 883 1515 889 —
1560 864 1638 899 ΙΛυ.

909 913 1064 957 XXVI,
1097 914 1154 949 46.
1194 912 1241 946 ad
1273 911 1448 957 praedam
1483 910 1639 946 victores

909 961 1016 996 versi.

960 1009 1059 1043 Ovid.
1078 1008 1167 1042 Her.
1191 1010 1224 1051 7,
1242 1009 1300 1044 89.
1330 1006 1521 1041 Fluctibus
1547 1005 1639 1040 eiec-

909 1058 990 1091 tum
1015 1058 1097 1090 tuta
1122 1055 1339 1090 statione
1364 1054 1496 1098 recepi.

959 1105 1076 1140 Amm.
1104 1104 1218 1139 Marc.
1254 1103 1397 1146 XXIV,
1424 1104 1456 1144 7,
1476 1104 1508 1138 7.
1544 1103 1639 1135 sta-

910 1151 1032 1186 tivis
1066 1150 1191 1186 castris
1225 1178 1233 1187 .
1260 1177 1268 1185 .
1296 1178 1304 1186 .
1330 1149 1558 1184 tenebamur.
1595 1169 1637 1174 —

911 1200 1000 1235 Sall.
1038 1199 1119 1242 qu.
1152 1200 1211 1235 44.
1249 1197 1383 1232 milites
1423 1196 1462 1231 in
1500 1195 1639 1230 stativis

912 1246 1039 1282 castris
1056 1246 1226 1282 habebat.
1255 1265 1297 1271 —
1324 1245 1402 1280 Liv.
1421 1244 1561 1287 XLIV,
1581 1245 1639 1280 46.

912 1297 1031 1330 castra
1065 1320 1074 1329 .
1111 1322 1118 1330 .
1155 1322 1162 1329 .
1200 1304 1268 1339 per
1302 1292 1440 1336 aliquot
1474 1291 1551 1326 dies
1587 1291 1640 1326 ibi

912 1342 1043 1377 stativa
1067 1341 1207 1385 habuit,
1232 1346 1292 1377 etc.

960 1485 1039 1520 Liv.
1074 1484 1133 1528 II,
1170 1485 1235 1527 31,
1270 1485 1326 1519 11.
1364 1482 1537 1528 quoniam
1574 1492 1641 1526 per

913 1544 998 1568 eum
1023 1543 1098 1567 non
1130 1531 1380 1574 stetisset,
1416 1529 1503 1575 quin
1536 1539 1640 1574 prae-

912 1582 1092 1623 staretur3
1126 1579 1246 1621 XLV,
1271 1580 1329 1614 23.
1362 1589 1409 1612 ne
1439 1579 1641 1622 praestare-

912 1639 1005 1672 mus,
1021 1638 1089 1672 per
1101 1637 1166 1662 vos
1183 1604 1356 1662 210121.-
1375 1626 1510 1660 Terent.
1523 1625 1639 1660 And-r.

913 1675 983 1718 IV,
996 1654 1035 1718 2,
1057 1676 1112 1711 16.
1139 1685 1186 1708 ne
1202 1676 1308 1719 pater
1323 1684 1390 1718 per
1414 1683 1473 1707 me
1499 1672 1640 1706 stetisse

913 1701 1049 1766 cre'dat,
1067 1721 1262 1766 quominus
1278 1721 1346 1755 hae
1366 1719 1456 1754 fiant
1479 1719 1639 1764 nuptiae.

961 1771 1038 1806 Isin.
1065 1770 1097 1813 I,
1114 1771 1174 1812 47,
1190 1772 1224 1807 8.
1251 1769 1468 1813 stipatus
1494 1766 1639 1821 agmine

914 1865 1061 1911 agmine
1077 1843 1333 1910 pati-iciorum;
1354 1842 1495 1906 I'V,29,
1512 1865 1542 1898 1.
1558 1873 1640 1897 cum

913 1913 1026 1958 globo
1060 1911 1342 1947 fortissimorum
1376 1911 1562 1945 iuvenum.
1597 1930 1640 1934 —

915 1962 1033 1996 Amm.
1059 1961 1175 1995 Marc.
1202 1959 1354 2001 XXVI,
1381 1960 1493 2001 6,16.
1519 1957 1642 1991 multi-

914 2007 1042 2043 tudine
1067 2007 1221 2052 stipatus
1247 2009 1482 2041 armatorum.

914 1820 1159 1860 armatorum·
1207 1817 1274 1861 VI,
1412 1817 1445 1851 5.
1488 1814 1640 1859 stipatus

964 2246 1052 2281 Sall.
1071 2245 1151 2288 luy.
1170 2246 1227 2280 63.
1252 2242 1430 2277 faciundis
1455 2253 1471 2275 s
1482 2244 1498 2275 t
1507 2241 1519 2274 i
1529 2253 1552 2286 p
1564 2251 1583 2275 e
1594 2252 1619 2274 n
1630 2260 1643 2266 -

917 2293 1012 2328 diis
1040 2321 1047 2328 .
1076 2319 1084 2328 .
1113 2319 1120 2328 .
1147 2302 1223 2326 sese
1250 2289 1423 2325 exercuit.

967 2531 1000 2565 2.
1016 2529 1134 2563 Mach.
1148 2529 1182 2570 8,
1198 2529 1231 2562 6.
1250 2536 1322 2560 non
1339 2535 1471 2570 paucas
1487 2523 1645 2559 hostium

921 2579 1113 2621 strages
1143 2574 1264 2609 dabat.

969 2623 1058 2658 Sall.
1086 2623 1161 2657 Cat.
1188 2624 1245 2657 23.
1287 2619 1342 2654 Ea
1367 2630 1424 2653 res
1457 2617 1506 2652 in‘
1519 2617 1646 2662 primis

922 2669 1087 2705 studia
1135 2668 1326 2703 hominum
1374 2665 1539 2700 accendit
1580 2665 1647 2708 ad3

922 2718 1001 2761 qu.
1028 2719 1062 2753 6.
1095 2716 1141 2750 ad
1165 2715 1235 2749 hoc
1259 2713 1379 2748 studia
1404 2712 1648 2747 Numidarum

922 2765 961 2799 in
967 2729 1082 2809 9Ιοςο
1083 2763 1205 2798 rtham
1231 2772 1392 2797 accensa.

970 2812 1062 2846 Sall.
1089 2811 1169 2854 luy.
1195 2811 1253 2846 80.
1283 2818 1481 2853 proxumos
1507 2806 1649 2860 magnis

923 2858 1136 2893 muneribus
1161 2860 1199 2891 et
1231 2855 1429 2890 maioribus
1463 2854 1648 2899 promissis

924 2906 971 2941 ad
1012 2903 1225 2940 studium
1274 2903 1330 2937 sui
1377 2901 1555 2947 perducit.
1606 2921 1647 2926 -
