<?xml version="1.0" encoding="UTF-8"?>
<!DOCTYPE html PUBLIC "-//W3C//DTD XHTML 1.0 Transitional//EN"
    "http://www.w3.org/TR/xhtml1/DTD/xhtml1-transitional.dtd">
<html xmlns="http://www.w3.org/1999/xhtml" xml:lang="en" lang="en">
 <head>
  <title>
</title>
<meta http-equiv="Content-Type" content="text/html;charset=utf-8" />
  <meta name='ocr-system' content='tesseract 3.04.00' />
  <meta name='ocr-capabilities' content='ocr_page ocr_carea ocr_par ocr_line ocrx_word'/>
</head>
<body>
  <div class='ocr_page' id='page_1' title='image "./lampertimonachih00lambuoft/lampertimonachih00lambuoft_0327.png"; bbox 0 0 2046 3190; ppageno 0'>
   <div class='ocr_carea' id='block_1_1' title="bbox 530 214 1680 259">
    <p class='ocr_par' dir='ltr' id='par_1_1' title="bbox 530 214 1680 259">
     <span class='ocr_line' id='line_1_1' title="bbox 530 214 1680 259; baseline 0.005 -9"><span class='ocrx_word' id='word_1_1' title='bbox 530 214 800 259; x_wconf 70' lang='lat' dir='ltr'><strong>LAMPERTI</strong></span> <span class='ocrx_word' id='word_1_2' title='bbox 824 215 1080 253; x_wconf 79' lang='lat' dir='ltr'>ANNALES.</span> <span class='ocrx_word' id='word_1_3' title='bbox 1129 217 1178 253; x_wconf 87' lang='lat' dir='ltr'>A.</span> <span class='ocrx_word' id='word_1_4' title='bbox 1206 219 1309 254; x_wconf 88' lang='grc'><strong>1076.</strong></span> <span class='ocrx_word' id='word_1_5' title='bbox 1611 221 1680 256; x_wconf 80' lang='lat'>&lt;251</span> 
     </span>
    </p>
   </div>
   <div class='ocr_carea' id='block_1_2' title="bbox 170 339 1801 396">
    <p class='ocr_par' dir='ltr' id='par_1_2' title="bbox 170 339 1801 396">
     <span class='ocr_line' id='line_1_2' title="bbox 170 339 1801 396; baseline 0.002 -15"><span class='ocrx_word' id='word_1_6' title='bbox 170 339 491 385; x_wconf 89' lang='lat' dir='ltr'>iusiurandum</span> <span class='ocrx_word' id='word_1_7' title='bbox 524 339 678 394; x_wconf 80' lang='lat' dir='ltr'>exegit</span> <span class='ocrx_word' id='word_1_8' title='bbox 710 341 758 381; x_wconf 87' lang='lat' dir='ltr'>et</span> <span class='ocrx_word' id='word_1_9' title='bbox 799 340 997 395; x_wconf 86' lang='lat' dir='ltr'>accepit,</span> <span class='ocrx_word' id='word_1_10' title='bbox 1040 343 1095 382; x_wconf 88' lang='lat' dir='ltr'>ut</span> <span class='ocrx_word' id='word_1_11' title='bbox 1136 355 1230 382; x_wconf 91' lang='lat' dir='ltr'>non</span> <span class='ocrx_word' id='word_1_12' title='bbox 1262 341 1404 382; x_wconf 89' lang='lat' dir='ltr'>alium</span> <span class='ocrx_word' id='word_1_13' title='bbox 1438 344 1542 396; x_wconf 89' lang='lat' dir='ltr'>post</span> <span class='ocrx_word' id='word_1_14' title='bbox 1575 342 1801 384; x_wconf 81' lang='lat' dir='ltr'>eu1111075·</span> 
     </span>
    </p>
   </div>
   <div class='ocr_carea' id='block_1_3' title="bbox 122 398 1681 2365">
    <p class='ocr_par' dir='ltr' id='par_1_3' title="bbox 122 398 1681 2365">
     <span class='ocr_line' id='line_1_3' title="bbox 170 398 1680 457; baseline 0.002 -17"><span class='ocrx_word' id='word_1_15' title='bbox 170 413 310 454; x_wconf 85' lang='lat' dir='ltr'>quam</span> <span class='ocrx_word' id='word_1_16' title='bbox 348 398 495 440; x_wconf 88' lang='lat' dir='ltr'>filium</span> <span class='ocrx_word' id='word_1_17' title='bbox 537 398 677 449; x_wconf 83' lang='lat' dir='ltr'>eius1‚</span> <span class='ocrx_word' id='word_1_18' title='bbox 726 401 940 442; x_wconf 89' lang='lat' dir='ltr'>tenerum</span> <span class='ocrx_word' id='word_1_19' title='bbox 981 401 1135 442; x_wconf 86' lang='lat' dir='ltr'>adhuc</span> <span class='ocrx_word' id='word_1_20' title='bbox 1176 401 1482 451; x_wconf 83' lang='lat' dir='ltr'>infantulum,</span> <span class='ocrx_word' id='word_1_21' title='bbox 1525 416 1680 457; x_wconf 85' lang='lat' dir='ltr'>regem</span> 
     </span>
     <span class='ocr_line' id='line_1_4' title="bbox 171 457 1680 514; baseline 0.003 -14"><span class='ocrx_word' id='word_1_22' title='bbox 171 459 260 501; x_wconf 87' lang='lat' dir='ltr'><strong>sibi</strong></span> <span class='ocrx_word' id='word_1_23' title='bbox 297 458 536 514; x_wconf 73' lang='lat' dir='ltr'>eligerent.</span> <span class='ocrx_word' id='word_1_24' title='bbox 600 458 676 501; x_wconf 93' lang='lat' dir='ltr'>Ibi</span> <span class='ocrx_word' id='word_1_25' title='bbox 708 457 822 500; x_wconf 92' lang='lat' dir='ltr'>Otto</span> <span class='ocrx_word' id='word_1_26' title='bbox 864 459 958 500; x_wconf 86' lang='lat' dir='ltr'>dux</span> <span class='ocrx_word' id='word_1_27' title='bbox 997 460 1231 514; x_wconf 86' lang='lat' dir='ltr'>quondam</span> <span class='ocrx_word' id='word_1_28' title='bbox 1263 460 1523 509; x_wconf 84' lang='lat' dir='ltr'>Baioariae,</span> <span class='ocrx_word' id='word_1_29' title='bbox 1559 462 1680 504; x_wconf 84' lang='lat' dir='ltr'>datis</span> 
     </span>
     <span class='ocr_line' id='line_1_5' title="bbox 170 518 1680 574; baseline 0.002 -14"><span class='ocrx_word' id='word_1_30' title='bbox 170 531 254 574; x_wconf 91' lang='lat' dir='ltr'>pro</span> <span class='ocrx_word' id='word_1_31' title='bbox 285 532 333 561; x_wconf 89' lang='lat' dir='ltr'>se</span> <span class='ocrx_word' id='word_1_32' title='bbox 366 518 546 560; x_wconf 88' lang='lat' dir='ltr'>duobus</span> <span class='ocrx_word' id='word_1_33' title='bbox 580 518 688 560; x_wconf 87' lang='lat' dir='ltr'>filiis</span> <span class='ocrx_word' id='word_1_34' title='bbox 720 518 845 560; x_wconf 78' lang='lat' dir='ltr'>suis2</span> <span class='ocrx_word' id='word_1_35' title='bbox 876 519 1128 571; x_wconf 86' lang='lat' dir='ltr'>obsidibus,</span> <span class='ocrx_word' id='word_1_36' title='bbox 1171 520 1407 562; x_wconf 87' lang='lat' dir='ltr'>deditione</span> <span class='ocrx_word' id='word_1_37' title='bbox 1439 521 1680 564; x_wconf 88' lang='lat' dir='ltr'>absolutus</span> 
     </span>
     <span class='ocr_line' id='line_1_6' title="bbox 140 577 1680 635; baseline 0.002 -16"><span class='ocrx_word' id='word_1_38' title='bbox 140 580 253 630; x_wconf 70' lang='lat' dir='ltr'>sest,</span> <span class='ocrx_word' id='word_1_39' title='bbox 295 592 381 620; x_wconf 88' lang='lat' dir='ltr'>nec</span> <span class='ocrx_word' id='word_1_40' title='bbox 413 577 562 620; x_wconf 85' lang='lat' dir='ltr'>solum</span> <span class='ocrx_word' id='word_1_41' title='bbox 594 578 643 620; x_wconf 91' lang='lat' dir='ltr'>in</span> <span class='ocrx_word' id='word_1_42' title='bbox 675 579 886 633; x_wconf 75' lang='lat' dir='ltr'>gratiam,</span> <span class='ocrx_word' id='word_1_43' title='bbox 930 580 1011 621; x_wconf 89' lang='lat' dir='ltr'>sed</span> <span class='ocrx_word' id='word_1_44' title='bbox 1042 580 1091 621; x_wconf 88' lang='lat' dir='ltr'>in</span> <span class='ocrx_word' id='word_1_45' title='bbox 1122 583 1304 621; x_wconf 87' lang='lat' dir='ltr'>tantam</span> <span class='ocrx_word' id='word_1_46' title='bbox 1337 594 1518 635; x_wconf 90' lang='lat' dir='ltr'>quoque</span> <span class='ocrx_word' id='word_1_47' title='bbox 1550 582 1680 623; x_wconf 81' lang='lat' dir='ltr'>fami-</span> 
     </span>
     <span class='ocr_line' id='line_1_7' title="bbox 170 637 1680 695; baseline 0.003 -16"><span class='ocrx_word' id='word_1_48' title='bbox 170 637 423 681; x_wconf 83' lang='lat' dir='ltr'>liaritatem</span> <span class='ocrx_word' id='word_1_49' title='bbox 465 640 680 693; x_wconf 90' lang='lat' dir='ltr'>receptus</span> <span class='ocrx_word' id='word_1_50' title='bbox 714 640 784 680; x_wconf 92' lang='lat' dir='ltr'>est</span> <span class='ocrx_word' id='word_1_51' title='bbox 825 653 852 680; x_wconf 91' lang='lat' dir='ltr'>a</span> <span class='ocrx_word' id='word_1_52' title='bbox 883 653 1004 694; x_wconf 89' lang='lat' dir='ltr'>rege,</span> <span class='ocrx_word' id='word_1_53' title='bbox 1047 641 1102 680; x_wconf 90' lang='lat' dir='ltr'>ut</span> <span class='ocrx_word' id='word_1_54' title='bbox 1143 640 1298 682; x_wconf 87' lang='lat' dir='ltr'>omnia</span> <span class='ocrx_word' id='word_1_55' title='bbox 1330 640 1546 695; x_wconf 80' lang='lat' dir='ltr'>deinceps</span> <span class='ocrx_word' id='word_1_56' title='bbox 1580 655 1680 683; x_wconf 91' lang='lat' dir='ltr'>con-</span> 
     </span>
     <span class='ocr_line' id='line_1_8' title="bbox 170 697 1680 754; baseline 0.002 -15"><span class='ocrx_word' id='word_1_57' title='bbox 170 697 275 740; x_wconf 87' lang='lat' dir='ltr'>silia</span> <span class='ocrx_word' id='word_1_58' title='bbox 305 699 403 739; x_wconf 87' lang='lat' dir='ltr'>tam</span> <span class='ocrx_word' id='word_1_59' title='bbox 436 698 492 740; x_wconf 89' lang='lat' dir='ltr'>de</span> <span class='ocrx_word' id='word_1_60' title='bbox 524 698 706 753; x_wconf 87' lang='lat' dir='ltr'>privata</span> <span class='ocrx_word' id='word_1_61' title='bbox 737 712 875 753; x_wconf 90' lang='lat' dir='ltr'>quam</span> <span class='ocrx_word' id='word_1_62' title='bbox 909 699 966 741; x_wconf 89' lang='lat' dir='ltr'>de</span> <span class='ocrx_word' id='word_1_63' title='bbox 1007 713 1055 742; x_wconf 91' lang='lat' dir='ltr'>re</span> <span class='ocrx_word' id='word_1_64' title='bbox 1097 699 1286 754; x_wconf 88' lang='lat' dir='ltr'>publica</span> <span class='ocrx_word' id='word_1_65' title='bbox 1328 701 1522 742; x_wconf 85' lang='lat' dir='ltr'>caeteris</span> <span class='ocrx_word' id='word_1_66' title='bbox 1565 701 1680 742; x_wconf 89' lang='lat' dir='ltr'>auri-</span> 
     </span>
     <span class='ocr_line' id='line_1_9' title="bbox 171 757 1680 802; baseline 0.001 -2"><span class='ocrx_word' id='word_1_67' title='bbox 171 757 356 800; x_wconf 85' lang='lat' dir='ltr'>culariis</span> <span class='ocrx_word' id='word_1_68' title='bbox 387 757 664 799; x_wconf 80' lang='lat' dir='ltr'>familiarius</span> <span class='ocrx_word' id='word_1_69' title='bbox 698 771 802 799; x_wconf 88' lang='lat' dir='ltr'>cum</span> <span class='ocrx_word' id='word_1_70' title='bbox 835 772 888 800; x_wconf 93' lang='lat' dir='ltr'>eo</span> <span class='ocrx_word' id='word_1_71' title='bbox 921 759 1283 801; x_wconf 74' lang='lat' dir='ltr'>communicaret</span> <span class='ocrx_word' id='word_1_72' title='bbox 1297 759 1325 799; x_wconf 79' lang='lat'>3.</span> <span class='ocrx_word' id='word_1_73' title='bbox 1380 759 1680 802; x_wconf 79' lang='lat' dir='ltr'>Caeterorum</span> 
     </span>
     <span class='ocr_line' id='line_1_10' title="bbox 170 817 1274 872; baseline 0.001 -14"><span class='ocrx_word' id='word_1_74' title='bbox 170 817 251 872; x_wconf 91' lang='lat' dir='ltr'>qui</span> <span class='ocrx_word' id='word_1_75' title='bbox 282 831 329 860; x_wconf 90' lang='lat' dir='ltr'>se</span> <span class='ocrx_word' id='word_1_76' title='bbox 363 817 638 860; x_wconf 75' lang='lat' dir='ltr'>dediderant</span> <span class='ocrx_word' id='word_1_77' title='bbox 669 831 754 860; x_wconf 89' lang='lat' dir='ltr'>nec</span> <span class='ocrx_word' id='word_1_78' title='bbox 788 818 961 860; x_wconf 89' lang='lat' dir='ltr'>mentio</span> <span class='ocrx_word' id='word_1_79' title='bbox 994 819 1157 860; x_wconf 87' lang='lat' dir='ltr'>habita</span> <span class='ocrx_word' id='word_1_80' title='bbox 1190 821 1274 861; x_wconf 88' lang='lat' dir='ltr'>est.</span> 
     </span>
     <span class='ocr_line' id='line_1_11' title="bbox 125 876 1679 934; baseline 0.004 -19"><span class='ocrx_word' id='word_1_81' title='bbox 125 890 158 915; x_wconf 76' lang='grc' dir='ltr'>ιο</span> <span class='ocrx_word' id='word_1_82' title='bbox 316 876 602 919; x_wconf 82' lang='lat' dir='ltr'>Coloniensis</span> <span class='ocrx_word' id='word_1_83' title='bbox 635 877 776 920; x_wconf 89' lang='lat' dir='ltr'>etiam</span> <span class='ocrx_word' id='word_1_84' title='bbox 809 877 959 919; x_wconf 89' lang='lat' dir='ltr'>clerus</span> <span class='ocrx_word' id='word_1_85' title='bbox 992 880 1040 920; x_wconf 92' lang='lat' dir='ltr'>et</span> <span class='ocrx_word' id='word_1_86' title='bbox 1081 878 1279 934; x_wconf 87' lang='lat' dir='ltr'>populus</span> <span class='ocrx_word' id='word_1_87' title='bbox 1322 879 1380 920; x_wconf 87' lang='lat' dir='ltr'>ad</span> <span class='ocrx_word' id='word_1_88' title='bbox 1414 879 1679 934; x_wconf 89' lang='lat' dir='ltr'>eligendum</span> 
     </span>
     <span class='ocr_line' id='line_1_12' title="bbox 171 936 1679 991; baseline 0.001 -13"><span class='ocrx_word' id='word_1_89' title='bbox 171 936 260 979; x_wconf 90' lang='lat' dir='ltr'>sibi</span> <span class='ocrx_word' id='word_1_90' title='bbox 292 937 552 979; x_wconf 83' lang='lat' dir='ltr'>antistitem</span> <span class='ocrx_word' id='word_1_91' title='bbox 584 937 801 991; x_wconf 83' lang='lat' dir='ltr'>frequens</span> <span class='ocrx_word' id='word_1_92' title='bbox 835 938 1132 980; x_wconf 81' lang='lat' dir='ltr'>confluxerat.</span> <span class='ocrx_word' id='word_1_93' title='bbox 1188 937 1365 990; x_wconf 82' lang='lat' dir='ltr'>Quibus</span> <span class='ocrx_word' id='word_1_94' title='bbox 1397 953 1477 981; x_wconf 87' lang='lat' dir='ltr'>rex</span> <span class='ocrx_word' id='word_1_95' title='bbox 1499 939 1679 982; x_wconf 90' lang='lat' dir='ltr'>Hildol-</span> 
     </span>
     <span class='ocr_line' id='line_1_13' title="bbox 170 995 1677 1054; baseline 0.002 -16"><span class='ocrx_word' id='word_1_96' title='bbox 170 996 271 1038; x_wconf 77' lang='lat' dir='ltr'>fum</span> <span class='ocrx_word' id='word_1_97' title='bbox 303 997 532 1051; x_wconf 87' lang='lat' dir='ltr'>quendam</span> <span class='ocrx_word' id='word_1_98' title='bbox 569 995 905 1039; x_wconf 84' lang='lat' dir='ltr'>Goslariensem</span> <span class='ocrx_word' id='word_1_99' title='bbox 947 998 1219 1040; x_wconf 81' lang='lat' dir='ltr'>canonicum</span> <span class='ocrx_word' id='word_1_100' title='bbox 1260 998 1486 1040; x_wconf 84' lang='lat' dir='ltr'>offerebat</span> <span class='ocrx_word' id='word_1_101' title='bbox 1525 1002 1677 1054; x_wconf 88' lang='lat' dir='ltr'>atque,</span> 
     </span>
     <span class='ocr_line' id='line_1_14' title="bbox 170 1056 1680 1112; baseline 0.002 -15"><span class='ocrx_word' id='word_1_102' title='bbox 170 1059 224 1098; x_wconf 91' lang='lat' dir='ltr'>ut</span> <span class='ocrx_word' id='word_1_103' title='bbox 257 1056 496 1111; x_wconf 79' lang='lat' dir='ltr'>eligerent,</span> <span class='ocrx_word' id='word_1_104' title='bbox 533 1057 692 1099; x_wconf 88' lang='lat' dir='ltr'>dedita</span> <span class='ocrx_word' id='word_1_105' title='bbox 724 1070 866 1112; x_wconf 88' lang='lat' dir='ltr'>opera</span> <span class='ocrx_word' id='word_1_106' title='bbox 896 1057 1155 1099; x_wconf 81' lang='lat' dir='ltr'>insistebat.</span> <span class='ocrx_word' id='word_1_107' title='bbox 1206 1057 1286 1099; x_wconf 89' lang='lat' dir='ltr'>Illi</span> <span class='ocrx_word' id='word_1_108' title='bbox 1308 1060 1470 1100; x_wconf 91' lang='lat' dir='ltr'>contra</span> <span class='ocrx_word' id='word_1_109' title='bbox 1502 1073 1680 1101; x_wconf 88' lang='lat' dir='ltr'>summa</span> 
     </span>
     <span class='ocr_line' id='line_1_15' title="bbox 170 1116 1676 1173; baseline 0.001 -15"><span class='ocrx_word' id='word_1_110' title='bbox 170 1130 257 1172; x_wconf 88' lang='lat' dir='ltr'>ope</span> <span class='ocrx_word' id='word_1_111' title='bbox 288 1116 573 1167; x_wconf 83' lang='lat' dir='ltr'>nitebantur,</span> <span class='ocrx_word' id='word_1_112' title='bbox 607 1116 874 1167; x_wconf 90' lang='lat' dir='ltr'>obicientes,</span> <span class='ocrx_word' id='word_1_113' title='bbox 909 1117 1031 1171; x_wconf 92' lang='lat' dir='ltr'>quod</span> <span class='ocrx_word' id='word_1_114' title='bbox 1054 1118 1192 1159; x_wconf 88' lang='lat' dir='ltr'>homo</span> <span class='ocrx_word' id='word_1_115' title='bbox 1220 1120 1401 1160; x_wconf 85' lang='lat' dir='ltr'>statura</span> <span class='ocrx_word' id='word_1_116' title='bbox 1433 1118 1676 1173; x_wconf 66' lang='lat' dir='ltr'>pusillus³‚</span> 
     </span>
     <span class='ocr_line' id='line_1_16' title="bbox 123 1175 1679 1231; baseline 0.004 -17"><span class='ocrx_word' id='word_1_117' title='bbox 123 1189 156 1215; x_wconf 78' lang='lat'>15</span> <span class='ocrx_word' id='word_1_118' title='bbox 169 1176 305 1218; x_wconf 86' lang='lat' dir='ltr'>vultu</span> <span class='ocrx_word' id='word_1_119' title='bbox 337 1175 645 1231; x_wconf 84' lang='lat' dir='ltr'>despicabilis,</span> <span class='ocrx_word' id='word_1_120' title='bbox 687 1189 856 1231; x_wconf 85' lang='lat' dir='ltr'>genere</span> <span class='ocrx_word' id='word_1_121' title='bbox 889 1177 1124 1227; x_wconf 88' lang='lat' dir='ltr'>obscurus,</span> <span class='ocrx_word' id='word_1_122' title='bbox 1166 1191 1250 1219; x_wconf 90' lang='lat' dir='ltr'>nec</span> <span class='ocrx_word' id='word_1_123' title='bbox 1290 1177 1432 1219; x_wconf 81' lang='lat' dir='ltr'>animi</span> <span class='ocrx_word' id='word_1_124' title='bbox 1470 1192 1554 1220; x_wconf 90' lang='lat' dir='ltr'>nec</span> <span class='ocrx_word' id='word_1_125' title='bbox 1589 1192 1679 1220; x_wconf 90' lang='lat' dir='ltr'>cor-</span> 
     </span>
     <span class='ocr_line' id='line_1_17' title="bbox 170 1235 1679 1293; baseline 0.002 -17"><span class='ocrx_word' id='word_1_126' title='bbox 170 1235 293 1291; x_wconf 87' lang='lat' dir='ltr'>poris</span> <span class='ocrx_word' id='word_1_127' title='bbox 324 1235 578 1277; x_wconf 87' lang='lat' dir='ltr'>virtutibus</span> <span class='ocrx_word' id='word_1_128' title='bbox 610 1236 856 1290; x_wconf 87' lang='lat' dir='ltr'>quicquam</span> <span class='ocrx_word' id='word_1_129' title='bbox 893 1238 1028 1278; x_wconf 85' lang='lat' dir='ltr'>tanto</span> <span class='ocrx_word' id='word_1_130' title='bbox 1061 1237 1324 1279; x_wconf 88' lang='lat' dir='ltr'>sacerdocio</span> <span class='ocrx_word' id='word_1_131' title='bbox 1358 1237 1550 1292; x_wconf 88' lang='lat' dir='ltr'>dignum</span> <span class='ocrx_word' id='word_1_132' title='bbox 1583 1252 1679 1293; x_wconf 91' lang='lat' dir='ltr'>pre—</span> 
     </span>
     <span class='ocr_line' id='line_1_18' title="bbox 167 1295 1681 1350; baseline 0.002 -14"><span class='ocrx_word' id='word_1_133' title='bbox 167 1295 395 1338; x_wconf 88' lang='lat' dir='ltr'>tenderet.</span> <span class='ocrx_word' id='word_1_134' title='bbox 460 1295 594 1338; x_wconf 90' lang='lat' dir='ltr'>Unde</span> <span class='ocrx_word' id='word_1_135' title='bbox 634 1295 917 1350; x_wconf 88' lang='lat' dir='ltr'>indignitate</span> <span class='ocrx_word' id='word_1_136' title='bbox 955 1296 1022 1338; x_wconf 89' lang='lat' dir='ltr'>rei</span> <span class='ocrx_word' id='word_1_137' title='bbox 1053 1298 1188 1338; x_wconf 89' lang='lat' dir='ltr'>tanta</span> <span class='ocrx_word' id='word_1_138' title='bbox 1226 1297 1275 1338; x_wconf 89' lang='lat' dir='ltr'>in</span> <span class='ocrx_word' id='word_1_139' title='bbox 1308 1310 1414 1339; x_wconf 89' lang='lat' dir='ltr'>eum</span> <span class='ocrx_word' id='word_1_140' title='bbox 1447 1298 1681 1340; x_wconf 85' lang='lat' dir='ltr'>concitata</span> 
     </span>
     <span class='ocr_line' id='line_1_19' title="bbox 170 1355 1680 1410; baseline 0.002 -14"><span class='ocrx_word' id='word_1_141' title='bbox 170 1357 278 1397; x_wconf 89' lang='lat' dir='ltr'>sunt</span> <span class='ocrx_word' id='word_1_142' title='bbox 309 1355 516 1397; x_wconf 85' lang='lat' dir='ltr'>omnium</span> <span class='ocrx_word' id='word_1_143' title='bbox 554 1355 633 1410; x_wconf 93' lang='lat' dir='ltr'>qui</span> <span class='ocrx_word' id='word_1_144' title='bbox 673 1355 723 1396; x_wconf 91' lang='lat' dir='ltr'>in</span> <span class='ocrx_word' id='word_1_145' title='bbox 755 1357 884 1398; x_wconf 88' lang='lat' dir='ltr'>curte</span> <span class='ocrx_word' id='word_1_146' title='bbox 923 1356 1053 1410; x_wconf 85' lang='lat' dir='ltr'>regia</span> <span class='ocrx_word' id='word_1_147' title='bbox 1085 1358 1219 1398; x_wconf 88' lang='lat' dir='ltr'>erant</span> <span class='ocrx_word' id='word_1_148' title='bbox 1260 1357 1378 1407; x_wconf 88' lang='lat' dir='ltr'>odia,</span> <span class='ocrx_word' id='word_1_149' title='bbox 1421 1359 1488 1405; x_wconf 82' lang='lat' dir='ltr'>ut,</span> <span class='ocrx_word' id='word_1_150' title='bbox 1532 1357 1680 1399; x_wconf 87' lang='lat' dir='ltr'>sicubi</span> 
     </span>
     <span class='ocr_line' id='line_1_20' title="bbox 169 1413 1673 1472; baseline 0.002 -16"><span class='ocrx_word' id='word_1_151' title='bbox 169 1414 218 1456; x_wconf 86' lang='lat' dir='ltr'>in</span> <span class='ocrx_word' id='word_1_152' title='bbox 255 1414 443 1470; x_wconf 84' lang='lat' dir='ltr'>publico</span> <span class='ocrx_word' id='word_1_153' title='bbox 485 1415 787 1471; x_wconf 72' lang='lat' dir='ltr'>apparuisset,</span> <span class='ocrx_word' id='word_1_154' title='bbox 834 1429 992 1458; x_wconf 90' lang='lat' dir='ltr'>omnes</span> <span class='ocrx_word' id='word_1_155' title='bbox 1031 1429 1136 1458; x_wconf 91' lang='lat' dir='ltr'>eum</span> <span class='ocrx_word' id='word_1_156' title='bbox 1177 1418 1414 1471; x_wconf 86' lang='lat' dir='ltr'>tamquam</span> <span class='ocrx_word' id='word_1_157' title='bbox 1457 1413 1673 1472; x_wconf 87' lang='lat' dir='ltr'>aliquodb</span> 
     </span>
     <span class='ocr_line' id='line_1_21' title="bbox 122 1474 1679 1529; baseline 0.001 -13"><span class='ocrx_word' id='word_1_158' title='bbox 122 1474 463 1529; x_wconf 70' lang='lat' dir='ltr'>soantiquitatis</span> <span class='ocrx_word' id='word_1_159' title='bbox 505 1477 760 1517; x_wconf 90' lang='lat' dir='ltr'>monstrum</span> <span class='ocrx_word' id='word_1_160' title='bbox 799 1475 1051 1517; x_wconf 85' lang='lat' dir='ltr'>inconditis</span> <span class='ocrx_word' id='word_1_161' title='bbox 1094 1475 1372 1518; x_wconf 88' lang='lat' dir='ltr'>clamoribus</span> <span class='ocrx_word' id='word_1_162' title='bbox 1406 1479 1453 1519; x_wconf 89' lang='lat' dir='ltr'>et</span> <span class='ocrx_word' id='word_1_163' title='bbox 1486 1477 1679 1519; x_wconf 88' lang='lat' dir='ltr'>canticis</span> 
     </span>
     <span class='ocr_line' id='line_1_22' title="bbox 170 1534 1679 1591; baseline 0.003 -16"><span class='ocrx_word' id='word_1_164' title='bbox 170 1537 474 1590; x_wconf 85' lang='lat' dir='ltr'>perurgerent</span> <span class='ocrx_word' id='word_1_165' title='bbox 514 1534 783 1590; x_wconf 88' lang='lat' dir='ltr'>lapidesque</span> <span class='ocrx_word' id='word_1_166' title='bbox 824 1535 874 1576; x_wconf 90' lang='lat' dir='ltr'>in</span> <span class='ocrx_word' id='word_1_167' title='bbox 906 1549 1012 1578; x_wconf 88' lang='lat' dir='ltr'>eum</span> <span class='ocrx_word' id='word_1_168' title='bbox 1045 1538 1092 1578; x_wconf 92' lang='lat' dir='ltr'>et</span> <span class='ocrx_word' id='word_1_169' title='bbox 1133 1536 1382 1591; x_wconf 88' lang='lat' dir='ltr'>pulverem,</span> <span class='ocrx_word' id='word_1_170' title='bbox 1426 1537 1499 1578; x_wconf 90' lang='lat' dir='ltr'>vel</span> <span class='ocrx_word' id='word_1_171' title='bbox 1542 1538 1679 1591; x_wconf 90' lang='lat' dir='ltr'>quod-</span> 
     </span>
     <span class='ocr_line' id='line_1_23' title="bbox 171 1594 1679 1650; baseline 0.003 -15"><span class='ocrx_word' id='word_1_172' title='bbox 171 1607 367 1648; x_wconf 90' lang='lat' dir='ltr'>cumque</span> <span class='ocrx_word' id='word_1_173' title='bbox 389 1594 518 1636; x_wconf 88' lang='lat' dir='ltr'>aliud</span> <span class='ocrx_word' id='word_1_174' title='bbox 534 1595 799 1636; x_wconf 81' lang='lat' dir='ltr'>furentibus</span> <span class='ocrx_word' id='word_1_175' title='bbox 821 1609 952 1637; x_wconf 88' lang='lat' dir='ltr'>casus</span> <span class='ocrx_word' id='word_1_176' title='bbox 974 1595 1267 1650; x_wconf 61' lang='lat' dir='ltr'>optulissetss,</span> <span class='ocrx_word' id='word_1_177' title='bbox 1295 1596 1539 1638; x_wconf 87' lang='lat' dir='ltr'>iactarent.</span> <span class='ocrx_word' id='word_1_178' title='bbox 1589 1597 1679 1639; x_wconf 83' lang='lat' dir='ltr'>Sed</span> 
     </span>
     <span class='ocr_line' id='line_1_24' title="bbox 169 1651 1679 1710; baseline 0.002 -16"><span class='ocrx_word' id='word_1_179' title='bbox 169 1666 249 1695; x_wconf 85' lang='lat' dir='ltr'>rex</span> <span class='ocrx_word' id='word_1_180' title='bbox 289 1653 496 1696; x_wconf 87' lang='lat' dir='ltr'>recolens</span> <span class='ocrx_word' id='word_1_181' title='bbox 528 1651 768 1695; x_wconf 83' lang='lat' dir='ltr'>Annonis‘l</span> <span class='ocrx_word' id='word_1_182' title='bbox 812 1655 1146 1710; x_wconf 86' lang='lat' dir='ltr'>archiepiscopi</span> <span class='ocrx_word' id='word_1_183' title='bbox 1179 1655 1489 1697; x_wconf 84' lang='lat' dir='ltr'>constantiam</span> <span class='ocrx_word' id='word_1_184' title='bbox 1529 1658 1576 1698; x_wconf 91' lang='lat' dir='ltr'>et</span> <span class='ocrx_word' id='word_1_185' title='bbox 1616 1657 1679 1697; x_wconf 92' lang='lat' dir='ltr'>in-</span> 
     </span>
     <span class='ocr_line' id='line_1_25' title="bbox 171 1712 1677 1770; baseline 0.002 -17"><span class='ocrx_word' id='word_1_186' title='bbox 171 1712 344 1754; x_wconf 88' lang='lat' dir='ltr'>victum</span> <span class='ocrx_word' id='word_1_187' title='bbox 378 1714 620 1755; x_wconf 85' lang='lat' dir='ltr'>adversum</span> <span class='ocrx_word' id='word_1_188' title='bbox 651 1727 809 1756; x_wconf 88' lang='lat' dir='ltr'>omnes</span> <span class='ocrx_word' id='word_1_189' title='bbox 850 1714 1052 1756; x_wconf 80' lang='lat' dir='ltr'>nefarios</span> <span class='ocrx_word' id='word_1_190' title='bbox 1085 1728 1190 1756; x_wconf 91' lang='lat' dir='ltr'>suos</span> <span class='ocrx_word' id='word_1_191' title='bbox 1223 1717 1417 1756; x_wconf 90' lang='lat' dir='ltr'>conatus</span> <span class='ocrx_word' id='word_1_192' title='bbox 1450 1716 1677 1770; x_wconf 77' lang='lat' dir='ltr'>spiritum,</span> 
     </span>
     <span class='ocr_line' id='line_1_26' title="bbox 123 1771 1679 1829; baseline 0.002 -16"><span class='ocrx_word' id='word_1_193' title='bbox 123 1787 158 1813; x_wconf 78' lang='lat'>25</span> <span class='ocrx_word' id='word_1_194' title='bbox 172 1771 384 1814; x_wconf 88' lang='lat' dir='ltr'>consulto</span> <span class='ocrx_word' id='word_1_195' title='bbox 416 1772 559 1815; x_wconf 90' lang='lat' dir='ltr'>talem</span> <span class='ocrx_word' id='word_1_196' title='bbox 593 1773 634 1814; x_wconf 88' lang='lat' dir='ltr'>ei</span> <span class='ocrx_word' id='word_1_197' title='bbox 667 1787 975 1815; x_wconf 90' lang='lat' dir='ltr'>successorem</span> <span class='ocrx_word' id='word_1_198' title='bbox 1009 1774 1212 1815; x_wconf 91' lang='lat' dir='ltr'>ordinari</span> <span class='ocrx_word' id='word_1_199' title='bbox 1251 1775 1507 1829; x_wconf 85' lang='lat' dir='ltr'>satagebat,</span> <span class='ocrx_word' id='word_1_200' title='bbox 1549 1775 1679 1817; x_wconf 88' lang='lat' dir='ltr'>cuius</span> 
     </span>
     <span class='ocr_line' id='line_1_27' title="bbox 170 1831 1672 1888; baseline 0.003 -16"><span class='ocrx_word' id='word_1_201' title='bbox 170 1831 402 1874; x_wconf 83' lang='lat' dir='ltr'>facilitate</span> <span class='ocrx_word' id='word_1_202' title='bbox 449 1833 508 1874; x_wconf 88' lang='lat' dir='ltr'>ad</span> <span class='ocrx_word' id='word_1_203' title='bbox 550 1833 705 1874; x_wconf 90' lang='lat' dir='ltr'>omnia</span> <span class='ocrx_word' id='word_1_204' title='bbox 745 1847 862 1887; x_wconf 87' lang='lat' dir='ltr'>quae</span> <span class='ocrx_word' id='word_1_205' title='bbox 904 1833 1046 1875; x_wconf 83' lang='lat' dir='ltr'>vellet</span> <span class='ocrx_word' id='word_1_206' title='bbox 1087 1848 1170 1888; x_wconf 91' lang='lat' dir='ltr'>pro</span> <span class='ocrx_word' id='word_1_207' title='bbox 1212 1833 1347 1876; x_wconf 90' lang='lat' dir='ltr'>libito</span> <span class='ocrx_word' id='word_1_208' title='bbox 1390 1848 1472 1876; x_wconf 90' lang='lat' dir='ltr'>suo</span> <span class='ocrx_word' id='word_1_209' title='bbox 1514 1835 1672 1876; x_wconf 74' lang='lat' dir='ltr'>abuti0</span> 
     </span>
     <span class='ocr_line' id='line_1_28' title="bbox 171 1891 1677 1948; baseline 0.001 -14"><span class='ocrx_word' id='word_1_210' title='bbox 171 1893 338 1947; x_wconf 90' lang='lat' dir='ltr'>posset.</span> <span class='ocrx_word' id='word_1_211' title='bbox 402 1891 610 1947; x_wconf 85' lang='lat' dir='ltr'>Cumque</span> <span class='ocrx_word' id='word_1_212' title='bbox 644 1892 724 1933; x_wconf 86' lang='lat' dir='ltr'>diu</span> <span class='ocrx_word' id='word_1_213' title='bbox 765 1892 1056 1948; x_wconf 88' lang='lat' dir='ltr'>multumque</span> <span class='ocrx_word' id='word_1_214' title='bbox 1090 1896 1283 1935; x_wconf 89' lang='lat' dir='ltr'>conatus</span> <span class='ocrx_word' id='word_1_215' title='bbox 1321 1893 1452 1935; x_wconf 84' lang='lat' dir='ltr'>nulla</span> <span class='ocrx_word' id='word_1_216' title='bbox 1483 1895 1677 1946; x_wconf 84' lang='lat' dir='ltr'>ratione,</span> 
     </span>
     <span class='ocr_line' id='line_1_29' title="bbox 171 1947 1678 2007; baseline 0.003 -15"><span class='ocrx_word' id='word_1_217' title='bbox 171 1953 224 1992; x_wconf 94' lang='lat' dir='ltr'>ut</span> <span class='ocrx_word' id='word_1_218' title='bbox 266 1951 528 2006; x_wconf 81' lang='lat' dir='ltr'>eligeretur,</span> <span class='ocrx_word' id='word_1_219' title='bbox 578 1947 816 2007; x_wconf 79' lang='lat' dir='ltr'>optineref</span> <span class='ocrx_word' id='word_1_220' title='bbox 863 1953 1109 2007; x_wconf 88' lang='lat' dir='ltr'>potuisset,</span> <span class='ocrx_word' id='word_1_221' title='bbox 1160 1952 1455 1996; x_wconf 87' lang='lat' dir='ltr'>Colonienses</span> <span class='ocrx_word' id='word_1_222' title='bbox 1502 1954 1678 1996; x_wconf 82' lang='lat' dir='ltr'>infecto</span> 
     </span>
     <span class='ocr_line' id='line_1_30' title="bbox 171 2011 1679 2069; baseline 0.003 -18"><span class='ocrx_word' id='word_1_223' title='bbox 171 2011 363 2065; x_wconf 88' lang='lat' dir='ltr'>negocio</span> <span class='ocrx_word' id='word_1_224' title='bbox 404 2011 454 2052; x_wconf 91' lang='lat' dir='ltr'>in</span> <span class='ocrx_word' id='word_1_225' title='bbox 495 2025 578 2053; x_wconf 88' lang='lat' dir='ltr'>sua</span> <span class='ocrx_word' id='word_1_226' title='bbox 616 2012 806 2062; x_wconf 83' lang='lat' dir='ltr'>remisit,</span> <span class='ocrx_word' id='word_1_227' title='bbox 850 2013 1110 2067; x_wconf 87' lang='lat' dir='ltr'>iterumque</span> <span class='ocrx_word' id='word_1_228' title='bbox 1143 2014 1295 2055; x_wconf 88' lang='lat' dir='ltr'>media</span> <span class='ocrx_word' id='word_1_229' title='bbox 1327 2013 1679 2069; x_wconf 86' lang='lat' dir='ltr'>quadragesima</span> 
     </span>
     <span class='ocr_line' id='line_1_31' title="bbox 123 2070 1676 2128; baseline 0.001 -16"><span class='ocrx_word' id='word_1_230' title='bbox 123 2087 157 2112; x_wconf 83' lang='lat'>30</span> <span class='ocrx_word' id='word_1_231' title='bbox 170 2070 360 2121; x_wconf 87' lang='lat' dir='ltr'>rectius,</span> <span class='ocrx_word' id='word_1_232' title='bbox 405 2071 443 2112; x_wconf 92' lang='lat' dir='ltr'>si</span> <span class='ocrx_word' id='word_1_233' title='bbox 485 2071 583 2113; x_wconf 90' lang='lat' dir='ltr'>fieri</span> <span class='ocrx_word' id='word_1_234' title='bbox 624 2074 796 2127; x_wconf 91' lang='lat' dir='ltr'>posset,</span> <span class='ocrx_word' id='word_1_235' title='bbox 842 2073 1075 2115; x_wconf 85' lang='lat' dir='ltr'>consultos</span> <span class='ocrx_word' id='word_1_236' title='bbox 1119 2075 1273 2128; x_wconf 88' lang='lat' dir='ltr'>presto</span> <span class='ocrx_word' id='word_1_237' title='bbox 1317 2087 1413 2115; x_wconf 89' lang='lat' dir='ltr'>esse</span> <span class='ocrx_word' id='word_1_238' title='bbox 1457 2074 1676 2128; x_wconf 87' lang='lat' dir='ltr'>precepit,</span> 
     </span>
     <span class='ocr_line' id='line_1_32' title="bbox 171 2132 1678 2185; baseline 0.003 -14"><span class='ocrx_word' id='word_1_239' title='bbox 171 2132 460 2172; x_wconf 87' lang='lat' dir='ltr'>contestatus</span> <span class='ocrx_word' id='word_1_240' title='bbox 500 2145 638 2185; x_wconf 89' lang='lat' dir='ltr'>quam</span> <span class='ocrx_word' id='word_1_241' title='bbox 679 2134 838 2174; x_wconf 88' lang='lat' dir='ltr'>sancte</span> <span class='ocrx_word' id='word_1_242' title='bbox 879 2145 926 2174; x_wconf 89' lang='lat' dir='ltr'>se</span> <span class='ocrx_word' id='word_1_243' title='bbox 967 2132 1070 2174; x_wconf 84' lang='lat' dir='ltr'>vivo</span> <span class='ocrx_word' id='word_1_244' title='bbox 1112 2135 1195 2175; x_wconf 90' lang='lat' dir='ltr'>aut</span> <span class='ocrx_word' id='word_1_245' title='bbox 1242 2133 1425 2174; x_wconf 90' lang='lat' dir='ltr'>nullum</span> <span class='ocrx_word' id='word_1_246' title='bbox 1472 2147 1549 2175; x_wconf 87' lang='lat' dir='ltr'>eos</span> <span class='ocrx_word' id='word_1_247' title='bbox 1597 2135 1678 2175; x_wconf 86' lang='lat' dir='ltr'>aut</span> 
     </span>
     <span class='ocr_line' id='line_1_33' title="bbox 170 2190 1010 2246; baseline 0.002 -16"><span class='ocrx_word' id='word_1_248' title='bbox 170 2190 293 2232; x_wconf 89' lang='lat' dir='ltr'>hunc</span> <span class='ocrx_word' id='word_1_249' title='bbox 326 2190 567 2233; x_wconf 87' lang='lat' dir='ltr'>habituros</span> <span class='ocrx_word' id='word_1_250' title='bbox 599 2204 696 2233; x_wconf 89' lang='lat' dir='ltr'>esse</span> <span class='ocrx_word' id='word_1_251' title='bbox 729 2192 1010 2246; x_wconf 87' lang='lat' dir='ltr'>pontificem.</span> 
     </span>
     <span class='ocr_line' id='line_1_34' title="bbox 312 2250 1676 2308; baseline 0.002 -16"><span class='ocrx_word' id='word_1_252' title='bbox 312 2250 522 2292; x_wconf 89' lang='lat' dir='ltr'>Aderant</span> <span class='ocrx_word' id='word_1_253' title='bbox 563 2253 775 2306; x_wconf 88' lang='lat' dir='ltr'>preterea</span> <span class='ocrx_word' id='word_1_254' title='bbox 806 2251 1150 2294; x_wconf 75' lang='lat' dir='ltr'>Hildebrandig</span> <span class='ocrx_word' id='word_1_255' title='bbox 1194 2267 1341 2308; x_wconf 88' lang='lat' dir='ltr'>papae</span> <span class='ocrx_word' id='word_1_256' title='bbox 1373 2252 1519 2307; x_wconf 81' lang='lat' dir='ltr'>legati</span> <span class='ocrx_word' id='word_1_257' title='bbox 1533 2253 1560 2302; x_wconf 44' lang='lat'>⁷¹,</span> <span class='ocrx_word' id='word_1_258' title='bbox 1606 2253 1676 2295; x_wconf 91' lang='lat' dir='ltr'>de—</span> 
     </span>
     <span class='ocr_line' id='line_1_35' title="bbox 170 2309 1676 2365; baseline 0.003 -15"><span class='ocrx_word' id='word_1_259' title='bbox 170 2309 444 2353; x_wconf 88' lang='lat' dir='ltr'>nunciantes</span> <span class='ocrx_word' id='word_1_260' title='bbox 485 2311 602 2365; x_wconf 85' lang='lat' dir='ltr'>regi,</span> <span class='ocrx_word' id='word_1_261' title='bbox 645 2314 699 2352; x_wconf 90' lang='lat' dir='ltr'>ut</span> <span class='ocrx_word' id='word_1_262' title='bbox 741 2312 944 2354; x_wconf 88' lang='lat' dir='ltr'>secunda</span> <span class='ocrx_word' id='word_1_263' title='bbox 974 2312 1093 2354; x_wconf 84' lang='lat' dir='ltr'>feria</span> <span class='ocrx_word' id='word_1_264' title='bbox 1131 2313 1359 2354; x_wconf 89' lang='lat' dir='ltr'>secundae</span> <span class='ocrx_word' id='word_1_265' title='bbox 1393 2312 1676 2354; x_wconf 86' lang='lat' dir='ltr'>ebdomadae</span> 
     </span>
    </p>
   </div>
   <div class='ocr_carea' id='block_1_4' title="bbox 122 2425 1678 2496">
    <p class='ocr_par' dir='ltr' id='par_1_4' title="bbox 122 2425 1678 2496">
     <span class='ocr_line' id='line_1_36' title="bbox 122 2425 1678 2458; baseline 0.001 -6"><span class='ocrx_word' id='word_1_266' title='bbox 122 2426 156 2452; x_wconf 78' lang='lat'>35</span> <span class='ocrx_word' id='word_1_267' title='bbox 169 2426 198 2455; x_wconf 74' lang='lat' dir='ltr'>a)</span> <span class='ocrx_word' id='word_1_268' title='bbox 217 2425 339 2457; x_wconf 77' lang='lat' dir='ltr'>pusillos</span> <span class='ocrx_word' id='word_1_269' title='bbox 358 2426 440 2453; x_wconf 80' lang='lat' dir='ltr'>Blb.</span> <span class='ocrx_word' id='word_1_270' title='bbox 514 2427 545 2457; x_wconf 84' lang='lat' dir='ltr'>b)</span> <span class='ocrx_word' id='word_1_271' title='bbox 563 2425 677 2458; x_wconf 76' lang='lat' dir='ltr'>aliquid</span> <span class='ocrx_word' id='word_1_272' title='bbox 697 2426 776 2452; x_wconf 76' lang='lat' dir='ltr'>Blb.</span> <span class='ocrx_word' id='word_1_273' title='bbox 843 2429 870 2458; x_wconf 77' lang='lat' dir='ltr'>c)</span> <span class='ocrx_word' id='word_1_274' title='bbox 890 2427 984 2453; x_wconf 77' lang='lat' dir='ltr'>obtul.</span> <span class='ocrx_word' id='word_1_275' title='bbox 1005 2430 1030 2454; x_wconf 67' lang='lat' dir='ltr'><em>A</em></span> <span class='ocrx_word' id='word_1_276' title='bbox 1043 2430 1068 2454; x_wconf 88' lang='lat'>1.</span> <span class='ocrx_word' id='word_1_277' title='bbox 1089 2428 1152 2454; x_wconf 84' lang='lat' dir='ltr'>Bl.</span> <span class='ocrx_word' id='word_1_278' title='bbox 1219 2427 1249 2458; x_wconf 78' lang='lat' dir='ltr'>d)</span> <span class='ocrx_word' id='word_1_279' title='bbox 1269 2427 1405 2453; x_wconf 79' lang='lat' dir='ltr'>Aimonis</span> <span class='ocrx_word' id='word_1_280' title='bbox 1425 2428 1488 2454; x_wconf 70' lang='grc' dir='ltr'>ΒΞ.</span> <span class='ocrx_word' id='word_1_281' title='bbox 1552 2429 1580 2458; x_wconf 86' lang='lat' dir='ltr'>c)</span> <span class='ocrx_word' id='word_1_282' title='bbox 1600 2431 1678 2453; x_wconf 74' lang='lat' dir='ltr'>esset</span> 
     </span>
     <span class='ocr_line' id='line_1_37' title="bbox 171 2461 1381 2496; baseline 0.002 -11"><span class='ocrx_word' id='word_1_283' title='bbox 171 2461 251 2494; x_wconf 64' lang='lat' dir='ltr'>aad„</span> <span class='ocrx_word' id='word_1_284' title='bbox 270 2462 320 2487; x_wconf 70' lang='lat' dir='ltr'>sed</span> <span class='ocrx_word' id='word_1_285' title='bbox 340 2462 430 2488; x_wconf 72' lang='lat' dir='ltr'>minio</span> <span class='ocrx_word' id='word_1_286' title='bbox 449 2462 505 2488; x_wconf 79' lang='lat' dir='ltr'>del.</span> <span class='ocrx_word' id='word_1_287' title='bbox 525 2463 551 2488; x_wconf 89' lang='lat' dir='ltr'><em>B</em></span> <span class='ocrx_word' id='word_1_288' title='bbox 563 2464 604 2489; x_wconf 68' lang='lat'>1³.</span> <span class='ocrx_word' id='word_1_289' title='bbox 680 2464 702 2495; x_wconf 80' lang='lat' dir='ltr'>f)</span> <span class='ocrx_word' id='word_1_290' title='bbox 721 2464 816 2489; x_wconf 79' lang='lat' dir='ltr'>obtin.</span> <span class='ocrx_word' id='word_1_291' title='bbox 837 2465 862 2488; x_wconf 74' lang='lat' dir='ltr'><strong><em>A</em></strong></span> <span class='ocrx_word' id='word_1_292' title='bbox 874 2465 900 2489; x_wconf 85' lang='lat' dir='ltr'>l.</span> <span class='ocrx_word' id='word_1_293' title='bbox 922 2464 984 2490; x_wconf 70' lang='lat'>131.</span> <span class='ocrx_word' id='word_1_294' title='bbox 1059 2466 1090 2496; x_wconf 77' lang='lat' dir='ltr'>g)</span> <span class='ocrx_word' id='word_1_295' title='bbox 1110 2462 1300 2489; x_wconf 78' lang='lat' dir='ltr'>Hildibrandi</span> <span class='ocrx_word' id='word_1_296' title='bbox 1319 2464 1381 2488; x_wconf 76' lang='lat'>132.</span> 
     </span>
    </p>
   </div>
   <div class='ocr_carea' id='block_1_5' title="bbox 122 2556 1678 2932">
    <p class='ocr_par' dir='ltr' id='par_1_5' title="bbox 170 2556 1678 2698">
     <span class='ocr_line' id='line_1_38' title="bbox 173 2556 1677 2602; baseline 0.001 -11"><span class='ocrx_word' id='word_1_297' title='bbox 173 2556 207 2599; x_wconf 90' lang='lat'>1)</span> <span class='ocrx_word' id='word_1_298' title='bbox 241 2557 454 2593; x_wconf 74' lang='lat' dir='ltr'>Com-adum.</span> <span class='ocrx_word' id='word_1_299' title='bbox 506 2558 564 2599; x_wconf 82' lang='lat' dir='ltr'>Cf.</span> <span class='ocrx_word' id='word_1_300' title='bbox 591 2559 774 2600; x_wconf 66' lang='lat' dir='ltr'>Bernold„</span> <span class='ocrx_word' id='word_1_301' title='bbox 812 2559 875 2594; x_wconf 83' lang='lat' dir='ltr'>SS.</span> <span class='ocrx_word' id='word_1_302' title='bbox 898 2559 936 2602; x_wconf 80' lang='lat' dir='ltr'>V,</span> <span class='ocrx_word' id='word_1_303' title='bbox 963 2570 1002 2602; x_wconf 81' lang='lat' dir='ltr'>p.</span> <span class='ocrx_word' id='word_1_304' title='bbox 1020 2560 1101 2594; x_wconf 76' lang='grc'><strong>431,</strong></span> <span class='ocrx_word' id='word_1_305' title='bbox 1224 2560 1261 2601; x_wconf 77' lang='lat'>2)</span> <span class='ocrx_word' id='word_1_306' title='bbox 1297 2559 1483 2592; x_wconf 62' lang='lat' dir='ltr'>Nescimus</span> <span class='ocrx_word' id='word_1_307' title='bbox 1517 2569 1602 2602; x_wconf 76' lang='lat' dir='ltr'>quos</span> <span class='ocrx_word' id='word_1_308' title='bbox 1632 2571 1677 2593; x_wconf 68' lang='lat' dir='ltr'>ea:</span> 
     </span>
     <span class='ocr_line' id='line_1_39' title="bbox 170 2603 1677 2649; baseline 0.003 -13"><span class='ocrx_word' id='word_1_309' title='bbox 170 2603 286 2636; x_wconf 58' lang='lat' dir='ltr'>tribus</span> <span class='ocrx_word' id='word_1_310' title='bbox 310 2614 396 2648; x_wconf 75' lang='lat' dir='ltr'>quos</span> <span class='ocrx_word' id='word_1_311' title='bbox 421 2605 579 2646; x_wconf 81' lang='lat' dir='ltr'>habebat,</span> <span class='ocrx_word' id='word_1_312' title='bbox 605 2605 830 2648; x_wconf 74' lang='lat' dir='ltr'>Helm-icum,</span> <span class='ocrx_word' id='word_1_313' title='bbox 858 2607 1096 2649; x_wconf 73' lang='lat' dir='ltr'>Siyefridaecm,</span> <span class='ocrx_word' id='word_1_314' title='bbox 1124 2607 1313 2641; x_wconf 79' lang='lat' dir='ltr'>Cunonem.</span> <span class='ocrx_word' id='word_1_315' title='bbox 1400 2608 1437 2644; x_wconf 69' lang='grc' dir='ltr'>εὶ)</span> <span class='ocrx_word' id='word_1_316' title='bbox 1465 2607 1522 2647; x_wconf 80' lang='lat' dir='ltr'>Cf.</span> <span class='ocrx_word' id='word_1_317' title='bbox 1552 2606 1677 2641; x_wconf 74' lang='lat' dir='ltr'>Bremo</span> 
     </span>
     <span class='ocr_line' id='line_1_40' title="bbox 170 2651 1678 2698; baseline 0.001 -13"><span class='ocrx_word' id='word_1_318' title='bbox 170 2651 268 2686; x_wconf 65' lang='lat'>0:57.</span> <span class='ocrx_word' id='word_1_319' title='bbox 358 2653 396 2694; x_wconf 89' lang='lat'>4)</span> <span class='ocrx_word' id='word_1_320' title='bbox 420 2651 458 2685; x_wconf 83' lang='lat' dir='ltr'>in</span> <span class='ocrx_word' id='word_1_321' title='bbox 484 2652 620 2686; x_wconf 82' lang='lat' dir='ltr'>octavis</span> <span class='ocrx_word' id='word_1_322' title='bbox 645 2652 791 2687; x_wconf 88' lang='lat' dir='ltr'>Domini</span> <span class='ocrx_word' id='word_1_323' title='bbox 818 2654 986 2689; x_wconf 76' lang='lat' dir='ltr'>Bernold.</span> <span class='ocrx_word' id='word_1_324' title='bbox 1014 2654 1038 2689; x_wconf 81' lang='lat' dir='ltr'>l.</span> <span class='ocrx_word' id='word_1_325' title='bbox 1057 2654 1081 2689; x_wconf 83' lang='lat' dir='ltr'>l.</span> <span class='ocrx_word' id='word_1_326' title='bbox 1104 2666 1141 2698; x_wconf 80' lang='lat' dir='ltr'>p.</span> <span class='ocrx_word' id='word_1_327' title='bbox 1158 2655 1241 2690; x_wconf 79' lang='lat'>432.</span> <span class='ocrx_word' id='word_1_328' title='bbox 1284 2654 1405 2696; x_wconf 77' lang='lat' dir='ltr'>Neque</span> <span class='ocrx_word' id='word_1_329' title='bbox 1429 2658 1546 2687; x_wconf 74' lang='lat' dir='ltr'>tamen</span> <span class='ocrx_word' id='word_1_330' title='bbox 1571 2654 1678 2697; x_wconf 67' lang='lat' dir='ltr'>leyati</span> 
     </span>
    </p>

    <p class='ocr_par' dir='ltr' id='par_1_6' title="bbox 122 2699 1677 2932">
     <span class='ocr_line' id='line_1_41' title="bbox 122 2699 1676 2744; baseline 0.001 -11"><span class='ocrx_word' id='word_1_331' title='bbox 122 2708 158 2733; x_wconf 84' lang='lat'>40</span> <span class='ocrx_word' id='word_1_332' title='bbox 167 2709 285 2743; x_wconf 75' lang='lat' dir='ltr'>papae</span> <span class='ocrx_word' id='word_1_333' title='bbox 309 2699 537 2742; x_wconf 72' lang='lat' dir='ltr'>advenerunt,</span> <span class='ocrx_word' id='word_1_334' title='bbox 569 2701 630 2734; x_wconf 76' lang='lat' dir='ltr'>sed</span> <span class='ocrx_word' id='word_1_335' title='bbox 660 2705 800 2734; x_wconf 73' lang='lat' dir='ltr'>tantum</span> <span class='ocrx_word' id='word_1_336' title='bbox 826 2702 935 2744; x_wconf 74' lang='lat' dir='ltr'>leqalc&#39;</span> <span class='ocrx_word' id='word_1_337' title='bbox 957 2703 1053 2743; x_wconf 69' lang='lat' dir='ltr'>reyis</span> <span class='ocrx_word' id='word_1_338' title='bbox 1079 2701 1254 2743; x_wconf 79' lang='lat' dir='ltr'>Rabbodo,</span> <span class='ocrx_word' id='word_1_339' title='bbox 1290 2701 1532 2744; x_wconf 61' lang='lat' dir='ltr'>Udalscalcus,</span> <span class='ocrx_word' id='word_1_340' title='bbox 1560 2703 1676 2735; x_wconf 75' lang='lat' dir='ltr'>Adat-</span> 
     </span>
     <span class='ocr_line' id='line_1_42' title="bbox 164 2748 1677 2792; baseline 0.003 -13"><span class='ocrx_word' id='word_1_341' title='bbox 164 2750 293 2790; x_wconf 64' lang='lat' dir='ltr'>penus</span> <span class='ocrx_word' id='word_1_342' title='bbox 317 2757 339 2779; x_wconf 82' lang='lat' dir='ltr'>a</span> <span class='ocrx_word' id='word_1_343' title='bbox 362 2757 463 2790; x_wconf 79' lang='lat' dir='ltr'>papa</span> <span class='ocrx_word' id='word_1_344' title='bbox 488 2748 640 2790; x_wconf 69' lang='lat' dir='ltr'>remis-sl,</span> <span class='ocrx_word' id='word_1_345' title='bbox 673 2750 738 2792; x_wconf 70' lang='lat' dir='ltr'>qm·</span> <span class='ocrx_word' id='word_1_346' title='bbox 762 2750 799 2782; x_wconf 81' lang='lat' dir='ltr'>in</span> <span class='ocrx_word' id='word_1_347' title='bbox 823 2750 924 2792; x_wconf 72' lang='lat' dir='ltr'>epist.</span> <span class='ocrx_word' id='word_1_348' title='bbox 945 2759 1076 2792; x_wconf 74' lang='lat' dir='ltr'>papae,</span> <span class='ocrx_word' id='word_1_349' title='bbox 1110 2759 1218 2792; x_wconf 80' lang='lat' dir='ltr'>qnam</span> <span class='ocrx_word' id='word_1_350' title='bbox 1243 2750 1322 2790; x_wconf 73' lang='lat' dir='ltr'>reya&#39;</span> <span class='ocrx_word' id='word_1_351' title='bbox 1345 2749 1542 2781; x_wconf 72' lang='lat' dir='ltr'>attulerunt</span> <span class='ocrx_word' id='word_1_352' title='bbox 1567 2750 1677 2792; x_wconf 86' lang='lat' dir='ltr'>(Gre-</span> 
     </span>
     <span class='ocr_line' id='line_1_43' title="bbox 168 2794 1676 2839; baseline 0.002 -11"><span class='ocrx_word' id='word_1_353' title='bbox 168 2795 268 2836; x_wconf 67' lang='lat' dir='ltr'>,qm-ii</span> <span class='ocrx_word' id='word_1_354' title='bbox 291 2794 377 2837; x_wconf 72' lang='lat' dir='ltr'>Rey.</span> <span class='ocrx_word' id='word_1_355' title='bbox 405 2794 479 2838; x_wconf 84' lang='lat' dir='ltr'>III,</span> <span class='ocrx_word' id='word_1_356' title='bbox 506 2797 562 2838; x_wconf 87' lang='lat'>10,</span> <span class='ocrx_word' id='word_1_357' title='bbox 591 2795 614 2830; x_wconf 88' lang='lat' dir='ltr'>l.</span> <span class='ocrx_word' id='word_1_358' title='bbox 639 2795 660 2831; x_wconf 84' lang='lat' dir='ltr'>l.</span> <span class='ocrx_word' id='word_1_359' title='bbox 683 2807 722 2839; x_wconf 80' lang='lat' dir='ltr'>p.</span> <span class='ocrx_word' id='word_1_360' title='bbox 749 2798 831 2839; x_wconf 71' lang='lat'>2⁴22,</span> <span class='ocrx_word' id='word_1_361' title='bbox 864 2797 963 2838; x_wconf 80' lang='lat' dir='ltr'>data,</span> <span class='ocrx_word' id='word_1_362' title='bbox 997 2801 1033 2829; x_wconf 76' lang='lat' dir='ltr'>eet</span> <span class='ocrx_word' id='word_1_363' title='bbox 1060 2797 1209 2837; x_wconf 71' lang='lat' dir='ltr'>videtu-r,</span> <span class='ocrx_word' id='word_1_364' title='bbox 1241 2806 1274 2830; x_wconf 86' lang='grc' dir='ltr'>(ι.</span> <span class='ocrx_word' id='word_1_365' title='bbox 1302 2797 1404 2831; x_wconf 81' lang='grc'><strong>1075.</strong></span> <span class='ocrx_word' id='word_1_366' title='bbox 1432 2796 1511 2832; x_wconf 70' lang='lat' dir='ltr'>Dec.</span> <span class='ocrx_word' id='word_1_367' title='bbox 1538 2799 1572 2839; x_wconf 79' lang='lat' dir='ltr'>S,</span> <span class='ocrx_word' id='word_1_368' title='bbox 1606 2808 1676 2831; x_wconf 83' lang='lat' dir='ltr'>non</span> 
     </span>
     <span class='ocr_line' id='line_1_44' title="bbox 172 2842 1674 2889; baseline 0.003 -15"><span class='ocrx_word' id='word_1_369' title='bbox 172 2843 276 2883; x_wconf 78' lang='grc'><strong>1076,</strong></span> <span class='ocrx_word' id='word_1_370' title='bbox 304 2842 386 2878; x_wconf 80' lang='lat' dir='ltr'>Ian.</span> <span class='ocrx_word' id='word_1_371' title='bbox 411 2842 458 2881; x_wconf 84' lang='grc'>8,·</span> <span class='ocrx_word' id='word_1_372' title='bbox 491 2843 538 2883; x_wconf 72' lang='lat' dir='ltr'>cf.</span> <span class='ocrx_word' id='word_1_373' title='bbox 565 2842 668 2876; x_wconf 64' lang='lat' dir='ltr'>Floro</span> <span class='ocrx_word' id='word_1_374' title='bbox 693 2843 746 2887; x_wconf 82' lang='lat' dir='ltr'>II,</span> <span class='ocrx_word' id='word_1_375' title='bbox 775 2855 813 2887; x_wconf 77' lang='lat' dir='ltr'>p.</span> <span class='ocrx_word' id='word_1_376' title='bbox 834 2846 876 2880; x_wconf 83' lang='grc'>71</span> <span class='ocrx_word' id='word_1_377' title='bbox 897 2847 966 2887; x_wconf 67' lang='lat' dir='ltr'>sq.)</span> <span class='ocrx_word' id='word_1_378' title='bbox 998 2845 1243 2878; x_wconf 75' lang='lat' dir='ltr'>nominantur.</span> <span class='ocrx_word' id='word_1_379' title='bbox 1295 2844 1352 2885; x_wconf 71' lang='lat' dir='ltr'>Cf.</span> <span class='ocrx_word' id='word_1_380' title='bbox 1382 2845 1552 2887; x_wconf 63' lang='lat' dir='ltr'>Gregorii</span> <span class='ocrx_word' id='word_1_381' title='bbox 1574 2847 1674 2889; x_wconf 65' lang='lat' dir='ltr'>epist.</span> 
     </span>
     <span class='ocr_line' id='line_1_45' title="bbox 170 2890 574 2932; baseline 0.005 -9"><span class='ocrx_word' id='word_1_382' title='bbox 170 2890 249 2925; x_wconf 81' lang='lat' dir='ltr'>coll.</span> <span class='ocrx_word' id='word_1_383' title='bbox 274 2901 332 2925; x_wconf 78' lang='lat' dir='ltr'>nr.</span> <span class='ocrx_word' id='word_1_384' title='bbox 353 2890 408 2932; x_wconf 83' lang='lat'>14,</span> <span class='ocrx_word' id='word_1_385' title='bbox 431 2900 471 2932; x_wconf 78' lang='lat' dir='ltr'>p.</span> <span class='ocrx_word' id='word_1_386' title='bbox 492 2891 574 2926; x_wconf 78' lang='lat'>538.</span> 
     </span>
    </p>
   </div>
   <div class='ocr_carea' id='block_1_6' title="bbox 1695 389 1821 414">
    <p class='ocr_par' dir='ltr' id='par_1_7' title="bbox 1695 389 1821 414">
     <span class='ocr_line' id='line_1_46' title="bbox 1695 389 1821 414; baseline 0 0"><span class='ocrx_word' id='word_1_387' title='bbox 1695 389 1764 414; x_wconf 73' lang='lat' dir='ltr'>Dec.</span> <span class='ocrx_word' id='word_1_388' title='bbox 1776 396 1821 414; x_wconf 72' lang='lat' dir='ltr'>ex.</span> 
     </span>
    </p>
   </div>
   <div class='ocr_carea' id='block_1_7' title="bbox 1692 2244 1796 2316">
    <p class='ocr_par' dir='ltr' id='par_1_8' title="bbox 1692 2244 1796 2316">
     <span class='ocr_line' id='line_1_47' title="bbox 1693 2244 1796 2278; baseline 0 0"><span class='ocrx_word' id='word_1_389' title='bbox 1693 2244 1796 2278; x_wconf 84' lang='lat'>1076.</span> 
     </span>
     <span class='ocr_line' id='line_1_48' title="bbox 1692 2290 1796 2316; baseline 0.019 -2"><span class='ocrx_word' id='word_1_390' title='bbox 1692 2290 1759 2315; x_wconf 78' lang='lat' dir='ltr'>Ian.</span> <span class='ocrx_word' id='word_1_391' title='bbox 1771 2292 1796 2316; x_wconf 89' lang='lat'>1.</span> 
     </span>
    </p>
   </div>
  </div>
 </body>
</html>
