1968 3164
200 351 302 385 1073.

212 397 300 421 Mart.

148 2509 238 2534 Mart.
251 2509 295 2533 24.

317 243 385 276 144
685 241 954 276 LAMPERTI
979 241 1232 277 ANNALES.
1283 242 1329 278 A.
1358 245 1460 279 1073.

317 363 397 405 bat
420 363 656 418 effugium,
689 377 786 405 rem
808 363 998 405 consilio
1020 364 1140 418 regis
1163 364 1383 419 permisit,
1411 366 1651 418 quatenus,
1679 367 1817 420 prout

315 423 413 477 ipse
455 423 626 464 bonum
674 425 721 465 et
768 436 935 477 equum
982 423 1227 473 iudicaret,
1279 437 1463 465 causam
1509 424 1632 465 inter
1679 437 1725 466 se
1770 425 1817 466 et

317 482 712 537 archiepiscopum
745 482 1027 524 terminaret.
1091 482 1184 523 Diu
1217 483 1360 536 igitur
1402 483 1564 524 habita
1597 483 1815 525 delibera-

315 542 441 583 tione
482 542 530 582 in
572 542 690 583 hanc
730 542 920 583 tandem
959 541 1219 596 pactionem
1261 542 1493 584 mediante
1535 555 1642 597 rege
1674 542 1816 584 abbas

316 603 363 642 et
396 601 766 656 archiepiscopus
800 603 1141 650 consenserunt,
1184 603 1237 641 ut
1270 601 1410 642 abbas
1451 602 1499 642 in
1533 601 1690 643 decem
1723 601 1844 643 suis⁵

317 660 618 701 decimalibus
660 659 891 701 aecclesiis
934 660 1046 700 duas
1089 662 1242 714 partes
1282 660 1580 708 decimarum,
1623 661 1814 702 terciam

316 719 686 774 archiepiscopus
728 719 968 773 acciperet,
1013 719 1060 759 in
1093 719 1309 773 reliquisa
1345 733 1452 761 vero
1486 715 1609 761 eiusb
1648 719 1815 762 aeccle-

316 778 393 819 siis
427 779 618 819 dimidia
649 778 820 828 abbati,
865 777 1056 819 dimidia
1088 778 1431 833 archiepiscopo
1469 779 1812 833 contingeret⁰;

314 838 396 878 ubi
427 851 534 879 vero
567 837 788 879 aecclesia
821 837 1057 878 decimalis
1096 837 1282 892 propria
1314 838 1648 892 archiepiscopi
1681 839 1812 888 esset,

314 899 416 938 tota
447 897 543 938 illic
577 897 618 938 ei
651 897 829 938 decima
861 896 1066 946 cederet3
1111 898 1321 950 preterea
1351 898 1404 937 ut
1437 910 1593 939 omnes
1626 897 1864 938 domini-10

316 953 463 997 calesd
502 956 835 1010 archiepiscopi
868 957 1033 1005 curtes,
1076 955 1123 995 in
1156 969 1442 1009 quacumque
1476 958 1628 998 essent
1664 970 1814 1011 parro-

316 1015 431 1065 chia⁷
481 1016 538 1056 ob
581 1015 706 1056 omni
748 1015 932 1069 penitus
975 1014 1255 1056 decimarum
1304 1015 1541 1057 exactione
1587 1015 1814 1057 immunes

315 1076 567 1116 manerent.
623 1074 717 1115 Sub
750 1075 910 1128 iugum
943 1074 1079 1115 misso
1113 1074 1280 1116 abbate
1303 1074 1621 1123 Herveldensi,
1656 1074 1814 1116 statim

315 1133 530 1188 Turingi⁰
561 1134 685 1174 omni
718 1147 797 1188 spe
830 1133 1058 1187 adempta,
1095 1147 1147 1174 eo
1174 1134 1296 1187 quod
1328 1133 1377 1174 in
1408 1133 1535 1174 illius
1566 1133 1815 1189 prudentia

316 1195 362 1234 et
410 1193 673 1247 eloquentia
719 1192 970 1247 plurimum
1018 1192 1213 1234 fiduciae
1261 1193 1349 1235 sibi
1395 1193 1672 1247 posuissent,
1721 1206 1814 1234 non
1829 1207 1863 1232 15

314 1251 439 1292 ultra
478 1253 763 1301 restiterunt,
813 1252 892 1293 sed
934 1252 1133 1293 decimas
1175 1252 1222 1292 in
1263 1252 1491 1306 reliquum
1539 1252 1709 1306 absque
1749 1265 1813 1294 re-

313 1312 592 1352 tractatione
645 1312 752 1352 dare
806 1310 1001 1365 professi
1053 1313 1173 1351 sunt.
1253 1311 1496 1353 Fuldensis
1543 1311 1684 1353 abbas
1736 1311 1812 1352 ali-

314 1370 499 1424 quantis
541 1372 701 1425 postea
742 1370 903 1411 diebus
945 1370 1206 1410 obstinatus
1243 1370 1291 1410 in
1324 1371 1560 1425 proposito
1592 1370 1811 1425 perstitit.

315 1429 405 1471 Sed
429 1443 532 1470 cum
554 1443 638 1470 nec
669 1429 790 1483 regis
823 1429 1019 1482 gratiam
1052 1429 1255 1483 recipere
1287 1443 1371 1471 nec
1405 1430 1463 1470 ad
1486 1443 1569 1470 sua
1589 1429 1813 1471 redeundi

314 1488 550 1530 licentiam
590 1489 838 1542 impetrare
879 1489 1044 1542 posset,
1087 1488 1177 1528 nisi
1216 1488 1265 1528 111
1307 1502 1595 1530 communem
1636 1490 1811 1530 senten·
1826 1504 1862 1530 20

314 1548 426 1588 tiam
469 1548 759 1597 concederet,
805 1547 994 1588 tandem
1041 1560 1194 1588 rerum
1243 1547 1522 1588 difficultate
1570 1549 1812 1601 superatus

314 1607 372 1647 ad
405 1607 524 1647 hanc
558 1606 869 1647 conditionem
901 1619 994 1647 non
1025 1607 1122 1646 tam
1149 1606 1339 1647 consilio
1372 1620 1508 1660 quam
1540 1606 1732 1660 imperio
1764 1607 1812 1648 et

314 1668 441 1707 metu
472 1666 592 1720 regis
616 1668 802 1707 coactus
825 1667 905 1715 est,
940 1667 993 1706 ut
1025 1667 1073 1705 in
1106 1666 1284 1706 cunctis
1317 1665 1618 1706 decimalibus
1644 1664 1811 1707 aeccle-

314 1725 390 1766 siis
433 1725 525 1766 suis
567 1727 744 1779 partem
788 1724 1025 1765 dimidiam
1069 1724 1350 1766 decimarum
1389 1719 1533 1779 ipseb‚
1573 1724 1812 1765 dimidiam

314 1784 684 1839 archiepiscopus
717 1784 958 1838 acciperet,
1003 1784 1300 1825 dominicales
1333 1785 1489 1825 autem
1522 1785 1674 1824 curtes
1707 1796 1810 1824 suas
1824 1800 1860 1826 25

313 1844 432 1885 sicut
474 1843 846 1898 archiepiscopus
887 1856 1043 1884 omnes
1085 1843 1141 1884 ab
1182 1843 1307 1884 omni
1345 1843 1623 1884 decimarum
1664 1842 1811 1884 reddi-

311 1903 439 1944 tione
487 1903 655 1944 liberas
703 1903 908 1943 haberet.
972 1902 1088 1942 Tum
1101 1897 1116 1924 f
1162 1915 1259 1952 rex,
1309 1902 1456 1943 sciens
1503 1902 1649 1942 hautg
1693 1901 1810 1944 bene

312 1962 543 2016 placitura
563 1962 770 2002 Romano
793 1961 1003 2016 pontifici
1035 1975 1151 2015 quae
1174 1962 1304 2015 gesta
1324 1961 1523 2015 fuerant,
1558 1960 1642 2002 sub
1674 1960 1811 2002 inter-

312 2021 565 2062 minatione
608 2021 784 2075 gratiae
826 2033 934 2061 suae
975 2020 1159 2073 utrique
1202 2020 1361 2061 abbati
1392 2019 1610 2074 precepit,
1653 2021 1706 2060 ut
1737 2032 1810 2061 ne-

313 2093 399 2133 que
441 2093 522 2134 per
555 2093 601 2120 se
633 2080 755 2134 ipsos
795 2093 944 2132 neque
982 2093 1063 2133 per
1094 2079 1316 2120 nuncium
1347 2092 1495 2132 neque
1528 2078 1618 2120 alio
1651 2078 1858 2132 quovisao

311 2139 447 2179 modo
480 2152 563 2193 pro
595 2137 907 2179 insimulanda
938 2133 1127 2178 sinodo¹¹
1155 2138 1455 2192 apostolicam
1489 2137 1642 2180 sedem
1674 2137 1809 2179 inter-

311 2199 554 2255 pellarent.

455 2258 609 2310 Atque
641 2251 731 2296 itai
773 2255 985 2297 omnibus
1017 2268 1134 2308 quae
1166 2255 1432 2296 intenderat
1463 2269 1546 2309 pro
1567 2254 1807 2296 voluntate

312 2317 496 2366 exactis,
532 2315 739 2357 concitus
770 2314 1072 2368 Ratisponam
1106 2314 1358 2363 contendit,
1393 2315 1603 2354 sanctum
1636 2312 1808 2367 pascha

310 2377 377 2418 ibi
424 2375 752 2417 celebraturus.
817 2372 1022 2426 Cumque
1069 2373 1118 2413 in
1167 2372 1354 2413 civitate
1395 2371 1639 2425 Augusta¹
1686 2371 1807 2413 diem
1821 2386 1856 2412 35

311 2436 568 2491 palmarum
600 2434 770 2488 ageret,
812 2427 1097 2473 Rfldolfumk
1134 2431 1296 2472 ducem
1330 2430 1582 2472 Suevorum
1614 2432 1662 2472 et
1693 2429 1806 2471 alios

311 2495 532 2549 quosdam
545 2494 572 2543 2,
616 2492 695 2546 qui
741 2492 976 2533 sinistrum
1023 2490 1199 2544 aliquid
1237 2491 1397 2531 contra
1435 2503 1532 2530 rem
1573 2488 1807 2543 publicam

311 2597 340 2630 a)
359 2598 469 2629 relquis
488 2598 567 2622 131³.
641 2594 672 2628 b>
691 2602 747 2620 om.
762 2595 830 2620 132.
905 2593 931 2626 c)
951 2594 1121 2626 contingere
1140 2592 1222 2618 1331).
1297 2590 1328 2623 d)
1348 2592 1502 2616 decimales
1521 2591 1602 2617 Bib.
1667 2590 1695 2624 e)
1714 2592 1806 2617 Thur.

310 2635 336 2658 B
348 2635 372 2659 1.
385 2632 466 2659 23¹).
550 2631 574 2664 f)
592 2632 674 2656 Tunc
693 2630 774 2655 Bib.
857 2629 888 2662 g)
908 2629 987 2654 haud
1007 2629 1031 2653 A
1043 2630 1069 2654 1.
1089 2629 1151 2653 132.
1233 2627 1263 2659 h)
1282 2635 1346 2660 syn.
1368 2628 1394 2652 A
1406 2628 1431 2652 1.
1451 2628 1513 2652 Bl.
1526 2626 1571 2652 31³.
1645 2626 1666 2660 i)
1686 2627 1717 2652 in
1737 2627 1806 2653 add.

311 2670 371 2696 ΒΞ.
443 2667 475 2701 k)
494 2666 657 2693 Rudolfum
675 2667 739 2692 Al.
758 2666 843 2698 Bl⁸;
863 2665 1032 2690 Rudolffum
1051 2664 1114 2689 B2.
1818 2664 1855 2690 40

311 2752 345 2794 1)
371 2751 484 2784 Immo
510 2750 696 2793 Eihstatti,
723 2752 762 2782 ut
781 2748 912 2791 procul
934 2746 1040 2780 dubio
1064 2750 1153 2780 recte
1177 2746 1305 2780 habent
1330 2747 1426 2780 Arm.
1445 2745 1567 2780 Altah.
1588 2756 1626 2788 p.
1644 2745 1703 2780 85.
1747 2743 1804 2785 Of.

308 2799 452 2841 Ke‘lian,
479 2797 666 2830 ‘Itinerar'
686 2807 725 2839 p.
743 2798 790 2832 57
807 2806 857 2838 sq.
941 2795 977 2838 2)
1004 2793 1236 2827 Berhtozdum
1260 2793 1379 2825 ducem
1397 2792 1608 2826 carinthiae
1631 2791 1806 2830 videlicet,-

308 2846 405 2880 Ann.
431 2845 552 2878 Altah.
573 2855 612 2887 p.
638 2845 696 2879 85.
749 2843 854 2885 Quem
879 2842 1007 2886 Lamp.
1032 2842 1178 2884 coyitate
1202 2840 1264 2874 hoc
1289 2840 1358 2873 loco
1382 2840 1540 2873 omisisse
1563 2839 1725 2879 videtum·
1757 2839 1803 2879 cf.

308 2893 412 2934 infra
434 2903 472 2936 p.
492 2893 570 2927 153.

1951 616 1959 623 ‘
1951 595 1968 606 .'·
1944 451 1968 587 Ἲ.“-ιίι“ἑι,-.ῑῐῇῗ’
1944 289 1968 436 'adfflfflffi
1945 258 1948 262 ⁰

1958 1925 1968 1982 ,ιι-κε
1963 1883 1968 1886 .
1959 1831 1968 1852 uf
