2014 3184
264 318 365 352 1076.

251 363 313 391 Ῑιωι.
324 364 368 392 24.

272 1051 361 1083 (Iul.)

138 2116 239 2142 Matth.
250 2117 292 2149 12,
302 2116 346 2142 25.

380 205 450 239 268
737 204 1006 241 LAMPERTI
1031 206 1285 244 ANNALES.
1335 208 1382 245 A.
1411 211 1514 246 1076.

380 324 696 380 incompositis
729 327 950 370 lacessere
983 332 1190 384 pergant,
1225 330 1363 373 facile
1396 331 1574 386 gladios
1606 334 1879 388 procacitati

380 385 567 426 modum
593 386 813 428 facturos.
859 387 1137 442 Episcopum
1161 389 1432 444 episcopalis
1454 392 1699 435 ministerii
1720 393 1880 436 munia

380 444 628 487 aecclesiae
661 445 1091 498 Halberstadensia,
1136 449 1210 489 cui
1243 450 1482 491 ordinatus
1524 452 1584 493 sit
1623 452 1876 508 episcopus,

379 504 548 544 rectius
581 507 785 558 prestare
819 519 955 559 quam
987 507 1111 561 ipsis.
1165 507 1244 549 Illi
1277 522 1381 550 cum
1413 524 1604 553 numero
1636 513 1684 554 et
1703 511 1878 556 virtute

378 563 574 616 impares
607 566 772 614 essent,
806 566 1102 607 temerarium
1135 567 1349 608 arbitrati
1374 582 1471 610 rem
1494 571 1735 612 certamini
1761 585 1908 614 com-⁵

378 622 574 672 mittere,
625 623 749 664 tristi
798 625 1100 679 confectoque
1148 627 1300 668 animo
1342 628 1400 668 ad
1441 642 1580 671 naves
1622 630 1875 672 redierunt.

377 680 630 735 Episcopus
662 678 738 722 inb
778 683 1032 734 castellum,
1077 685 1199 738 quod
1232 686 1357 728 haud
1389 686 1526 742 longe
1558 689 1731 740 aberat,
1774 703 1876 732 con-

378 740 525 790 cessit,
560 741 715 795 ibique
747 743 905 796 paucis
929 743 1090 785 diebus
1114 747 1433 797 commoratus,
1463 747 1608 790 donec
1630 747 1876 804 absumpta

375 800 581 841 novitate
614 801 769 841 studia
795 802 1171 855 conquiescerent
1204 804 1421 856 omnium,
1456 805 1519 847 si⁰
1549 807 1628 861 qui
1658 807 1780 850 forte
1801 819 1876 851 're-

376 858 529 900 dituro
562 859 913 911 insidiabantur,
947 862 1136 903 tandem
1163 866 1397 918 assumpto
1429 864 1548 907 laico
1573 866 1751 918 habitu,
1785 881 1876 922 quo
1889 883 1926 911 ιο

374 917 560 959 falleret
593 921 899 970 occursantes,
933 920 982 960 in
1006 920 1251 963 Saxoniam
1284 924 1525 966 contendit
1557 927 1603 967 et
1636 926 1875 981 desperan-

374 976 499 1018 tibus
532 977 622 1018 iam
655 979 856 1020 reditum
892 979 989 1021 eius
1022 975 1278 1022 Saxonibus
1310 985 1513 1037 repente,
1547 986 1785 1039 tamquam
1815 985 1873 1028 ab

374 1035 534 1078 inferis
567 1037 696 1078 vivus
730 1052 978 1093 emergens,
1012 1040 1257 1082 restitutus
1290 1044 1372 1083 est.

515 1096 629 1143 Rex,
673 1097 754 1138 ubi
795 1100 952 1151 gestae
993 1099 1059 1140 rei
1100 1100 1320 1142 nuncium
1353 1102 1550 1158 accepit,
1593 1103 1796 1158 graviter
1825 1106 1873 1146 et

373 1154 530 1208 iniquo
563 1155 698 1197 nimis
732 1157 884 1198 animo
916 1158 1097 1200 ferebat
1130 1161 1285 1201 tantos
1318 1158 1539 1202 conatusd
1567 1175 1672 1204 suos
1702 1162 1752 1204 in
1776 1163 1872 1205 irri-
1886 1178 1922 1206 15

372 1216 471 1254 tum
514 1215 713 1263 cessisse,
763 1219 1023 1271 prereptam
1073 1218 1160 1259 sibi
1206 1221 1441 1260 tantarum
1487 1221 1871 1264 contumeliarum

370 1273 642 1324 vindictam,
686 1275 919 1316 redditum
962 1280 1092 1317 cume
1137 1277 1400 1331 inpunitate
1448 1280 1660 1322 hostibus
1704 1281 1867 1333 virum,

370 1331 418 1371 in
450 1346 540 1386 quo
572 1333 721 1374 tocius
753 1333 965 1376 Saxonici
998 1335 1109 1377 belli
1141 1350 1318 1378 summa
1350 1340 1397 1379 et
1430 1339 1566 1380 cardo
1597 1342 1869 1383 verteretur.

369 1390 466 1432 Nec
500 1391 714 1434 dubitare
747 1395 928 1446 poterat
961 1394 1201 1448 paululum
1243 1396 1335 1436 iam
1367 1397 1540 1451 sopitos
1572 1398 1702 1452 ignes
1735 1399 1869 1442 Saxo-

369 1450 458 1491 nici
501 1450 670 1492 furoris
712 1452 799 1493 hoc
840 1453 1076 1496 incentore
1115 1450 1252 1495 ilieof
1294 1456 1582 1498 suscitandos
1623 1459 1670 1499 et
1711 1472 1918 1514 prope-20

370 1508 490 1550 diem
523 1510 572 1550 in
603 1510 862 1552 inmensum
897 1513 1270 1567 conflagraturos,
1315 1517 1453 1569 atque
1486 1530 1539 1558 eo
1570 1516 1787 1559 infestius
1818 1518 1868 1559 id

368 1570 592 1619 acturum,
637 1583 725 1623 quo
759 1584 805 1611 se
838 1571 1120 1613 meminisset
1158 1575 1262 1627 post
1294 1573 1578 1617 deditionem
1608 1576 1787 1618 nullam
1817 1577 1868 1618 in

366 1641 473 1681 rege
507 1628 812 1679 clementiam,
856 1630 1031 1671 nullam
1066 1634 1305 1685 expertum
1337 1634 1480 1676 fuisse
1512 1635 1864 1678 humanitatem.

366 1685 625 1728 Verebatur
657 1691 877 1742 preterea,
921 1703 978 1731 ne
1020 1690 1158 1731 simili
1191 1692 1326 1733 modo
1365 1693 1535 1735 caeteri
1566 1708 1746 1749 quoque
1779 1695 1866 1738 ela·

366 1745 585 1787 berentur
627 1747 847 1798 dediticii,
898 1751 944 1790 et
986 1749 1072 1790 sibi
1113 1752 1209 1791 tam
1253 1751 1446 1806 insignis
1486 1753 1720 1805 victoriae,
1767 1756 1865 1796 tam
1877 1767 1914 1795 25

365 1809 620 1858 operosaeg
665 1807 914 1849 deditionis
954 1808 1135 1850 fructus
1178 1810 1407 1864 deperiret
1449 1813 1670 1854 assecutis
1711 1813 1776 1855 eis
1815 1827 1864 1856 se

364 1864 509 1906 invito
551 1865 828 1908 libertatem.
893 1866 1060 1908 Omnia
1101 1869 1411 1911 consideranti
1451 1870 1628 1925 placuit
1674 1873 1863 1915 tandem

364 1923 454 1964 alia
503 1924 718 1979 deinceps
766 1926 963 1980 grassari
1009 1927 1095 1978 via,
1146 1930 1192 1969 et
1234 1928 1447 1980 Saxones,
1497 1943 1609 1984 quos
1657 1931 1863 1974 extranei

363 1982 534 2023 totiens
580 1985 832 2037 temptatos
880 1999 973 2026 non
1019 1986 1243 2037 vicerant,
1287 1988 1380 2029 suis
1423 1989 1516 2030 iam
1563 1990 1718 2040 armis,
1767 1991 1861 2032 suis

362 2043 495 2094 parat
537 2055 799 2096 expugnare
836 2044 1022 2095 viribus,
1067 2046 1264 2099 sapienti
1306 2050 1429 2089 certe
1470 2043 1608 2089 usush
1653 2049 1910 2102 consilian

362 2096 600 2152 quoniami
653 2103 832 2142 constet
874 2116 1007 2144 omne
1049 2117 1241 2158 regnum
1283 2106 1413 2147 nulla
1452 2107 1515 2158 vi,
1558 2107 1689 2149 nulla
1729 2108 1859 2151 clade

361 2158 501 2199 cicius
543 2173 680 2212 quam
722 2161 974 2202 domestica
1014 2164 1152 2215 atque
1193 2164 1415 2206 intestina
1457 2166 1692 2208 simultate
1739 2167 1858 2210 labe-

359 2218 587 2259 factatum
606 2232 828 2260 corruere.
858 2220 1137 2274 Episcopum
1154 2221 1630 2278 Magadaburgensem
1643 2225 1670 2276 ¹,
1690 2226 1858 2280 episco-

360 2291 469 2330 pum
487 2278 914 2332 Merseburgensem
929 2279 955 2329 2,
981 2279 1243 2334 episcopum
1262 2282 1567 2324 Misenensem
1582 2283 1609 2333 3,
1634 2284 1855 2338 Magnum

360 2337 535 2386 ducem,
580 2337 865 2378 Fridericum
896 2338 1154 2392 palatinum
1188 2340 1414 2391 comitem,
1458 2344 1667 2396 preterea
1698 2357 1855 2386 omnes
1869 2358 1904 2384 35

360 2395 582 2437 Saxoniae
615 2398 662 2437 et
684 2393 959 2451 'I'uringiaek
985 2398 1226 2452 principes,
1261 2400 1339 2452 qui
1365 2400 1516 2442 adhuc
1548 2401 1596 2441 in
1619 2402 1854 2445 deditione

358 2455 649 2506 tenebantur,
684 2455 740 2496 ab
775 2456 911 2497 exilio
942 2457 1145 2498 revocari
1176 2458 1318 2508 iubet,
1354 2461 1400 2500 et
1427 2459 1678 2502 clementer
1708 2475 1854 2504 accer-

359 2514 458 2554 sitis
500 2514 565 2554 ait
607 2528 666 2565 se,
711 2529 814 2555 cum
855 2515 985 2556 iuxta
1025 2516 1254 2570 palatinas
1295 2517 1419 2572 leges
1461 2521 1664 2561 extremo
1695 2520 1745 2560 in
1777 2534 1853 2562 eos

356 2640 384 2669 a)
404 2640 641 2665 Halberstatensi
661 2641 689 2666 h.
705 2642 724 2666 I.
745 2642 807 2666 ΒΞ.
864 2643 894 2673 b)
913 2640 952 2666 ad
971 2642 1048 2667 ΒΝ.
1115 2644 1141 2673 c)
1162 2643 1209 2674 qui
1229 2644 1255 2668 si
1273 2644 1352 2669 Blfl.
1427 2645 1457 2677 (l)
1478 2649 1597 2670 conatos
1617 2646 1679 2671 ΒΞ.
1737 2645 1764 2679 e)
1784 2654 1852 2673 eum

354 2675 433 2699 Bla.
507 2674 530 2707 f)
549 2675 628 2700 illico
647 2676 726 2701 Blfl.
801 2678 831 2709 g)
851 2678 986 2708 operiose
1005 2678 1066 2702 ΒΞ.
1124 2677 1155 2710 h)
1176 2681 1220 2703 est
1240 2680 1309 2704 add.
1325 2679 1404 2704 Blb.
1470 2680 1490 2713 i)
1511 2682 1577 2711 qffio
1597 2681 1684 2715 B1b;
1707 2683 1902 2714 quomodo&

355 2710 434 2735 131³.
508 2710 540 2741 k)
560 2711 652 2736 Thur.
673 2712 774 2737 Bri).

356 2803 390 2846 1)
419 2804 664 2838 le-inherum
692 2807 866 2849 (IVezel).
965 2808 1000 2850 2)
1035 2807 1293 2843 werinherum.
1340 2809 1418 2842 Hos
1441 2810 1529 2844 duos
1551 2815 1744 2854 postremos
1768 2815 1850 2844 tunc

354 2851 484 2884 solutos
508 2862 577 2885 esse
602 2853 686 2885 dicit
712 2854 838 2887 Bremo
862 2865 888 2889 o.
913 2855 970 2897 86,
998 2855 1062 2897 qui
1085 2855 1168 2888 haec
1193 2856 1300 2888 aliter
1326 2862 1468 2892 narrat.
1576 2859 1611 2902 3)
1638 2858 1848 2893 Bemwnem.
