2014 3184
364 234 434 268 292
729 228 998 264 LAMPERTI
1023 226 1275 262 ANNALES.
1326 226 1373 260 A.
1402 227 1504 262 1077.

248 352 351 386 1077-
367 353 519 394 animo
561 354 691 393 actae
732 350 1017 406 penitudinis
1058 351 1241 391 nostrae
1282 346 1504 402 potestati
1545 346 1686 388 dedat
1726 346 1774 388 et
1814 358 1862 388 se

258 399 354 430 ΗΜ)
367 414 471 466 post
512 413 607 452 tam
641 412 887 452 contumax
928 409 1177 450 admissum
1217 407 1343 461 regio
1385 406 1569 448 nomine
1602 407 1649 447 et
1689 405 1863 446 honore

369 471 583 524 deinceps
615 470 858 523 indignum
880 467 1180 523 profiteatur’.
1235 466 1415 507 Durum
1446 465 1582 505 nimis
1605 465 1692 506 hoc
1714 464 1863 505 visum

368 531 437 571 est
468 529 648 583 legatis.
702 527 935 581 Cumquea
961 527 1258 568 vehementer
1288 525 1566 574 insisterent,
1600 525 1654 564 ut
1685 524 1863 564 senten-

222 605 261 632 Is.
271 605 317 637 42,
329 605 354 631 3.
366 589 481 629 tiam
503 589 782 641 temperaret
803 600 887 628 nec
911 586 1137 627 calamum
1161 585 1514 638 conquassatum
1535 582 1696 623 iudicii
1717 583 1895 623 auste-aes

368 648 508 688 ritate
541 647 725 701 penitus
759 647 1034 694 contereret,
1077 644 1152 685 vix
1185 645 1231 685 et
1263 656 1398 697 aegre
1429 642 1618 684 tandem
1650 642 1864 683 exoratus

369 706 532 747 annuit
549 706 574 755 1,
608 707 661 746 ut
685 699 964 746 comminusb
992 703 1182 753 veniret,
1217 704 1263 743 et
1295 702 1334 742 si
1354 715 1508 742 veram
1539 714 1622 755 pro
1655 699 1864 741 admissis

369 765 688 819 penitudinem
721 765 912 817 gereret,
948 762 1143 816 culpam,
1178 775 1314 815 quam
1337 760 1435 802 sedi
1462 759 1741 814 apostolicae
1764 771 1864 800 con-

368 823 607 865 tumeliam
629 822 875 877 irrogando
899 822 1202 870 contraxerat,
1227 819 1347 861 sedis
1370 818 1650 873 apostolicae
1667 817 1864 860 decretis

190 899 355 931 (samm)
370 895 492 923 nunc
519 882 802 923 obediendo⁰
830 878 1065 935 *expiaret
1112 879 1248 920 Venit
1279 878 1371 928 ille,
1405 883 1459 918 ut
1489 877 1665 918 iussum
1695 877 1863 927 fuerat,
1879 889 1914 916 ιο

369 943 415 982 et
438 955 541 982 cum
565 940 806 982 castellum
837 939 956 980 illud
979 938 1152 992 triplici
1184 951 1314 978 muro
1337 938 1518 991 septum
1541 937 1672 986 esset,
1706 931 1858 976 intrad
1879 926 1925 959 *Ρ-
1934 925 2014 974 2591

370 1000 619 1041 secundum
663 1013 897 1040 murorum
939 998 1164 1042 ambitum
1210 998 1441 1051 receptus,
1490 995 1603 1037 foris
1645 994 1866 1037 derelicto

370 1059 494 1099 omni
527 1058 750 1100 comitatu
783 1071 864 1098 suo
879 1058 906 1106 2,
951 1056 1159 1111 deposito
1193 1055 1322 1097 cultu
1361 1054 1487 1109 regio
1502 1055 1528 1105 3,
1572 1053 1691 1095 nihil
1721 1053 1866 1108 prefe-

370 1131 474 1159 rens
506 1117 698 1171 regium,
731 1116 850 1157 nihil
883 1118 1120 1157 ostentans
1153 1114 1479 1169 pompaticum,
1512 1113 1650 1154 nudis
1672 1112 1866 1167 pedibus

369 1176 580 1218 ieiunus4
622 1190 649 1216 a
689 1189 822 1217 mane
863 1189 1006 1228 usque
1046 1175 1104 1215 ad
1135 1187 1371 1228 vesperam
1403 1172 1641 1227 perstabat
1670 1167 1867 1213 Romani
1881 1184 1915 1211 ιο

197 1253 357 1284 flamme)
371 1235 602 1289 pontificis
650 1234 925 1276 sententiam
974 1233 1283 1287 prestolando.
1361 1232 1463 1273 Hoc
1512 1231 1730 1281 secundo,
1778 1231 1866 1272 hoc

144 1312 358 1343 (santiae)
371 1294 540 1335 tercioe
590 1294 663 1335 die
704 1293 830 1334 fecit.
896 1292 1072 1343 Quarto
1114 1293 1298 1333 demum
1340 1291 1444 1332 die5
1483 1291 1532 1330 in
1570 1290 1867 1343 conspectum

372 1353 468 1394 eius
502 1353 744 1403 admissus,
788 1353 892 1406 post
924 1351 1094 1391 multas
1126 1351 1234 1391 hinc
1266 1350 1373 1390 inde
1406 1349 1553 1390 dictas
1585 1346 1873 1390 sententias⁶

371 1442 400 1511 a)
419 1443 553 1503 8ῗέἳὲ
577 1442 604 1470 h.
625 1442 643 1469 l.
669 1449 773 1469 onmes.
864 1442 894 1472 b)
923 1442 1055 1466 cominus
1082 1441 1143 1468 Al.
1234 1439 1261 1473 c)
1289 1439 1446 1465 obidiendo
1464 1438 1544 1467 Blb.
1635 1438 1664 1472 d)
1692 1438 1772 1464 inter
1790 1437 1918 1501 Bll‘.2⁰

371 1486 387 1504 e
556 1499 562 1504 .

373 1550 407 1593 1)
440 1550 562 1591 Immo,
600 1552 688 1582 recte
708 1548 839 1591 procul
861 1548 967 1581 dubio
992 1546 1173 1581 Berthold.
1200 1546 1314 1589 (Amo.
1341 1546 1378 1581 S.
1403 1544 1540 1591 Blasa)
1562 1557 1600 1589 p.
1618 1546 1698 1581 289.
1724 1545 1868 1579 scribit:

372 1607 437 1630 rex
464 1622 471 1630 .
499 1622 507 1630 .
536 1624 542 1631 .
569 1595 615 1629 ad
641 1595 777 1628 castelli
811 1597 955 1639 portam
989 1605 1162 1638 praeceps
1197 1595 1233 1627 et
1263 1593 1416 1626 adhuc
1440 1591 1647 1636 inopinatus
1673 1594 1710 1626 et
1734 1591 1868 1636 absque

371 1654 544 1687 responso
579 1642 779 1686 apostolico
814 1642 961 1685 eiusque
986 1641 1098 1675 verbo
1128 1640 1336 1674 invitatorio
1360 1640 1643 1684 praecipitanter
1668 1667 1676 1674 .
1705 1666 1712 1674 .
1739 1667 1748 1675 .
1776 1667 1784 1675 .
1810 1649 1867 1672 ac-

371 1690 487 1724 cessit.
546 1690 613 1723 Ubi
636 1701 680 1722 ear
704 1700 779 1723 voce
803 1689 922 1722 adhuc
943 1693 1041 1732 patet
1065 1689 1106 1721 de
1130 1689 1226 1728 reqis
1250 1689 1400 1721 adventu
1425 1689 1499 1720 iam
1524 1690 1716 1720 tractatum
1741 1687 1868 1728 fuisse.

373 1739 468 1779 Quae
491 1739 660 1770 narratio
684 1747 761 1770 cum
790 1736 959 1779 Greyorii
980 1735 1127 1779 epistola
1151 1735 1176 1768 Ι
1180 1736 1218 1777 V,
1238 1736 1292 1770 12.
1319 1734 1444 1768 melius
1467 1735 1632 1768 convenit.
1683 1734 1740 1776 Cf.
1765 1733 1869 1767 Floto
1881 1738 1918 1766 25

372 1786 424 1827 II,
456 1796 494 1827 p.
525 1786 604 1820 129.
701 1785 739 1827 2)
769 1783 843 1817 Hoc
868 1784 1006 1824 falsum
1031 1786 1089 1817 est.
1140 1783 1218 1815 Rex
1242 1792 1321 1814 cum
1345 1783 1511 1815 comitatu
1536 1792 1599 1814 suo
1623 1785 1704 1815 ante
1723 1785 1869 1825 portam

370 1833 508 1865 castelli
530 1833 642 1870 stetit:
676 1831 844 1873 Greyorii
867 1831 950 1873 Rey.
977 1830 1043 1872 IV,
1065 1831 1132 1868 12,·
1156 1829 1337 1863 Berthold.
1364 1829 1478 1870 (Anu.
1503 1828 1540 1864 S.
1566 1828 1703 1872 Blasii)
1725 1839 1764 1872 p.
1781 1829 1868 1864 289.

372 1880 411 1912 N
412 1890 455 1912 ou
481 1879 678 1912 inconsulto
704 1878 831 1920 Lamp.
867 1879 963 1910 dixit
987 1879 1190 1910 comitatum
1214 1878 1312 1919 reyis
1335 1879 1439 1909 extra
1464 1879 1621 1909 castrum
1645 1876 1867 1910 remansisse.

374 1926 431 1967 Cf.
458 1927 564 1967 infra
587 1938 623 1969 p.
642 1927 723 1967 297,
750 1936 786 1960 n.
806 1927 837 1960 1.
882 1925 993 1958 Versu
1019 1925 1157 1966 Verqili
1179 1924 1268 1958 Aen.
1300 1923 1360 1966 VI,
1381 1924 1449 1958 549
1472 1921 1621 1967 (triplici
1646 1921 1869 1956 circumdata

374 1976 494 2016 muro)
521 1977 651 2005 motum
677 1983 746 2005 esse
765 1972 905 2014 Lamp.‚
933 1975 972 2004 ut
995 1972 1177 2004 castellum
1196 1971 1419 2004 Canusinam
1443 1970 1583 2012 triplici
1605 1979 1709 2002 muro
1733 1973 1919 2012 septumso

372 2021 509 2062 diceret,
537 2020 679 2052 coniecit
695 2019 940 2060 Pamwnbory,
967 2018 1147 2051 ‘Lambert
1163 2029 1191 2052 v.
1210 2017 1258 2052 H.
1282 2018 1316 2052 d.
1334 2016 1443 2059 Verfi'
1465 2028 1502 2060 p.
1520 2017 1578 2051 49.
1613 2015 1738 2048 Etiam
1758 2015 1868 2057 Onia„

373 2067 480 2098 Fasti
502 2066 575 2108 III,
591 2067 672 2100 801.
695 2066 818 2097 habet:
843 2064 954 2098 Hunc
977 2064 1113 2108 triplici
1138 2075 1242 2097 muro
1262 2091 1269 2099 .
1289 2089 1296 2097 .
1317 2091 1324 2099 .
1342 2063 1547 2097 incluserat.
1621 2063 1658 2106 3)
1672 2063 1771 2096 Haec
1785 2065 1869 2096 sunt

373 2113 477 2146 verba
505 2112 683 2154 Greyorii,
711 2112 795 2154 Κεφ.
821 2112 890 2152 IV,
911 2113 974 2146 12:
1011 2111 1236 2154 deposito
1269 2121 1376 2144 omne
1402 2110 1536 2155 regio
1572 2109 1728 2152 cultu,
1762 2109 1869 2143 mise-
1914 2127 1918 2143 2

373 2159 536 2193 rabiliter
561 2160 689 2202 utpote
715 2158 942 2191 discalciatus
968 2160 1004 2191 et
1028 2157 1141 2190 laneis
1165 2157 1325 2192 indutus.
1398 2159 1434 2200 4)
1460 2157 1601 2190 ieiunus
1618 2177 1664 2181 —
1680 2167 1870 2200 vesperam

373 2210 421 2240 est
455 2209 682 2239 commentum
714 2206 910 2247 Lamperti.
1032 2206 1068 2247 5)
1103 2204 1179 2237 Hoc
1212 2205 1348 2245 falsum
1382 2208 1446 2236 aut
1479 2205 1603 2237 saltem
1637 2203 1782 2236 dubium
1807 2207 1867 2238 est.
1881 2211 1919 2238 35
2008 2233 2014 2249 5

379 2255 500 2286 Tertia
524 2254 590 2295 die,
621 2256 811 2295 postquam
837 2252 1032 2284 Canusium
1058 2251 1207 2293 advenit,
1243 2261 1319 2282 eum
1351 2250 1550 2283 absolutum
1574 2260 1644 2283 esse
1668 2251 1757 2283 dicit
1785 2250 1869 2283 Vita
2005 2250 2014 2289 ’ς’

374 2301 536 2334 Auselmi
559 2310 584 2334 c.
606 2301 660 2342 16,
689 2299 753 2333 SS.
768 2298 859 2341 XII,
877 2309 917 2341 p.
934 2300 990 2341 18,
1016 2298 1174 2340 idemque
1192 2297 1329 2330 Donizo
1353 2297 1405 2339 H,
1423 2298 1481 2331 86.
1509 2301 1540 2329 et
1556 2297 1735 2331 Berthold.
1753 2297 1866 2338 (Anu.
2011 2301 2014 2308 “

375 2348 411 2382 S.
439 2347 574 2388 Blasii)
604 2358 642 2390 p.
660 2347 741 2381 289.
777 2345 903 2388 (usque
928 2344 974 2378 in
997 2344 1147 2378 tertium
1172 2343 1268 2377 diem
1294 2343 1380 2376 foris
1408 2371 1414 2378 .
1443 2368 1451 2376 .
1478 2371 1486 2379 .
1512 2342 1778 2387 hospitabatur)
1810 2344 1869 2376 in·-

377 2396 497 2427 dicare
521 2395 695 2436 videntur,
720 2392 824 2426 verba
851 2393 1029 2434 Greqorii‚
1054 2392 1138 2433 Ray.
1165 2391 1234 2432 IV,
1257 2392 1310 2425 12.
1336 2400 1402 2433 per
1426 2389 1588 2423 triduum
1613 2391 1698 2423 ante
1721 2391 1867 2434 portam
1917 2412 1919 2415 -
2007 2398 2014 2436 ς

376 2440 483 2475 castri
519 2466 526 2474 .
554 2466 561 2474 .
590 2466 597 2473 .
631 2439 826 2483 persistens
847 2449 917 2482 pro
940 2442 1065 2472 neutro
1089 2439 1238 2480 faciunt,
1274 2448 1298 2470 a
1322 2437 1449 2480 quibas
1467 2437 1622 2479 pendent
1645 2447 1762 2470 omnes
1784 2437 1919 2472 reli-40
2001 2452 2014 2473 ,ι

375 2490 449 2531 qui,
476 2489 540 2530 qui
559 2488 625 2520 hac
642 2488 683 2520 de
699 2497 738 2520 re
761 2487 970 2520 retulerunt.
1013 2485 1101 2519 Cum
1124 2486 1229 2517 etiam
1254 2484 1382 2527 Lamp.
1407 2484 1500 2516 hanc
1525 2484 1708 2526 epistolam
1733 2483 1865 2526 leym-it,
2007 2474 2014 2522 Ῐ

375 2545 464 2578 quae
497 2537 570 2576 ipse
595 2535 692 2567 dimit
715 2535 765 2566 sic
789 2533 892 2566 verba
921 2533 1091 2575 Gregorii
1113 2534 1367 2573 interpretatus
1391 2532 1574 2573 scripsisse
1598 2531 1747 2566 videtur.
1797 2531 1868 2564 Nec
2008 2531 2014 2574 ἰ

375 2583 460 2624 dies,
494 2592 562 2624 quo
590 2591 692 2623 papa
725 2584 756 2614 et
784 2591 851 2612 rex
883 2581 1112 2621 convenerint,
1139 2579 1248 2611 ultra
1281 2587 1413 2611 omnem
1447 2577 1697 2610 dubitationem
1720 2580 1864 2620 constat,
2008 2585 2014 2621 j

376 2639 454 2661 cum
471 2629 610 2670 quidem
635 2627 882 2660 securitatibus
905 2628 1001 2668 reyis
1025 2626 1125 2668 (Req.
1144 2625 1214 2664 IV,
1236 2626 1279 2659 12
1287 2625 1325 2666 a)
1351 2624 1641 2667 subterscriptum
1657 2626 1705 2658 sit
1728 2622 1866 2658 Actum
2010 2649 2014 2675 ¹

378 2702 386 2710 .
415 2703 422 2709 .
451 2700 458 2708 .
484 2673 530 2708 V.
557 2673 641 2708 Kal.
666 2673 787 2716 Febr„
812 2674 872 2706 sed
897 2673 1036 2705 Donizo
1061 2673 1113 2715 H,
1134 2673 1213 2707 107.
1239 2672 1296 2704 die
1326 2671 1407 2705 VII.
1434 2672 1520 2705 Kal.
1547 2671 1651 2705 Febr.
1678 2670 1775 2715 (Ian.
1801 2669 1918 2716 26)4s

376 2732 490 2763 reyem
522 2722 570 2753 acl
600 2731 734 2764 papam
769 2721 965 2753 admissum
998 2730 1067 2752 esse
1100 2720 1205 2753 dieat.
1327 2718 1362 2760 6)
1389 2718 1523 2750 luania
1549 2718 1700 2750 blaterat
1723 2717 1864 2760 Lamp„

377 2768 508 2800 harum
533 2778 656 2800 rerum
681 2769 845 2809 iquaras.
884 2766 940 2807 Cf.
967 2777 1082 2808 supra
1100 2776 1140 2808 p.
1161 2766 1240 2806 180,
1267 2765 1287 2799 l.
1309 2766 1364 2799 13.
1382 2766 1463 2805 238,
1489 2765 1510 2799 l.
1530 2766 1561 2799 5.
1602 2764 1776 2805 Quomodo
1800 2763 1868 2796 hae
2008 2735 2014 2787 l

377 2825 435 2847 res
459 2818 554 2847 actae
577 2815 662 2856 siut,
687 2818 820 2846 narrat
846 2813 983 2846 Donizo
1007 2813 1058 2855 II,
1085 2813 1261 2854 87—103,
1289 2811 1352 2846 SS.
1379 2812 1470 2854 XII,
1491 2822 1531 2854 p.
1558 2812 1626 2846 381
1644 2821 1708 2853 sq„
1733 2811 1869 2843 harum

376 2871 501 2893 rerum
526 2862 679 2902 optimus
703 2862 799 2893 testis
825 2860 1038 2893 Canusinus.
