2014 3184
503 205 774 242 LAMBERTI
798 205 1055 242 ANNALES.
1106 206 1153 242 A.
1181 209 1286 244 1077.
1586 209 1656 244 299

143 329 350 385 negociis
386 329 691 380 inmaturum,
734 342 891 384 regem
933 329 1021 371 sibi
1058 329 1298 372 facerent1
1337 331 1384 371 et
1425 343 1530 371 cum
1568 332 1650 372 eoa
1671 329 1773 364 1077.

145 389 340 431 Romam
381 388 582 444 profecti
622 402 790 443 papam
831 388 976 430 alium
1017 388 1262 443 eligerent,
1308 403 1390 444 per
1431 403 1567 443 quem
1609 391 1656 431 et
1668 377 1781 407 (mm)

145 449 244 505 ipse
285 448 498 504 protinus
535 448 789 502 imperator
827 450 1185 499 consecraretur,
1231 450 1278 491 et
1317 449 1472 490 onmia
1510 462 1656 504 papae

147 508 286 550 huius
318 507 566 563 apostatici
598 509 730 562 gesta
762 503 1100 550 cassarenturb.

117 582 134 608 ⁶
290 566 478 610 Perlato
511 567 571 608 ad
596 581 753 622 regem
784 568 882 608 tam
915 567 1138 609 molestae
1161 567 1516 622 conspirationis
1545 582 1657 608 nun-

148 627 232 678 cio,
267 627 393 668 misit
424 640 619 682 propere
645 627 866 681 quicquid
898 627 1023 682 apud
1055 640 1102 669 se
1135 627 1398 682 principum
1425 629 1570 677 erate,
1605 628 1658 667 ut

148 700 332 741 quaqua
366 687 560 738 ratione,
595 700 779 740 quaqua
809 688 997 741 possent
1028 686 1261 728 industria
1293 686 1512 728 efferatae
1546 686 1658 727 mul-

147 746 366 788 titudinis
398 746 575 787 animos
608 746 903 800 mitigarent;
946 759 1004 788 ne
1046 746 1240 788 moleste
1278 746 1542 801 acciperent
1577 747 1659 787 aut

147 805 199 846 in
230 805 560 848 contumeliam
593 819 723 846 suam
754 805 934 846 factum
966 807 1256 860 reputarent,
1298 806 1421 860 quod
1454 807 1660 847 extrema

102 881 137 906 10
149 865 426 907 necessitate
459 865 723 920 compulsus
756 865 1012 906 communis
1045 865 1274 907 commodi
1311 865 1491 906 ratione
1529 865 1658 906 fecis·

150 926 242 976 set;
291 937 377 966 nec
418 921 712 966 Teutonicis‘¹
759 924 1064 979 principibus,
1115 925 1194 979 qui
1236 924 1324 966 sibi
1369 938 1450 979 per
1492 924 1659 966 calum-

149 984 275 1025 niam
316 997 511 1038 regnum
554 984 729 1039 eripere
763 983 922 1026 dedita
963 997 1102 1039 opera
1139 984 1530 1034 machinarentur,
1574 997 1658 1025 nec

149 1043 359 1085 Romano
399 1043 628 1098 pontifici,
678 1043 757 1098 qui
805 1043 863 1084 ad
906 1044 1207 1086 evertendum
1249 1045 1424 1084 statum
1471 1045 1659 1084 sanctae

151 1102 402 1145 aecclesiae
454 1102 688 1157 spirituali
739 1103 896 1157 gladio
945 1103 1301 1157 circumquaque
1349 1103 1657 1158 fulguraretss,

103 1178 138 1205 15
151 1162 289 1204 aliter
329 1162 544 1204 satisfieri
584 1157 836 1217 potuisse-f,
879 1176 1018 1216 quam
1050 1164 1104 1203 ut
1137 1164 1245 1204 ante
1278 1164 1504 1203 statutam
1537 1162 1660 1204 diem

151 1221 627 1264 excommunicatione
675 1221 1013 1272 absolveretur;
1063 1236 1186 1264 nunc
1235 1235 1282 1264 se
1324 1222 1538 1263 omnibus
1586 1235 1660 1262 an-

151 1281 330 1336 gustiis,
364 1281 531 1335 quibus
557 1281 655 1322 vias
689 1281 787 1322 eius
819 1281 1154 1323 conclusissent
1185 1281 1375 1332 inimici,
1410 1281 1660 1323 liberatum

151 1353 334 1382 omnem
375 1340 594 1395 deinceps
636 1354 794 1382 curam
839 1340 1210 1395 industriamque
1258 1341 1318 1382 ad
1357 1341 1660 1382 vindicandas

151 1413 257 1441 suas
286 1401 334 1442 et
357 1399 546 1442 illorum
577 1399 770 1441 iniurias
792 1400 1130 1441 translaturum
1145 1401 1173 1441 2.
1218 1400 1308 1441 Vix
1330 1401 1520 1442 tandem
1545 1414 1660 1441 com-

103 1458 307 1515 2opresso
329 1459 489 1514 pocius
512 1473 650 1514 quam
682 1459 888 1501 extincto
912 1460 1135 1502 concitati
1166 1459 1398 1501 tumultus
1430 1459 1659 1509 incendio,

151 1518 360 1574 plerique
393 1532 447 1561 ex
479 1519 767 1574 principibus
801 1519 993 1560 castrisg
1030 1533 1077 1562 se
1116 1533 1198 1574 per
1235 1519 1350 1560 iram
1390 1519 1661 1560 subtrahen-

150 1581 241 1629 tes,
280 1578 444 1620 iniussi
481 1578 531 1619 in
563 1592 646 1619 sua
677 1578 868 1620 rediere.
933 1577 1117 1620 Caeteri
1150 1579 1442 1620 dissimulata
1473 1578 1661 1620 interim

151 1637 393 1679 iracundia
443 1638 717 1680 redeuntem
769 1651 926 1692 regem
978 1638 1170 1692 pacifice
1223 1640 1521 1692 exceperunt,
1581 1638 1661 1679 sed

152 1700 328 1752 nequea
379 1699 647 1739 consuetam
696 1697 738 1739 ei
784 1692 1120 1739 reverentiam¹¹
1170 1698 1462 1743 deferebant,
1513 1710 1662 1750 neque

103 1774 140 1800 25
152 1758 249 1798 tam
282 1758 570 1812 sumptuosa,
610 1758 664 1797 ut
696 1756 842 1811 prius,
882 1759 1027 1810 utque
1059 1756 1234 1811 regiam
1267 1756 1662 1810 magnificentiam

153 1816 391 1867 decuerat,
435 1815 628 1858 servicia
659 1816 703 1857 ei
735 1816 1036 1865 exhibebant,
1077 1816 1158 1857 sed
1191 1816 1360 1857 aversis
1393 1815 1557 1863 oculis,
1598 1815 1662 1856 in-

152 1875 287 1918 festis
328 1875 563 1917 mentibus
604 1875 775 1930 passim
816 1889 899 1929 per
936 1889 1094 1922 omnes
1136 1875 1331 1929 angulos
1375 1875 1431 1917 de
1470 1875 1683 1917 levitate-

153 1936 201 1977 et
231 1935 411 1989 ineptia
443 1934 541 1976 eius
573 1929 907 1975 mussitabanti
949 1934 1296 1989 socordiamque
1333 1930 1660 1983 accusabantk,

154 1994 278 2048 quod
318 1995 416 2034 tam
455 1993 536 2035 diu
577 1995 866 2048 expectatus,
906 1995 1003 2034 tam
1045 1994 1179 2036 anxie
1219 1994 1508 2036 desideratus
1549 1993 1663 2048 peri-

107 2052 363 2099 3oCli13a11ffiS
396 2052 564 2095 Italiae
598 2053 943 2095 calamitatibus
976 2053 1095 2094 nihil
1127 2055 1360 2108 postremo
1393 2054 1508 2108 spei,
1543 2053 1662 2094 nihil

156 2112 347 2167 presidii
387 2111 637 2154 attulisset.
701 2111 909 2166 Cumque
942 2112 1131 2154 Italiam
1173 2115 1460 2168 peragraret,
1504 2114 1558 2153 ut
1591 2113 1662 2153 his

155 2171 235 2226 qui
286 2171 493 2227 oppressi
543 2171 733 2214 fuerant
786 2171 1122 2215 calumniamve
1179 2173 1484 2228 paciebantur
1535 2172 1663 2226 regio

156 2245 281 2273 more
324 2231 450 2272 iusta
492 2231 687 2280 faceret,
733 2245 819 2273 nec
863 2231 913 2272 in
954 2232 1166 2274 civitates
1211 2246 1316 2274 eum
1361 2232 1661 2286 recipiebant,

156 2304 240 2332 nec
269 2304 374 2332 cum
405 2290 574 2332 faculis
608 2292 655 2332 et
685 2291 854 2332 faustis
886 2291 1312 2342 acclamationibus,
1347 2294 1401 2332 ut
1433 2291 1663 2345 prioribus

109 2370 144 2396 35
156 2349 343 2404 regibus
376 2352 728 2401 consueverant,
772 2350 955 2392 obviam
988 2351 1030 2393 ei
1062 2351 1394 2406 procedebant,
1439 2351 1518 2391 sed
1550 2349 1664 2391 foris

156 2409 206 2450 in
238 2409 515 2451 suburbanis
547 2409 659 2451 locis
683 2410 845 2451 castris
878 2410 1040 2464 positis
1064 2410 1336 2452 commorari
1367 2404 1662 2459 iubebatur¹,

157 2541 187 2575 a)
206 2549 261 2570 om.
281 2540 362 2570 Blb.
442 2542 474 2573 b)
493 2544 681 2568 cassarentur
699 2543 760 2570 ΒΞ.
844 2542 871 2575 c)
891 2546 956 2569 erat
970 2546 1039 2575 post
1058 2551 1134 2570 corr.
1156 2546 1220 2569 erat
1239 2543 1300 2570 ΒΞ.
1383 2540 1415 2572 d)
1434 2542 1585 2569 Theuton.
1604 2542 1665 2567 132.

157 2577 186 2610 e)
205 2578 338 2610 fulguret
355 2577 436 2606 Blb.
509 2577 533 2611 f)
552 2578 709 2611 potuisset,
732 2581 744 2604 t
756 2582 825 2611 post
843 2579 899 2606 del.
918 2580 979 2606 132.
1043 2581 1072 2611 g)
1092 2579 1215 2604 erasti-is
1234 2579 1312 2606 131³.
1369 2578 1400 2609 h)
1420 2585 1478 2603 non
1499 2578 1566 2604 add.
1586 2576 1666 2604 Blb.

158 2613 180 2644 ἰ)
198 2614 298 2639 musit.
318 2614 381 2639 ΒΞ.
455 2613 488 2644 k)
506 2613 683 2639 incusabant
701 2613 780 2642 ΒΗ).
854 2615 875 2646 l)
894 2613 1056 2640 videbatur
1074 2614 1153 2642 ΒΗ).

110 2724 196 2768 401)
219 2725 328 2759 Nemo
346 2728 495 2768 praeter
511 2725 744 2770 Lampertum
770 2727 854 2760 haec
870 2727 1003 2768 retulit,
1028 2730 1059 2759 et
1085 2727 1167 2759 huic
1193 2728 1230 2759 in
1257 2727 1326 2759 tali
1349 2737 1388 2759 re
1412 2726 1516 2758 nulla
1542 2725 1666 2758 danda

158 2775 209 2806 est
233 2772 329 2815 fides.
427 2773 464 2815 2)
490 2772 617 2815 Lamp.
643 2774 736 2807 male
759 2785 901 2816 ynarus
925 2785 1049 2807 rerum
1075 2776 1114 2806 in
1133 2774 1244 2807 Italia
1267 2777 1462 2816 gestarum,
1493 2775 1667 2815 iynorans

159 2821 277 2861 etiam,
301 2819 366 2852 ubi
388 2830 455 2852 rex
479 2823 640 2854 moratus
663 2821 722 2864 sit,
748 2831 814 2854 suo
839 2832 934 2855 more
959 2832 996 2854 eo
1019 2821 1131 2865 plura
1159 2821 1262 2854 verba
1287 2821 1427 2863 effudit,
1453 2832 1521 2864 quo
1547 2821 1668 2854 mimas

159 2867 202 2901 de
224 2866 329 2900 rebus
351 2868 459 2909 qestis
482 2870 695 2910 compertum
719 2868 879 2902 habebat.
