1968 3164
275 286 342 321 196
635 283 904 319 LAMPERTI
929 283 1182 321 ANNALES.
1232 285 1279 321 A.
1308 287 1410 322 1074.

156 405 258 440 1074.
274 406 469 448 iniuriae
511 406 709 461 patriam
758 421 886 447 suam
934 407 1140 448 barbaris
1187 408 1379 462 prodere
1420 409 1551 460 velit,
1595 421 1679 451 nec
1721 421 1778 451 ea

162 452 261 484 (Μ’)
273 466 464 508 levitate
498 480 524 507 a
555 480 697 520 puero
729 466 900 507 vitama
937 466 1206 517 instituisse,
1249 469 1302 508 ut
1335 468 1574 522 quisquam
1612 481 1776 510 sanum

274 525 450 579 aliquid
483 525 663 580 sapiens
695 527 791 566 tam
823 525 984 580 inepta
1015 526 1071 567 de
1105 539 1151 568 se
1184 527 1406 581 suspicari
1438 522 1629 582 possitb.
1686 527 1774 568 Im-

274 586 457 640 petrata
497 598 578 639 per
616 584 794 639 legatos
837 599 987 626 coram
1020 585 1235 627 veniendi
1273 586 1416 640 copia,
1459 587 1508 627 in
1539 587 1775 629 Andema-

274 644 418 686 chene
457 643 555 698 regi
588 644 801 685 occurrit.
857 643 1062 698 Cumque
1095 659 1173 686 rex
1206 645 1262 686 de
1295 646 1367 687 his
1399 660 1515 700 quae
1549 659 1806 701 (tempere-5

274 700 374 744 rat‘l
413 703 694 745 severissime
737 703 1023 757 questionem
1066 704 1393 758 promulgaret,
1437 705 1648 760 proditae
1680 705 1774 759 qui·

275 763 378 804 dem
410 762 477 804 rei
512 762 725 817 publicae
758 763 948 812 crimen,
993 763 1115 816 quod
1147 763 1447 815 obiciebatur,
1487 766 1774 807 sacramento

275 822 502 876 purgavit.
552 821 757 872 Caetera,
792 835 908 875 quae
931 822 1088 863 delata
1112 822 1300 864 fuerant
1311 823 1338 873 ¹,
1373 823 1438 864 ait
1460 837 1539 866 rex
1561 837 1608 866 se
1629 823 1776 866 veteri

275 881 509 922 amiciciae
554 894 605 922 ac
647 880 903 935 pontificali
945 882 1120 922 nomini
1153 882 1412 924 condonare
1444 897 1528 925 nec
1561 897 1644 938 pro
1674 883 1774 925 iure

275 954 356 982 suo
405 940 696 994 expostulare
737 940 870 982 velle.
935 940 1011 981 Ita
1059 955 1151 982 non
1199 941 1416 992 extincto,
1461 943 1541 984 sed
1587 942 1775 984 interim
1789 956 1825 982 10

276 999 480 1041 cohibito
512 1000 680 1049 furore,
717 997 955 1040 Coloniam
988 1000 1223 1054 processit.
1287 1001 1362 1043 Ibi
1393 1003 1577 1056 postero
1609 1002 1683 1044 die
1715 1001 1775 1043 ad

274 1059 574 1100 iudicandum
615 1058 786 1113 populo
828 1059 1011 1110 assedit,
1056 1073 1242 1114 sperans
1283 1074 1365 1115 per
1401 1061 1768 1103 accusationem⁰

276 1132 445 1167 eorum,
490 1131 602 1172 quos
635 1118 1006 1172 archiepiscopus
1044 1121 1233 1173 propter
1263 1119 1455 1161 iniurias
1488 1116 1621 1162 suasf
1657 1133 1776 1177 pena

276 1178 511 1228 affecerat,
562 1177 847 1219 occasionem
896 1178 983 1219 sibi
1023 1178 1249 1230 futuram,
1292 1182 1346 1220 ut
1393 1193 1498 1221 eum
1545 1179 1775 1222 sedicione

277 1237 509 1278 concitata
534 1250 690 1277 rursus
718 1237 906 1278 civitate
929 1238 1196 1279 exturbaret
1227 1238 1300 1280 vel
1323 1241 1512 1293 propter
1536 1251 1776 1294 oppressos
1790 1251 1824 1278 15

276 1310 356 1351 per
379 1296 687 1338 calumniamg
713 1296 981 1338 innocentes
1015 1297 1178 1338 saltem
1210 1311 1339 1339 reum
1371 1299 1626 1340 maiestatis
1657 1298 1775 1340 face-

274 1358 358 1397 ret.
423 1355 512 1396 Sed
553 1355 632 1396 ille
675 1369 831 1396 onmes
872 1351 1246 1397 accusationum¹¹
1292 1353 1527 1411 strophasi
1568 1357 1777 1412 responsi

275 1410 499 1456 veritatek
526 1428 577 1455 ac
611 1414 944 1455 sententiarum
977 1415 1205 1468 gravitate
1237 1418 1471 1470 tamquam
1504 1430 1776 1458 aranearum

275 1473 392 1515 telas
415 1468 681 1527 dirupitl·².
734 1473 983 1527 Postquam
1010 1487 1089 1515 rex
1120 1474 1425 1516 innocentiam
1448 1476 1545 1517 eius
1577 1490 1630 1518 ac
1651 1475 1775 1517 vitae

274 1532 558 1586 integritate,
594 1532 795 1573 consiliis
818 1546 997 1586 quoque
1020 1533 1174 1574 omnia
1198 1536 1336 1589 ‘septa
1367 1534 1484 1575 vidit
1515 1548 1599 1577 nec
1625 1534 1774 1576 ullum
1788 1549 1826 1574 20

275 1594 433 1646 patere
474 1591 627 1632 locum
660 1591 963 1642 calumniaeg,
1008 1593 1066 1633 ad
1099 1592 1226 1634 aliud
1263 1607 1310 1635 se
1342 1594 1482 1635 vertit
1525 1607 1670 1649 genus
1709 1594 1774 1635 in-

275 1651 510 1692 iuriarum.
573 1650 740 1704 Exegit
771 1651 828 1691 ab
862 1664 928 1701 eo,
963 1665 1055 1692 non
1087 1652 1299 1706 precibus
1331 1653 1529 1707 quidem,
1562 1655 1616 1694 ut
1647 1667 1775 1708 opor-

278 1710 383 1760 tuit,
419 1710 498 1751 sed
530 1710 775 1764 imperiosa
797 1710 995 1763 quadam
1022 1711 1313 1762 auctoritate,
1347 1714 1400 1753 ut
1423 1711 1774 1755 Coloniensibus

277 1769 501 1810 admissae
542 1769 591 1809 in
632 1782 678 1810 se
720 1769 997 1810 temeritatis
1029 1770 1209 1812 veniam
1252 1771 1383 1813 daret
1415 1771 1774 1814 excommunica-

276 1830 438 1882 tosque
479 1827 727 1870 aecclesiae
769 1828 1090 1871 reconciliaret
1103 1829 1131 1880 3,
1180 1832 1389 1884 preterea
1434 1833 1488 1872 ut
1529 1831 1588 1872 ad
1629 1831 1774 1872 firma·
1787 1845 1824 1871 25

277 1889 483 1929 mentum
526 1887 863 1929 conservandae
906 1892 1042 1942 erga¹¹
1088 1902 1134 1930 se
1175 1889 1500 1944 inperpetuum
1542 1890 1650 1932 fidei
1696 1903 1775 1932 sex

278 1946 364 1987 sibi
397 1960 451 1988 ex
483 1946 709 1987 militibus
741 1947 834 1987 suis
866 1947 1048 1989 obsides
1075 1948 1219 1990 daret.
1267 1948 1525 2003 Utrumque
1552 1949 1636 1991 ille
1669 1962 1775 1991 cum

277 2019 445 2059 magna
477 2005 738 2046 constantia
769 2006 968 2060 negavit,
1008 2007 1190 2049 obsides
1222 2008 1419 2061 quidem,
1463 2009 1586 2062 quod
1617 2007 1774 2049 nullus

277 2077 437 2118 regum
488 2064 692 2117 priorum
743 2064 838 2105 tale
890 2065 1001 2118 quid
1048 2066 1104 2107 ab
1153 2066 1307 2120 aliquo
1353 2070 1639 2122 precessore⁰
1691 2080 1774 2109 suo

278 2122 575 2176 postulasset,
628 2120 1178 2165 *excommunicatoruml’
1237 2128 1392 2168 autem
1444 2126 1823 2168 reconciliatio-³0

278 2195 395 2231 nem,
439 2181 561 2235 quod
603 2181 700 2222 sine
742 2181 882 2235 digna
922 2183 1206 2236 penitentiae
1248 2185 1564 2228 satisfactione
1602 2199 1774 2228 excom·
1788 2200 1908 2234 ''p-21⁷.
1959 2187 1960 2190 ’

279 2240 537 2281 municatos
568 2240 617 2280 in
644 2240 912 2281 aecclesiam
942 2242 1085 2295 recipi
1117 2242 1241 2296 leges
1267 2244 1632 2286 aecclesiasticae
1654 2246 1774 2286 veta-

278 2301 394 2341 rent.
468 2298 748 2340 Imminebat
795 2298 875 2340 ille
925 2300 1233 2351 vehementer,
1289 2303 1570 2343 comminans
1620 2302 1775 2344 omnia

279 2372 326 2400 se
372 2358 690 2399 incommoda‘1
734 2357 975 2398 illaturum
1023 2360 1069 2400 et
1111 2362 1278 2400 cuncta
1325 2374 1439 2414 quae
1480 2361 1606 2402 illius
1647 2361 1768 2402 sint*

278 2417 401 2459 ferro
434 2419 480 2458 et
511 2417 617 2471 igne
651 2417 992 2458 demoliturum.
1055 2417 1300 2460 Perstabat
1340 2419 1415 2460 hic
1448 2420 1564 2460 fixus
1595 2420 1645 2460 in
1675 2434 1773 2474 pro·
1787 2435 1822 2461 35

279 2476 442 2530 posito,
487 2475 642 2517 dicens
684 2489 731 2517 se
772 2476 912 2517 moris
952 2476 1137 2530 quidem
1178 2479 1408 2532 paratum,
1453 2479 1490 2519 si
1530 2479 1627 2533 ipse
1669 2492 1774 2521 cum

279 2568 308 2598 a)
327 2574 383 2592 om.
403 2565 490 2599 B1b3
510 2567 602 2592 vitam
622 2574 640 2592 a
657 2573 751 2598 puero
773 2565 804 2591 V.
887 2565 918 2599 b)
936 2569 1037 2598 posset
1055 2574 1133 2593 corr.
1153 2569 1249 2599 possit
1265 2568 1347 2595 Bib.
1433 2568 1460 2602 c)
1478 2568 1691 2595 Andemachin
1710 2570 1738 2595 Β
1745 2570 1773 2596 2.

280 2602 310 2635 d)
329 2603 451 2634 coperat
474 2601 555 2627 ΒΗ).
647 2601 675 2634 e)
700 2602 883 2627 occasionem
906 2602 934 2627 B
947 2601 990 2629 lb.
1082 2601 1105 2635 f)
1129 2610 1186 2629 om.
1209 2604 1236 2628 B
1250 2603 1294 2629 lb.
1386 2603 1416 2638 g)
1442 2605 1590 2637 calumpu.
1610 2606 1636 2630 B
1650 2607 1682 2630 1·
1703 2606 1732 2630 h.
1752 2606 1773 2631 l.

280 2638 296 2662 2
315 2644 410 2669 saepe.
430 2638 460 2663 V.
534 2636 566 2670 h)
586 2638 770 2662 occasionum
789 2636 870 2663 Blb.
943 2636 965 2670 i)
984 2638 1124 2670 scrophas
1141 2639 1221 2664 131⁸.
1312 2639 1344 2671 k)
1363 2641 1485 2666 veritati
1502 2640 1583 2666 Blb.
1676 2640 1698 2674 1)
1717 2641 1774 2666 dis-

280 2673 363 2705 rupit
387 2673 417 2698 V.
479 2674 520 2704 m)
538 2673 709 2698 innocencie
727 2673 754 2698 B
767 2670 812 2698 lb.
879 2671 910 2706 n)
929 2673 970 2698 sic
987 2673 1087 2698 B1.2.
1109 2673 1155 2707 V.;
1177 2681 1207 2699 se
1227 2682 1298 2707 erga
1317 2675 1380 2701 Al.
1436 2675 1465 2709 o)
1483 2677 1691 2708 predecessore
1709 2676 1773 2702 Bs-
1786 2673 1825 2698 40

280 2709 312 2740 p)
333 2715 477 2734 excomm.
497 2722 531 2726 —
550 2708 752 2733 satisfactione
771 2715 826 2733 om.
846 2708 910 2734 132.
1002 2707 1033 2741 q)
1057 2708 1211 2735 incomoda
1228 2709 1316 2738 Bib„
1402 2710 1428 2744 r)
1452 2711 1493 2736 sic
1511 2712 1574 2737 Bl.
1586 2712 1613 2737 2.
1633 2711 1681 2744 V.;
1707 2714 1776 2737 sunt

280 2744 306 2768 A
318 2744 344 2769 1.
357 2745 402 2769 1⁸.
472 2743 497 2777 s)
516 2744 634 2776 quidem
653 2744 729 2770 mori
746 2743 773 2768 B
785 2743 812 2769 2.

282 2814 316 2857 1)
342 2814 468 2847 Nescio
493 2825 542 2847 an
566 2814 634 2847 huc
658 2817 805 2857 spectent
829 2823 918 2856 quae
942 2813 1070 2856 Lamp.
1096 2814 1202 2855 infra
1228 2816 1309 2857 (SS.
1333 2817 1373 2859 V,
1395 2828 1434 2860 p.
1454 2818 1524 2853 239
1540 2818 1610 2861 sq.)
1635 2818 1677 2850 de
1701 2818 1774 2860 epi-

280 2861 371 2894 stola
395 2862 559 2895 Annonis
592 2862 715 2907 tradit,
829 2861 865 2904 2)
899 2860 956 2902 Cf.
981 2860 1029 2895 Is.
1055 2862 1112 2903 59,
1132 2862 1174 2896 5:
1214 2861 1292 2896 Ova
1326 2863 1493 2908 aspidum
1525 2866 1703 2908 ruperunt
1737 2865 1774 2898 et

279 2907 371 2941 telas
405 2918 556 2942 araneae
590 2910 795 2943 texuerunt.
846 2907 907 2942 Iob
932 2908 965 2950 8,
987 2908 1049 2942 14:
1076 2907 1167 2942 sicut
1191 2910 1265 2944 tela
1290 2921 1503 2945 aranearum
1528 2910 1659 2945 fiducia
1685 2910 1823 2947 eiua45

279 2955 316 2998 3)
344 2954 401 2996 Cf.
427 2965 541 2998 supra
559 2966 601 2998 p.
620 2957 699 2998 192,
724 2966 760 2990 n.
780 2957 811 2990 1.
