1950 3302
314 330 389 367 XX
846 322 1139 361 PRAEFATIO
1165 321 1203 357 O.
1230 320 1282 356 ΙΙ.

316 452 405 494 siae
436 465 476 492 a.
507 452 634 492 1074.
668 446 887 500 composito
918 445 1006 486 iam
1037 443 1247 485 libellum
1280 442 1336 483 de
1368 441 1465 482 viia
1502 439 1652 482 sancti
1682 437 1828 483 Luni,

319 511 495 554 editum
526 513 564 551 et
594 505 860 560 exscripserit
890 509 927 546 et
958 500 1195 545 laudaverit
1209 501 1236 541 1.
1867 539 1870 542 ¹

461 566 659 610 Pervenit
698 566 757 607 ad
795 578 888 616 nos,
930 566 976 604 ut
1008 560 1080 603 (Ν.
1113 558 1293 602 Archiv’
1328 558 1424 611 IX,
1459 571 1507 611 p,
1541 559 1807 599 285—291.

319 626 496 680 ostendi,
538 627 664 668 codex
701 622 985 676 autoqraplius
1016 617 1236 672 Lamperti
1272 617 1336 659 vel
1366 616 1513 670 potius
1544 613 1808 669 adversaria,

318 686 366 728 in
398 685 546 739 quibus
582 687 727 726 auctor
763 695 843 724 sua
882 694 1011 722 manu
1051 682 1206 720 textum
1237 676 1358 719 Vitae
1389 674 1510 718 Lulli
1549 678 1683 718 mente
1718 686 1840 718 con-5

321 749 478 798 ceptum
500 743 644 796 primo
675 740 879 783 eoearavit.
942 737 1029 780 Hie
1061 738 1187 780 codex

467 803 510 857 l)
544 815 656 844 nunc
676 803 868 842 servatur
888 797 936 839 in
959 796 1201 838 bibliotheca
1222 795 1283 836 M
1287 793 1443 836 aihin
1451 792 1608 848 qensi
1635 790 1811 835 serenis-

320 862 418 904 simi
437 859 651 914 principis
679 860 727 901 cle
755 853 1286 910 Oettinyen-Wallerstein,
1319 853 1514 907 siqnatus
1541 852 1582 894 Ι.
1601 855 1627 894 2
1652 848 1811 906 (Lat).

322 922 382 963 40.
417 924 490 973 29,
538 918 605 962 cui
644 916 798 960 recenti
838 920 1015 968 tempore
1055 912 1346 967 compaqinato
1386 912 1535 955 insunt
1573 910 1608 964 f.
1634 912 1810 953 1-20,

328 978 547 1022 Guneonis
569 977 742 1030 epistola
763 976 822 1017 ad
841 973 1076 1027 Auqienses
1096 972 1257 1024 fratres
1277 986 1409 1014 manu
1429 985 1536 1014 saec.
1557 970 1618 1012 Χ.
1639 968 1810 1023 scripta,
1826 985 1861 1011 10

322 1039 355 1091 f.
372 1041 559 1079 28—42.
592 1036 773 1078 Decreta
805 1032 972 1076 concilii
994 1029 1300 1073 Lateranensis
1332 1045 1372 1072 a.
1390 1034 1515 1072 1215.
1538 1043 1646 1072 saec.
1661 1027 1812 1071 XIII.
1847 1037 1852 1040 ⁴

322 1100 499 1139 exarata
530 1094 697 1147 aliaque
728 1107 834 1135 saec.
855 1092 990 1134 XIV.
1016 1094 1115 1144 post
1146 1090 1295 1132 addita
1307 1091 1334 1132 2.
1385 1090 1508 1132 Haec
1527 1101 1625 1131 vero
1654 1086 1815 1142 scripta

322 1154 476 1198 recenti
508 1156 670 1196 demum
701 1156 834 1194 aetate
866 1165 958 1194 cum
989 1150 1088 1192 Vita
1119 1149 1250 1203 Lulli,
1293 1162 1400 1202 quae
1430 1148 1464 1200 f.
1489 1150 1678 1190 21—27.
1711 1159 1814 1190 com-

314 1213 551 1268 prehendit,
585 1211 805 1254 coniuncta
827 1214 936 1263 sunt,
971 1223 1063 1252 cum
1089 1209 1357 1250 membranae
1378 1207 1579 1261 qualitate
1599 1210 1639 1249 et
1657 1205 1812 1258 forma,

323 1272 545 1325 scriptura,
587 1274 740 1312 ornatu
781 1270 898 1322 lonye
939 1269 990 1310 ab
1032 1282 1080 1310 ea
1112 1271 1150 1310 et
1181 1267 1292 1310 inter
1321 1281 1364 1309 se
1396 1266 1612 1318 differant.
1683 1262 1815 1307 Folia
1828 1279 1863 1307 ιιι

334 1331 475 1373 Vitam
512 1329 631 1371 Lulli
671 1327 928 1371 continentia
967 1331 1065 1369 sunt
1103 1327 1268 1379 formae
1307 1326 1398 1378 fere
1443 1326 1696 1379 quadratae,
1743 1323 1818 1366 sed

324 1388 563 1442 inaequalis
575 1389 602 1442 3,
643 1388 982 1429 membranarum
1023 1385 1213 1428 diversae
1253 1384 1472 1438 qualitatis
1507 1383 1620 1426 inter
1649 1397 1693 1425 se
1729 1395 1816 1424 non

327 1447 645 1500 coliae-rentium,
687 1450 760 1488 aut
799 1446 1043 1499 spissarum,
1085 1458 1346 1498 asperarum,
1385 1443 1494 1486 male
1525 1441 1814 1496 leviqatarum,

326 1511 400 1549 aut
438 1505 650 1548 subtilium
681 1509 718 1547 et
747 1505 1017 1547 sulcatariim.
1083 1504 1142 1545 In
1174 1503 1324 1557 quibus
1353 1517 1443 1545 una
1473 1516 1606 1544 manu
1631 1499 1815 1555 ‘quiderm
1924 1551 1925 1554 Ἴ

327 1565 462 1619 lonqis
494 1564 617 1606 lineis
648 1578 775 1616 usque
806 1565 864 1605 ad
894 1564 1051 1605 laceros
1081 1562 1296 1616 marqines
1327 1561 1546 1616 perductis
1557 1561 1586 1614 4,
1629 1563 1742 1602 arcte
1779 1561 1864 1604 etan

328 1623 527 1666 concinne
541 1624 567 1676 5,
600 1624 674 1665 sed
702 1622 854 1674 formis
886 1622 1123 1664 litterarum
1156 1620 1461 1674 inaequalibus,
1493 1621 1615 1662 modo
1646 1617 1816 1661 maiori-

329 1683 413 1735 bus,
454 1683 573 1724 modo
604 1681 847 1733 minoribus,
891 1680 1073 1723 libellum
1102 1680 1329 1734 paulatim,
1363 1693 1450 1722 non
1479 1692 1565 1721 uno
1596 1679 1722 1721 ductu
1752 1689 1818 1720 ex·

328 1745 496 1782 aratum
527 1755 611 1783 esse
625 1741 640 1765 ⁶
671 1744 857 1793 apparet.
921 1739 1140 1781 Permulta
1180 1743 1254 1781 aut
1290 1738 1403 1781 inter
1439 1737 1707 1781 scribendum
1743 1738 1820 1778 aut

330 1832 363 1875 1)
386 1833 497 1874 Infra
516 1843 556 1875 p.
576 1834 656 1875 347,
685 1833 707 1865 l.
728 1833 772 1867 15
789 1843 839 1875 sq.
889 1832 984 1864 Huic
1009 1833 1159 1874 tempori
1183 1832 1288 1864 etiam
1313 1832 1440 1874 optime
1472 1830 1680 1863 conveniunt
1712 1826 1818 1863 verba

334 1881 432 1913 Vitae
457 1891 483 1915 c.
500 1882 562 1915 19:
591 1881 773 1913 caeterum
799 1879 967 1913 abbatem
994 1890 1102 1922 quem
1127 1878 1307 1922 principes
1324 1877 1428 1923 regni
1443 1876 1615 1912 iusserint
1630 1875 1865 1917 habemus&

328 1938 411 1960 nam
446 1938 468 1959 a
498 1927 723 1970 principibus
756 1928 860 1969 reqni
892 1936 961 1960 non
995 1928 1069 1959 nisi
1097 1926 1267 1959 Heinrico
1293 1926 1319 1958 Ι
1323 1925 1362 1960 V.
1389 1935 1469 1968 reqe
1495 1925 1652 1959 nondum
1683 1922 1816 1966 adulto,

328 1978 431 2006 antea
456 1978 486 2006 et
505 1978 627 2016 postea
652 1975 696 2007 ab
720 1975 810 2017 ipsis
835 1973 979 2015 reqibus
1002 1973 1142 2006 abbates
1166 1972 1455 2007 instituebantur.
1505 1971 1606 2006 Inter
1627 1982 1662 2006 a.
1678 1970 1819 2007 1056—

331 2022 432 2056 1074.
458 2031 577 2064 nempe
603 2021 655 2054 bis
678 2021 818 2054 abbates
842 2021 1107 2061 Hersfeldenses
1130 2021 1243 2053 creati
1271 2024 1366 2062 sunt,
1401 2030 1435 2055 a.
1455 2020 1557 2055 1059.
1593 2017 1819 2059 Ruthardns,

330 2078 363 2102 α.
390 2069 492 2102 1072.
528 2067 735 2110 Hartwiqus
769 2068 832 2110 (cf.
868 2068 981 2109 Ann.,
1016 2068 1121 2108 infra
1154 2079 1190 2111 p.
1217 2069 1273 2102 76.
1303 2068 1394 2106 139,·
1427 2067 1516 2102 Inst.
1552 2065 1678 2107 Hera,
1712 2062 1819 2106 infra
1868 2099 1869 2102 Ἴ

328 2125 364 2156 p.
392 2115 459 2148 353
477 2116 554 2157 sq).
604 2114 762 2157 Denique
786 2116 993 2148 conveniunt
1027 2115 1109 2147 huic
1144 2115 1295 2156 tempori
1317 2115 1424 2146 etiam
1449 2114 1589 2155 formae
1615 2113 1820 2146 litterarum
1830 2117 1884 2150 βοὶ

331 2160 456 2194 codicis
480 2161 709 2204 autoyraplii,
746 2162 786 2194 de
811 2172 878 2204 quo
905 2172 985 2195 mox
1009 2162 1155 2196 dicetur.
1206 2161 1246 2196 P.
1273 2160 1303 2194 Ι.
1330 2171 1397 2194 van
1414 2160 1541 2202 Heclce,
1568 2160 1590 2195 l.
1610 2159 1633 2194 l.
1653 2169 1693 2202 p.
1713 2159 1818 2202 1052,
1887 2160 1891 2166 ’

331 2208 470 2249 quidem
494 2209 620 2240 statuit
642 2209 758 2240 Vitam
783 2213 862 2242 ante
887 2220 920 2241 a.
942 2210 1043 2244 1040.
1062 2209 1297 2251 conscriptam
1322 2218 1403 2250 esse,
1430 2218 1508 2240 cum
1533 2210 1660 2240 auctor
1677 2205 1822 2249 priam}

332 2255 469 2296 quidem
504 2256 752 2288 translationis
786 2257 943 2298 corporis
968 2256 1004 2290 S.
1022 2256 1127 2288 Isulli
1151 2266 1183 2290 a.
1202 2256 1284 2296 852,
1319 2255 1379 2288 sed
1402 2264 1473 2287 non
1497 2254 1650 2288 alterius
1673 2263 1708 2288 α.
1727 2250 1907 2288 104οψὼ

332 2301 454 2341 (infra
475 2312 513 2343 p.
533 2303 595 2343 56)
620 2303 824 2335 mentionem
860 2304 988 2343 fecerit.
1049 2303 1098 2335 At
1121 2312 1194 2335 non
1218 2303 1384 2345 oportuit,
1419 2305 1459 2334 ut
1484 2305 1609 2334 auctor
1633 2298 1822 2334 secundam

333 2349 612 2390 translationem,
643 2359 714 2391 qua
741 2360 818 2382 ossa
843 2350 947 2382 Lulli
970 2351 1009 2382 in
1034 2360 1142 2383 novae
1167 2349 1333 2382 basilicae
1357 2352 1494 2391 crypta,
1521 2348 1637 2381 altera
1662 2346 1822 2380 incendio
1833 2344 1887 2382 δῖ
1936 2362 1938 2367 ’

334 2404 365 2427 a.
388 2396 489 2428 1038.
515 2395 636 2437 deleta,
664 2398 819 2438 reposita
844 2401 937 2438 sunt,
963 2400 1146 2438 narraret,
1171 2407 1250 2429 cum
1275 2396 1316 2429 de
1340 2406 1382 2429 ea
1405 2396 1462 2428 nil
1485 2396 1658 2438 memoria
1673 2393 1823 2436 dignum

333 2440 556 2480 referendum
581 2442 730 2476 liaberet.
834 2444 869 2486 2)
898 2444 1014 2476 Codea·
1038 2448 1226 2486 antequam
1251 2447 1404 2477 recenter
1428 2443 1700 2486 compaqinatus
1722 2443 1819 2483 essa,

328 2487 443 2528 plura
468 2489 676 2521 continuisse
700 2490 859 2529 videturn-
884 2501 972 2533 quae
996 2501 1089 2523 nunc
1105 2492 1266 2531 continet,
1292 2491 1366 2523 alio
1383 2490 1508 2523 ordine
1523 2499 1682 2522 connexa
1697 2490 1822 2527 erant,-

335 2533 385 2586 cf:
407 2534 462 2568 (Ν,
478 2534 622 2566 Archiv'
653 2536 733 2577 VII,
754 2547 793 2578 p.
815 2538 893 2578 173,
918 2548 976 2571 nr.
997 2538 1052 2578 10,
1080 2538 1141 2570 ubi
1163 2539 1285 2570 minus
1308 2541 1395 2570 recte
1420 2537 1462 2570 de
1485 2539 1597 2570 aetate
1611 2536 1823 2578 'scripturae

342 2580 440 2634 Vitae
463 2580 566 2613 Lulli
590 2582 785 2615 iudicatum
810 2588 868 2617 est.
983 2583 1019 2626 3)
1043 2584 1298 2626 Lonqitudinis
1322 2588 1404 2617 sunt
1431 2584 1570 2619 17-18
1595 2593 1671 2625 cm.,
1699 2582 1896 2616 latita-4⁰.⁴
1911 2603 1950 2612 «υ

335 2626 431 2659 dinis
457 2627 640 2672 12---13Ἲ2
667 2639 729 2663 cm.
809 2630 845 2672 4)
869 2629 936 2663 Sed
960 2631 1053 2671 folia
1079 2633 1135 2666 21.
1163 2635 1193 2663 et
1218 2633 1274 2666 23.
1301 2632 1380 2664 sola
1406 2631 1509 2664 lineis
1533 2630 1703 2662 distincta
1726 2632 1822 2670 sumt,

335 2673 473 2716 rel-iqua
498 2684 580 2715 non,
606 2679 637 2707 et
661 2676 699 2707 in
724 2676 801 2708 illis
826 2681 908 2708 sunt
927 2678 1037 2709 lineae
1059 2678 1124 2718 fol.
1139 2680 1201 2712 21:
1216 2680 1274 2719 23,
1300 2678 1364 2719 fol.
1380 2679 1448 2713 21‘.
1467 2682 1498 2711 et
1515 2678 1578 2712 23:
1597 2677 1654 2718 24,
1673 2675 1820 2718 fol-23¹:

336 2721 391 2753 30.
441 2720 591 2762 Reliqua
618 2722 716 2761 folia
747 2724 919 2755 continent
950 2723 1061 2756 lineas
1085 2726 1143 2759 28.
1169 2727 1227 2760 29.
1252 2727 1309 2760 33.
1337 2726 1394 2760 34.
1421 2726 1478 2759 39.
1504 2725 1562 2759 40.
1613 2722 1824 2766 Scripturas

337 2767 503 2806 specimen
528 2768 603 2799 vide
633 2769 672 2800 in
702 2768 826 2801 tabula
852 2770 907 2801 (Ν.
926 2770 1071 2802 Archiv’
1097 2771 1165 2806 IX.
1192 2772 1288 2806 olata.
1435 2772 1470 2814 5)
1505 2770 1700 2803 Permultis
1732 2778 1824 2803 com-

332 2812 474 2852 pendiis
498 2823 585 2866 usus
608 2818 657 2846 est
682 2815 806 2849 scriba.
858 2815 989 2858 Ubique
1015 2828 1045 2860 ς,
1070 2828 1254 2860 nunquam
1280 2828 1321 2852 ae
1347 2819 1519 2861 scriptum
1545 2821 1603 2852 est.
1645 2814 1871 2851 Nonnulli&

338 2861 495 2912 accentus
509 2906 515 2912 η
531 2861 770 2901 inveniuntur,
808 2872 892 2903 quos
928 2864 1071 2898 retinui.
1130 2864 1311 2898 Sermonis
1348 2865 1497 2898 articuli
1533 2865 1661 2906 optime
1696 2863 1824 2906 ubique

339 2914 453 2945 siquis
476 2904 634 2938 distincti
656 2911 748 2946 sunt,
774 2917 862 2948 quae
886 2919 1019 2950 semper
1044 2911 1118 2950 fere
1141 2912 1292 2944 retinere
1319 2912 1429 2946 licuit.
1528 2911 1564 2954 6)
1587 2910 1714 2944 Etiam
1736 2919 1824 2944 nm-

338 2950 458 2982 nallae
479 2953 666 2984 sententiae
684 2963 884 2994 paucorum
900 2955 1083 2988 verborum
1109 2957 1153 2989 ab
1177 2958 1262 2990 aliis
1280 2958 1573 3000 praecedentibus
1598 2961 1629 2990 et
1653 2955 1824 3000 sequenti-
