2014 3184
370 207 442 241 474

418 323 572 359 eximiae
590 325 851 361 sanctitatis
868 327 947 362 viro
962 331 1096 372 127,25.

372 391 413 395 -
434 371 519 414 quia
535 371 592 406 vir
616 372 771 408 eximiae
792 374 994 410 sanctitatis
1019 379 1098 411 erat

370 420 408 452 et
433 419 594 463 optimae
619 420 658 454 in
683 421 858 456 aecclesia
881 421 950 457 Dei
975 423 1096 458 existi-

369 465 540 500 mationis
577 469 657 521 148,
671 478 716 504 35.
756 489 798 494 —
834 469 988 505 eximiae
1014 499 1022 507 .
1050 499 1057 507 .
1087 499 1095 508 .

370 513 571 548 sanctitatis
593 514 714 549 virum
739 518 820 561 334,
835 527 879 554 15.
898 537 944 543 —
961 517 1018 552 vir
1034 529 1096 553 ex-

369 561 535 595 cellentis
582 561 720 608 ingenii
768 566 806 598 et
852 564 1096 609 predicandae

370 608 571 643 sanctitatis
596 611 737 653 323,15.

416 655 520 690 miles
544 655 582 690 in
607 636 751 692 irri’tum
777 656 848 692 fusi
871 659 964 694 tanti
989 671 1095 694 san-

368 703 534 748 guinis
558 704 724 748 penitens
754 707 835 750 222,
851 717 894 742 15.
922 727 966 732 —-
991 707 1094 752 peni-

368 752 487 785 tentes
523 779 530 786 .
559 779 567 787 .
595 779 602 787 .
638 752 676 786 in
713 752 857 787 irritum
894 753 966 788 fusi
1002 754 1095 789 tanti

369 797 555 843 sanguinis
580 800 662 842 234,
678 810 721 835 15.

417 844 638 889 sapientis
660 846 942 882 admodumviri
960 851 1040 893 119,
1048 861 1094 887 30.

369 894 451 936 329,
465 904 510 928 20.
535 895 618 936 346,
632 904 676 930 30.

417 951 524 974 nemo
538 940 601 984 qui
614 951 741 975 sanum
760 941 964 986 sapiebat
982 945 1040 988 65,
1048 955 1094 980 20.

371 1007 413 1011 —
453 987 515 1031 qui
556 998 685 1022 sanum
726 988 864 1033 aliquid
905 990 1096 1035 sapiebant

368 1036 426 1078 86,
441 1045 485 1070 30.
523 1037 602 1079 153,
616 1046 644 1071 5.
671 1055 716 1062 —·
742 1037 933 1081 quisquam
966 1049 1094 1073 sanum

369 1081 505 1126 aliquid
522 1082 664 1137 sapiens
683 1085 798 1127 196,1.
814 1105 858 1109 —
872 1096 991 1130 neque
1004 1086 1095 1121 alius

368 1129 559 1173 quisquam
577 1130 639 1174 qui
657 1141 784 1165 sanum
802 1135 946 1176 saperet
959 1135 1092 1178 210,1o.

369 1196 414 1220 3·-
439 1177 536 1221 apud
562 1188 688 1212 omnes
723 1189 851 1213 sanum
877 1180 1014 1224 aliquid
1038 1192 1092 1216 sa-

366 1223 508 1268 pientes
534 1227 615 1269 288,
630 1236 675 1261 20.

416 1271 532 1306 donec
566 1283 641 1306 non
674 1273 778 1317 ratio,
814 1273 878 1308 sed
912 1274 983 1309 fusi
1012 1286 1092 1310 san-

366 1318 486 1363 guinis
519 1319 650 1354 horror
684 1331 726 1355 ac
760 1321 972 1356 sacietas
998 1323 1092 1358 occi-

366 1366 467 1400 dioni
491 1365 603 1401 finem
628 1366 790 1402 facerent
817 1371 955 1413 171,30.

415 1460 571 1495 admotis
596 1473 613 1495 s
624 1473 643 1496 c
654 1461 747 1496 alis
773 1465 828 1507 96,
844 1475 888 1500 10.

413 1508 631 1552 piscatorem
650 1537 658 1545 .
674 1537 681 1545 .
698 1537 705 1546 .
724 1509 916 1545 offendunt
932 1511 971 1545 in
988 1523 1004 1546 s
1015 1523 1091 1547 ca-

366 1554 425 1600 ph
436 1566 457 1589 a
480 1556 675 1600 piscatoria
699 1559 782 1601 275,
795 1568 841 1594 25.

415 1603 535 1647 quoad
552 1603 681 1638 ultima
693 1604 812 1639 vitalis
830 1605 958 1640 caloris
975 1606 1091 1641 scin-

366 1650 470 1684 tilla
495 1653 698 1695 superesset
723 1654 802 1696 152,
816 1663 860 1688 20.
889 1673 932 1678 —
965 1665 1091 1697 quam-

367 1697 430 1731 diu
455 1697 523 1732 sibi
548 1699 666 1733 vitalis
691 1699 820 1734 caloris
846 1700 975 1735 ultima
1000 1701 1090 1736 scin-

365 1745 445 1779 tilla
470 1746 677 1790 supervivat
703 1748 783 1791 178,
800 1758 847 1784 20.
874 1768 916 1772 —
943 1750 1091 1784 tenuem

367 1803 460 1836 quae
502 1796 666 1837 superest
706 1794 853 1839 spiritus
896 1795 1091 1831 scintillam

366 1842 506 1883 316,15.

413 1888 516 1931 gravi
551 1888 783 1933 scrupulo
817 1890 1008 1943 perurgeri
1033 1902 1090 1925 ce-

365 1934 420 1979 pit
455 1937 512 1978 64,
526 1947 570 1971 20.
601 1955 642 1960 —-
670 1936 830 1980 episcopi
856 1964 864 1972 .
891 1938 1091 1983 ..grandi

366 1983 537 2026 scrupulo
549 1983 757 2026 permoveri
766 1986 943 2028 ceperunt
957 1987 1036 2029 145,
1045 1997 1088 2022 ιο.

413 2029 548 2063 virtute
566 2029 715 2063 militari
736 2031 828 2064 nulli
852 2042 868 2064 s
879 2043 995 2066 ecun
1006 2032 1090 2067 dus

368 2077 447 2121 117,
470 2087 514 2112 15.
563 2097 605 2101 -
653 2077 862 2122 disciplinae
912 2079 1089 2114 exercicio

365 2123 458 2157 nulli
483 2123 716 2167 antiquorum
741 2127 887 2168 patrum
910 2126 1089 2161 secundus

366 2172 447 2213 330,
461 2181 506 2207 20.

414 2264 511 2309 quod
546 2293 553 2300 .
581 2293 589 2301 .
617 2293 624 2301 .
659 2277 735 2299 non
771 2277 898 2301 eorum
934 2266 1090 2302 feliciter

364 2312 423 2346 vel
461 2323 595 2347 secus
631 2315 734 2358 gesta
766 2341 775 2349 .
807 2341 816 2350 .
849 2340 858 2349 .
888 2314 1088 2348 inseramus

365 2361 447 2402 348,
462 2370 506 2395 15.

413 2406 515 2451 Quae
564 2418 621 2442 res
665 2407 867 2442 multorum
907 2409 1088 2443 malorum

366 2454 680 2488 seminarium
711 2454 782 2489 fuit
809 2458 923 2500 79,15.
952 2476 994 2480 ——
1020 2467 1089 2490 nec

363 2501 542 2555 recogitat
581 2501 677 2536 hanc
723 2513 868 2536 causam
910 2503 1088 2557 originem

365 2548 671 2592 seminariumque
721 2550 883 2584 extitisse
924 2550 1088 2585 omnium

365 2596 612 2630 calamitatum
646 2599 728 2641 200,
743 2608 788 2633 30.
817 2617 859 2622 -
886 2597 985 2641 quod
1010 2609 1086 2632 om-

363 2643 466 2676 nium
501 2643 660 2677 cladium
696 2672 703 2679 .
733 2671 740 2679 .
767 2671 775 2678 .
812 2647 921 2688 caput
954 2645 1087 2689 princi—

362 2690 538 2734 piumque
573 2690 751 2725 extitisset
777 2693 897 2734 184,1.
929 2712 971 2717 -—
1001 2691 1089 2726 belli

364 2737 598 2771 seminarium
631 2740 714 2782 270,
729 2749 773 2774 15.
801 2758 843 2763 —
875 2739 949 2773 odii
983 2739 1088 2774 semi-

363 2784 507 2817 narium
535 2786 613 2828 149,
627 2795 672 2820 25.

412 2842 449 2864 se
476 2859 484 2866 .
504 2858 538 2867 ..
565 2843 632 2866 nec
664 2833 709 2867 ab
738 2833 989 2868 sententia
1012 2833 1088 2867 ulla

855 208 1019 244 INDEX
1042 209 1394 249 LOOUTIONUM.

1193 664 1250 706 Cf.
1275 665 1512 711 restinguere.

1192 853 1291 896 Sulp.
1317 853 1392 889 Sev.
1417 853 1516 890 Dial.
1542 855 1574 900 Ι,
1600 857 1636 892 2.
1673 856 1870 902 sapien·

1143 899 1208 934 tis
1234 902 1271 934 et
1294 900 1456 946 religiosi
1481 901 1559 938 viri.
1939 921 1950 924 υ

1190 1279 1308 1315 Amm.
1342 1280 1458 1315 Maro.
1494 1280 1700 1326 XVI,11‚
1733 1283 1766 1320 9.
1802 1281 1868 1319 nbi

1141 1325 1317 1360 caedendi
1342 1326 1550 1362 satietas
1575 1327 1690 1373 cepit,
1721 1329 1866 1374 XXVI,
1931 1321 1974 1334 ’“

1142 1374 1282 1416 10,14.
1316 1373 1522 1418 principem
1555 1400 1565 1410 .
1591 1400 1600 1409 .
1627 1402 1636 1412 .
1671 1386 1783 1420 opum
1810 1383 1866 1412 sa-

1140 1419 1247 1454 tietas
1265 1420 1362 1464 cepit
1379 1422 1416 1455 et
1432 1421 1563 1458 caedis.
1597 1422 1653 1466 Cf.
1669 1422 1765 1468 finis,
1780 1434 1864 1462 nox.

1187 1467 1266 1503 Ia’v
1285 1467 1348 1512 VI,
1364 1469 1420 1512 10,
1439 1469 1473 1504 4.
1500 1469 1661 1505 scalae
1684 1469 1864 1508 admotae.

1187 1514 1319 1551 lustin.
1339 1493 1398 1559 ΙΙ,
1423 1518 1480 1559 13,
1507 1518 1564 1553 10.
1589 1516 1866 1564 scaphapis·

1141 1561 1289 1598 catoria.

1191 1609 1286 1646 Booe.
1312 1609 1349 1653 I,
1377 1611 1417 1653 6,
1443 1612 1500 1647 50.
1535 1610 1867 1648 iamtibiexhac

1139 1656 1291 1690 minima
1316 1635 1600 1693 sciiitillula
1622 1658 1743 1694 vitalis
1766 1659 1866 1696 02101·

1139 1702 1325 1740 inluxerit.

1193 1892 1234 1927 V.
1259 1893 1372 1929 Mart.
1399 1895 1455 1930 11.
1491 1893 1624 1939 grandi
1656 1906 1696 1930 se
1729 1907 1864 1932 scru-

1139 1939 1253 1984 pulo
1276 1941 1495 1985 permoveri.

1187 2035 1286 2078 Sulp.
1314 2035 1388 2071 Sev.
1414 2035 1484 2080 Ep.
1511 2038 1544 2072 2.
1579 2035 1618 2070 in
1650 2035 1716 2072 illo
1748 2036 1863 2074 iusto-

1137 2092 1220 2115 rum
1256 2093 1368 2128 grege
1403 2082 1497 2117 nulli
1530 2083 1783 2122 secundus.

1137 2186 1221 2209 rum
1246 2156 1434 2212 secundu's.
1455 2197 1498 2202 ——
1516 2178 1581 2214 Sil.
1604 2178 1690 2215 Ital.
1714 2178 1786 2222 IX,
1802 2181 1862 2217 66.

1138 2222 1300 2266 nullique
1325 2223 1450 2259 furore
1475 2224 1665 2262 secundus.

1185 2270 1263 2304 Liv.
1288 2271 1336 2312 X,
1371 2272 1427 2306 18.
1463 2282 1571 2307 omne
1599 2272 1654 2307 rei
1679 2272 1775 2308 bene
1796 2283 1861 2318 gve-

1138 2317 1214 2350 stae
1249 2318 1312 2357 aut
1346 2328 1484 2352 secus
1519 2346 1527 2354 .
1554 2346 1563 2356 .

1590 2319 1764 2364 ,denum
1799 2322 1859 2357 44.

1137 2362 1292 2397 feliciter
1316 2366 1418 2408 gesta
1443 2375 1511 2400 res.

1187 2411 1273 2444 Gen.
1298 2413 1356 2451 37,
1382 2413 1415 2447 5.
1453 2422 1545 2455 quae
1578 2423 1686 2447 causa
1713 2413 1860 2449 maiolis
1927 2415 1968 2422 ”

1138 2457 1213 2491 odii
1231 2457 1516 2492 seminarium
1538 2458 1618 2495 fuit.
1639 2477 1682 2484 —
1699 2459 1858 2498 emeat.
1966 2464 1971 2468 '

1136 2505 1168 2548 Ι,
1190 2507 1245 2548 13,
1266 2507 1321 2541 31.
1348 2505 1455 2550 stirps
1473 2516 1514 2540 ac
1530 2517 1655 2541 semen
1677 2507 1860 2545 malorum

1137 2552 1310 2586 omnium.
1339 2572 1382 2577 -—
1408 2553 1498 2589 Sall.
1517 2554 1592 2590 Cat.
1611 2555 1667 2590 10.
1693 2565 1738 2589 ea
1757 2553 1860 2600 quvi
1912 2554 1962 2604 <{ff

1136 2599 1305 2633 materies
1340 2600 1500 2634 omnium
1530 2601 1712 2635 malorum
1736 2601 1859 2647 fuerez

1137 2648 1194 2682 51.
1230 2657 1273 2680 ea
1305 2657 1364 2681 res
1397 2658 1552 2692 magnae
1576 2647 1722 2682 initium
1746 2648 1859 2684 cladis
1923 2651 1936 2670 'T'

1136 2692 1217 2728 fuit.
1245 2713 1287 2718 -—
1314 2694 1445 2731 lustin.
1479 2695 1517 2738 Ι,
1545 2697 1578 2738 7,
1605 2697 1639 2732 2.
1677 2706 1770 2740 quae
1798 2706 1858 2732 ret
1907 2707 1946 2719 ²·

1135 2740 1338 2831 {nuil'toeit'um
1361 2721 1541 2776 belloruin
1563 2753 1669 2776 causa
1694 2745 1732 2777 et
1754 2742 1857 2789 origo

1153 2799 1190 2822 ιιι
1273 2799 1290 2821 c

1183 2813 1262 2871 L'iv.
1294 2835 1363 2878 IV,
1392 2837 1456 2879 48,
1482 2838 1515 2873 7.
1553 2834 1659 2871 facile
1692 2835 1856 2872 homines

1138 2128 1216 2164 [Λευ
1251 2129 1409 2174 XXIII,
1438 2132 1494 2167 ιο.
1531 2130 1624 2165 nuni
1660 2129 1775 2177 camp
1777 2142 1862 2168 ano-
1959 2107 1968 2144 1
