1968 3164
188 410 292 446 1074.

130 464 140 485 (
149 459 210 485 lan.
221 457 292 483 28-—

151 494 233 520 Febr.
245 494 283 525 1).

305 292 375 326 178
670 286 940 323 LAMPERTI
964 284 1218 321 ANNALES.
1269 285 1316 321 A.
1345 287 1447 321 1074.

305 414 431 463 tuat;
475 414 527 452 ut
561 411 668 452 duci
701 409 877 460 Ottoni,
920 409 979 450 ad
1011 422 1146 462 quem
1179 407 1542 462 extinguendum
1574 406 1695 448 falsa
1726 407 1806 448 cri-

306 472 559 513 minatione
607 472 654 512 et
701 469 897 524 pessimo
938 467 1139 510 nefariia
1186 467 1385 508 hominis
1427 466 1622 508 artificio
1663 466 1806 521 impu-

307 532 471 573 denter
512 530 681 571 abusus
723 529 795 578 sit,
839 529 1059 569 ducatum
1093 526 1332 567 Baioariae
1364 525 1580 575 reddat¹;
1623 527 1677 566 ut
1718 525 1807 580 epi-

307 604 444 644 scopo
485 588 771 644 Mogontino,
821 587 1034 641 episcopo
1077 585 1357 636 Coloniensi,
1408 584 1515 626 duci
1554 579 1805 634 Rud01f0b‚

307 651 539 704 postremo
572 647 784 690 omnibus
817 646 896 700 qui
926 646 976 686 in
1008 645 1094 686 hac
1128 644 1410 686 dissensione
1443 643 1499 685 ab
1533 657 1587 685 eo
1619 643 1839 685 defecis-c»

309 710 412 750 sent
460 710 541 749 aut
589 707 777 760 aliquid,
821 705 943 760 quod
986 717 1089 746 eum
1132 703 1320 751 lederet,
1364 703 1557 744 aliarum
1606 702 1807 757 partium

309 768 464 809 studio
506 766 816 815 admisissent,
856 763 1182 818 impunitatem
1224 762 1402 803 tribuat
1439 761 1706 816 nullasque⁴³
1745 761 1808 802 in-

309 822 613 882 perpetuumd
640 825 842 866 offensae
875 823 1012 864 huius
1045 824 1210 877 penas‘3
1250 821 1426 875 exigat;
1460 822 1514 862 ut
1545 820 1808 862 libertatem

309 886 439 941 genti
487 899 595 926 suae
643 886 689 926 et
736 878 996 937 legittimaf
1034 895 1061 922 a
1101 881 1260 935 primis
1301 879 1586 934 temporibus
1634 881 1811 921 statuta

310 947 412 986 rata
459 946 597 998 atque
644 942 868 983 inviolata
915 953 1099 982 manere
1147 939 1290 990 sinat;
1339 941 1392 980 ut
1436 941 1584 980 totam
1624 939 1672 980 in
1715 938 1812 981 sola
1827 952 1860 978 10

312 1004 510 1046 Saxonia
542 1004 742 1044 aetatem
775 1000 915 1042 inerti
953 1000 1053 1041 ocio
1086 999 1270 1041 deditus
1312 1012 1405 1040 non
1441 998 1687 1053 transigat,
1731 997 1811 1040 sed

310 1063 544 1104 interdum
579 1060 789 1103 Goslaria
821 1059 1060 1109 decedens,
1099 1071 1292 1113 regnum
1332 1071 1478 1108 suum,
1521 1057 1644 1112 quod
1676 1057 1811 1099 maio-

311 1137 413 1163 rum
455 1122 553 1163 eius
594 1120 824 1161 industria
866 1118 1140 1160 latissimum
1174 1117 1246 1166 sit,
1282 1117 1535 1167 oir011eat2;
1578 1115 1811 1158 aecclesiis

313 1184 359 1223 et
391 1180 693 1228 monasteriis,
727 1179 878 1220 viduis
911 1180 957 1220 et
980 1177 1198 1232 orphanis
1231 1178 1277 1218 et
1311 1175 1503 1218 caeteris
1535 1175 1614 1230 qui
1646 1175 1812 1217 calum-

312 1241 436 1282 niam
469 1240 709 1294 patiantur
739 1239 862 1279 iusta
893 1237 1038 1278 faciat
1070 1239 1116 1278 et
1148 1235 1322 1290 regiam
1353 1235 1642 1290 dignitatem,
1675 1248 1812 1288 quam
1828 1247 1861 1274 15

313 1300 497 1341 nomine
539 1298 755 1353 preferat,
798 1296 1024 1351 regalium
1066 1309 1243 1336 morum
1285 1297 1332 1336 et
1373 1308 1563 1348 operum
1600 1294 1813 1335 claritate

314 1360 516 1401 exornet.
582 1357 630 1398 Si
662 1357 775 1398 haec
809 1370 855 1397 se
887 1356 1121 1396 facturum
1154 1353 1418 1395 fidelissime
1460 1353 1735 1407 polliceatur
1766 1354 1812 1394 et

315 1419 373 1459 ad
416 1418 755 1458 firmamentum
795 1414 1088 1456 indubitatae
1130 1413 1237 1454 fidei
1280 1412 1567 1454 fideiussores
1609 1411 1696 1453 sibi
1734 1411 1813 1453 det

315 1477 511 1522 eosdem,
555 1489 668 1529 quos
709 1488 831 1515 nunc
864 1474 1034 1515 habeat
1070 1471 1411 1526 recuperandae
1444 1471 1569 1525 pacis
1601 1470 1813 1512 interces-

316 1549 451 1585 sores,
485 1534 715 1589 principes
747 1533 898 1587 regni:
934 1534 1118 1587 paratos
1151 1544 1197 1572 se
1230 1544 1357 1571 arma
1379 1531 1619 1584 deponere,
1654 1543 1813 1584 pacem
1827 1546 1862 1570 20

316 1595 546 1648 suscipere
588 1596 635 1635 et
677 1593 892 1646 deinceps
935 1592 1060 1633 dicto
1107 1590 1480 1644 obtemperantes
1519 1588 1693 1638 vivere3
1743 1588 1814 1629 sin

316 1656 484 1703 autem,
529 1654 815 1694 sacramento
854 1665 900 1693 se
933 1650 1179 1692 obstrictos
1212 1663 1320 1699 esse,
1363 1650 1429 1692 ut,
1470 1648 1690 1702 quamdiu
1727 1647 1814 1689 sibi

316 1713 471 1754 vitalis
504 1711 668 1753 caloris
699 1711 865 1752 ultima
907 1709 1111 1751 scintilla
1142 1708 1417 1762 supervivat,
1460 1721 1542 1762 pro
1583 1707 1812 1756 libertate,

317 1786 399 1827 pro
441 1771 639 1826 legibus,
683 1784 765 1825 pro
806 1769 958 1824 patria
1005 1783 1087 1810 sua
1126 1767 1347 1809 indefessi
1389 1767 1623 1808 dimicent.
1686 1765 1816 1807 Dura

317 1831 453 1872 nimis
485 1830 583 1885 regi
605 1830 702 1871 visa
734 1831 803 1871 est
836 1828 1027 1879 exactio,
1062 1827 1275 1882 cepitque
1307 1827 1398 1868 huc
1431 1827 1478 1868 et
1508 1825 1621 1867 illuc
1653 1825 1816 1866 anxius
1829 1842 1864 1868 25

317 1890 611 1945 tergiversari
652 1889 880 1942 fidemque
922 1887 1182 1942 principum
1230 1899 1415 1927 suorum
1463 1883 1709 1940 appellare,
1757 1897 1815 1926 ne

319 1964 366 1991 se
408 1949 491 1990 sub
538 1949 699 2002 iugum
746 1950 842 1988 tam
888 1947 1024 1988 fedae
1072 1945 1354 1988 condicionis
1395 1944 1453 1985 ad
1501 1943 1572 1985 sui
1611 1943 1815 1985 omnium

319 2008 622 2062 ignominiam
654 2007 780 2047 mitti
802 2007 1092 2060 paterentur3
1127 2004 1246 2045 illud
1278 2017 1357 2058 pre
1381 2003 1573 2045 caeteris
1604 2001 1816 2044 intolera-

320 2067 442 2108 bileg
478 2066 700 2115 iudicans,
743 2065 865 2119 quod
907 2064 1099 2106 castella
1140 2077 1222 2104 sua
1254 2063 1490 2104 destruere
1528 2064 1574 2103 et
1606 2061 1817 2103 hostibus

322 2125 415 2166 suis
447 2124 622 2179 premia
661 2138 743 2177 pro
776 2123 1014 2178 suppliciis
1052 2123 1243 2164 reddere
1285 2121 1548 2176 cogebatur.
1612 2119 1866 2174 Cumquem

321 2186 475 2239 spreta
512 2197 642 2237 pace,
687 2196 802 2236 quae
844 2182 1137 2230 offerebatur,
1187 2180 1397 2234 sequenti
1445 2180 1518 2221 die
1566 2179 1817 2221 exercitum

319 2242 546 2284 recenseri
586 2241 821 2294 aciemque
863 2240 921 2281 ad
953 2254 1156 2294 pugnam
1188 2239 1355 2279 instrui
1387 2238 1648 2292 placuisset,
1691 2237 1816 2278 misit

321 2302 674 2355 circumquaque
707 2300 766 2340 ad
797 2298 1066 2340 habitacula
1097 2298 1369 2352 principum,
1412 2297 1588 2347 iubens,
1627 2298 1680 2336 ut
1711 2309 1817 2336 suos

321 2360 493 2415 singuli
555 2360 613 2400 ad
672 2359 813 2400 aciem
873 2357 1192 2398 instruendam
1244 2356 1564 2410 producerent.
1648 2353 1816 2396 Omnes

321 2419 660 2474 promptissime
702 2431 748 2459 se
782 2417 906 2458 dicto
939 2430 1097 2471 parere
1139 2408 1530 2469 spoponderunth,
1574 2413 1654 2454 sed
1694 2413 1817 2454 rede·
1831 2426 1866 2454 35

321 2479 512 2520 untibus
543 2477 735 2527 nunciis,
769 2471 949 2516 nullusi
991 2474 1152 2516 castris
1185 2469 1282 2515 estk
1309 2486 1528 2527 egressus,
1563 2472 1818 2514 detrectan-

321 2538 446 2579 tibus
494 2536 672 2578 cunctis
720 2549 834 2589 opus
880 2534 1127 2583 nefarium,
1176 2534 1230 2573 ut
1274 2532 1356 2581 eis,
1399 2545 1593 2585 quorum
1635 2544 1818 2572 causam

322 2596 620 2638 iustissimam
673 2595 959 2643 estimarent,
1015 2594 1248 2634 certamen
1294 2591 1533 2632 inferrent.
1606 2590 1675 2630 Ex
1727 2589 1819 2631 alia

323 2722 352 2755 a)
378 2723 455 2749 hom.
475 2722 535 2750 nef,
554 2721 632 2748 Blb.
715 2720 745 2753 b)
770 2721 811 2745 sic
830 2720 856 2746 Ιι.
877 2720 896 2746 Ι.
916 2726 1011 2744 omnes
1029 2718 1177 2752 (Rudolffo
1196 2716 1268 2749 B2).
1354 2716 1381 2749 c)
1406 2717 1547 2747 nullique
1567 2716 1628 2744 132.
1710 2714 1740 2748 d)
1765 2715 1818 2740 im-

323 2765 406 2789 perp.
426 2757 504 2784 ΒΗ),
585 2756 612 2789 e)
631 2757 671 2782 sic
690 2756 754 2781 Vita
775 2756 875 2786 Imm,-
893 2762 1006 2788 paenas
1026 2754 1088 2780 Al.
1170 2751 1193 2785 f)
1212 2753 1345 2784 legitima
1365 2753 1425 2779 Al.
1445 2753 1471 2777 Β
1483 2754 1522 2779 1³.
1602 2750 1632 2784 g)
1651 2750 1819 2778 intonen-ab.
1831 2751 1867 2777 40

324 2794 436 2820 B10.2.
509 2792 540 2826 h)
560 2791 798 2824 spospondemun
817 2790 896 2817 Bib.
969 2789 990 2823 i)
1009 2790 1098 2815 nullis
1120 2789 1177 2815 ΒΞ.
1251 2787 1282 2820 k)
1301 2795 1356 2815 om.
1375 2789 1401 2812 Β
1413 2787 1455 2815 lb,

327 2888 362 2930 1)
388 2887 463 2920 Hoc
496 2898 610 2929 reyem
638 2887 758 2920 Ottom'
786 2886 1002 2929 prowzesssissffl
1038 2887 1077 2916 ut
1107 2884 1146 2916 in
1166 2893 1287 2926 pacem
1314 2883 1532 2924 consentiret,
1563 2891 1633 2914 non
1658 2890 1681 2913 a
1706 2880 1820 2913 Saxo-

325 2934 430 2967 m‘bus
454 2935 644 2977 empetitum
670 2944 740 2967 esse
764 2933 879 2966 tradit
904 2933 1030 2965 Bmmo
1053 2941 1080 2966 c.
1099 2933 1155 2966 30.
1175 2932 1231 2965 31.
1329 2932 1365 2971 2)
1394 2930 1451 2970 Cf.
1478 2939 1592 2972 supra
1618 2939 1654 2972 p.
1681 2928 1759 2963 151.
