2014 3184
0 358 15 437 ”mmm
15 333 18 339 ”

630 248 795 285 INDEX
818 248 1172 286 LOCUTIONUM.
1589 252 1661 288 425

148 369 221 405 sibi
255 366 546 406 ..beneficia
582 369 640 412 85,
654 378 683 404 5.
710 389 755 393 -
782 378 880 403 com·
930 368 1021 403 mihi
1045 371 1214 414 erepta
1239 371 1343 414 sunt3
1370 371 1428 406 31.
1453 380 1572 413 neque
1594 380 1661 414 per

149 415 276 452 munia
308 415 471 461 ipsorum
505 413 684 450 beneficia
707 417 881 460 prex-epta

150 463 221 500 sibi
257 474 336 499 esse
373 465 513 507 157,so.
550 483 596 488 —-
633 464 717 508 post
755 465 881 508 erepta

148 510 372 558 patrimonia
406 511 487 555 154,
500 521 548 547 20.
580 530 626 535 -
659 509 882 554 patrimonia

149 558 256 595 nobis
279 569 348 605 per
370 558 447 593 vim
479 568 544 593 seu
568 568 636 603 per
660 557 881 592 calumniam

151 570 305 652 ereptaP
310 605 482 641 restituat
517 607 598 650 155,
611 615 712 642 5.-
741 606 783 640 ut
817 615 882 640 sua

149 653 302 700 singulis
317 652 540 699 patrimonia
559 663 628 698 per
642 652 719 687 vim
735 663 800 687 seu
816 663 883 698 per

150 701 372 737 calumniam
397 703 525 746 erepta
547 700 718 736 restituat
741 702 821 745 177,
835 710 881 737 35.

150 769 197 775 —
221 749 334 785 iura.
360 776 368 785 .
394 774 427 794 .,
453 759 547 794 quae
571 759 639 793 per
654 747 730 783 vim
755 750 883 793 erepta

149 797 285 832 totiens
322 796 433 831 armis
466 795 706 841 repetiverint
738 797 881 840 262,10.

198 844 464 899 eruptione
481 843 579 879 facta
596 842 643 879 de
659 843 882 878 monasterio

149 893 209 937 85,
224 903 269 929 10.
303 911 347 918 —
381 891 420 927 in
454 891 532 927 dies
566 890 760 936 eruptione
785 890 882 926 facta

153 941 235 984 146,
247 950 276 976 5.
305 959 348 966 -
377 938 609 984 eruptionem
633 938 673 973 in
696 937 788 974 fines
810 937 881 973 Ba-

148 986 349 1023 ium-iorum
366 1015 375 1024 .
394 1013 403 1022 .
422 1015 430 1023 .
448 985 537 1022 fecit
562 989 619 1030 56,
633 997 680 1023 20.

197 1078 281 1118 Nec
309 1081 441 1118 fefellit
475 1083 682 1117 eventus
707 1083 807 1126 76,5.
836 1101 879 1106 —

149 1128 230 1165 Nec
263 1140 368 1175 spem
402 1128 533 1164 fefellit
562 1132 713 1165 eventus
739 1131 821 1174 329,
836 1139 881 1166 15.

153 1179 236 1222 346,
249 1187 296 1214 25.

198 1226 241 1260 ut
256 1235 366 1270 super
376 1223 581 1260 infelicibus
599 1235 652 1259 ev
663 1223 792 1259 entis
809 1223 883 1259 suis

148 1272 411 1308 misererentur
446 1274 524 1317 157,
538 1283 584 1308 20.
622 1292 665 1297 -
699 1271 752 1307 ita
785 1283 883 1306 nunc

149 1319 357 1356 infelicibus
382 1319 523 1355 eventis
546 1346 554 1354 .
579 1345 589 1355 .
614 1347 622 1356 .
645 1319 884 1354 moderentur

148 1369 232 1412 236,
244 1379 289 1405 10.
310 1387 354 1394 -
373 1370 451 1402 tam
468 1367 635 1403 felicibus
654 1367 792 1403 eventis
810 1367 883 1402 suis

150 1418 235 1460 318,
249 1425 294 1452 15.

198 1461 395 1508 Presentes
433 1465 538 1497 erant
578 1462 682 1507 quasi
718 1461 766 1496 ad
803 1461 882 1497 offi-

147 1510 254 1546 -cium
293 1509 389 1545 tanti
428 1509 567 1544 funeris
609 1521 654 1544 ex
702 1509 883 1544 industria

149 1558 348 1593 evocati
382 1559 499 1601 69,15.
538 1577 575 1582 —
611 1559 801 1601 tamquam
836 1557 883 1592 ad

151 1605 350 1640 concilium
363 1603 576 1639 solemniter
589 1604 730 1639 evocati
742 1607 825 1648 248,
835 1615 882 1641 25.

153 1673 196 1678 -
223 1652 382 1687 evocatis
416 1651 465 1686 ad
487 1651 661 1697 generale
686 1651 882 1687 concilium

150 1700 375 1746 principibus
391 1701 516 1744 293,1.
533 1719 575 1724 —
591 1699 767 1744 quicquid
782 1699 882 1744 prin-

151 1748 275 1792 cipum
317 1749 396 1782 erat
438 1775 446 1783 .
474 1775 482 1784 .
510 1775 518 1783 .
561 1745 608 1781 ad
657 1746 882 1791 colloquium

152 1795 299 1830 evocari
322 1794 427 1830 iussit
452 1795 509 1838 71,
523 1804 570 1830 25.

200 1844 372 1878 exacta
397 1843 516 1877 aetate
540 1843 680 1885 227‚25.

199 2033 379 2079 paucique
403 2031 604 2068 admodum
629 2031 706 2067 sine
722 2031 882 2066 vulneri-

151 2081 221 2116 bus
245 2081 362 2127 prelio
386 2082 710 2116 excesserunt
739 2081 822 2124 219,
835 2089 881 2116 25.

155 2148 198 2154 -
223 2139 348 2174 pugna
373 2128 552 2164 excedens
577 2129 636 2171 83,
651 2139 677 2164 ι.

202 2274 331 2307 contra
346 2270 497 2307 Danos.

154 2330 226 2365 que
259 2319 494 2354 excubias
529 2320 640 2364 agant
667 2319 751 2362 214,
765 2328 810 2353 25.
840 2338 882 2342 —-

153 2367 216 2412 qui
252 2369 333 2402 tum
368 2365 545 2411 temporis
586 2365 624 2400 in
661 2364 882 2400 monasterio

203 2413 366 2451 ,divinas
383 2414 542 2460 agebant
558 2412 730 2448 excubias
742 2415 826 2456 336,
837 2423 882 2448 20.

179 2442 350 2497 'unicum
375 2472 441 2496 sua
466 2463 586 2496 aetate
610 2460 650 2495 in
671 2439 884 2495 Teutonicis

153 2509 372 2592 2253?ss
382 2506 884 2601 ἒέῗῖέῗιέὲὲΜ-ῗῃὲᾆῖἐὲ

154 2604 333 2639 memoria
355 2603 505 2638 unicum
530 2603 569 2637 in
587 2581 676 2638 cibe
701 2604 883 2636 terrarum

154 2651 356 2687 sanctitatis
381 2650 569 2696 exemplar
597 2651 680 2693 316,
694 2659 739 2686 35.

201 2701 278 2733 tam
301 2698 489 2744 pestilenti
513 2697 736 2741 exemplo
765 2697 844 2739 110,
855 2706 882 2731 5.

156 2766 198 2771 -
218 2757 265 2781 ne
289 2745 386 2780 forte
402 2744 606 2790 pestilentis
631 2743 738 2778 huius
762 2753 883 2777 exem-

545 2270 745 2307 ,stationes
762 2270 882 2316 iuges-

154 2793 207 2838 pli
231 2793 454 2846 contagium
477 2794 624 2836 sumpto
658 2791 704 2825 ab
731 2789 883 2825 Saxoni-
934 2817 942 2824 .
971 2817 978 2824 .

153 2840 223 2875 bus
236 2839 387 2875 exordio
399 2839 585 2885 principes
597 2836 737 2873 inficiat
746 2839 829 2879 236,
839 2848 882 2872 ιο.

153 2907 203 2914 —
226 2899 304 2924 ne.
353 2889 460 2924 .tam
491 2885 567 2921 fedi
592 2884 751 2929 exempli
775 2894 884 2918 vene-

929 415 1004 450 vim
1039 416 1144 451 sociis
1174 418 1322 470 ereptae
1347 417 1546 462 pecuniae3
1583 417 1660 452 Cat.

931 465 989 500 37.
1014 464 1111 499 bona
1136 466 1272 508 erepta,
1308 463 1363 498 ius
1389 442 1568 499 libertatis
1593 464 1660 499 im-

930 511 1115 546 minutum
1137 514 1202 546 est.
1228 531 1270 536 -—
1294 511 1372 548 Liv.
1391 512 1443 554 II,
1459 513 1516 554 19,
1531 514 1586 548 10.
1613 512 1661 547 ob

931 560 1060 603 erepta
1076 558 1173 593 bona
1189 558 1419 603 patriamque
1438 558 1660 603 ademptam.

979 843 1059 877 Liv.
1097 843 1266 886 XXVII,
1306 845 1363 879 23.
1418 844 1562 886 XLIV,
1604 846 1661 880 39.

933 890 1195 935 eruptione
1213 889 1325 933 facta3
1343 891 1414 934 IV,
1432 893 1489 933 25,
1502 893 1536 928 8.
1556 903 1662 936 erup-

931 938 1070 972 tionem
1097 948 1117 972 e
1142 937 1267 972 castris
1291 938 1330 972 in
1357 964 1365 973 .
1393 964 1400 972 .
1429 967 1436 974 .
1463 938 1585 974 hostes
1610 939 1661 973 fe-

933 987 1052 1029 cerat3
1085 986 1124 1027 V,
1141 988 1196 1029 13,
1214 987 1270 1022 11.
1297 985 1440 1030 eruptio
1467 998 1512 1020 ex
1536 987 1662 1021 castris

932 1060 942 1070 .
971 1061 980 1069 .
1007 1059 1015 1068 .
1041 1032 1148 1077 facta,
1173 1037 1233 1069 etc.

980 1081 1081 1125 Sulp.
1107 1081 1182 1116 Sev.
1210 1081 1312 1116 Dial.
1338 1081 1411 1123 III,
1434 1083 1468 1117 2.
1507 1080 1585 1116 Nec
1610 1080 1661 1116 fe-

932 1127 1027 1163 fellit
1061 1130 1228 1163 sanctum
1265 1128 1410 1163 virtutis
1449 1131 1661 1164 eventus.

987 1463 1026 1498 V.
1053 1462 1166 1498 Mart.
1193 1464 1250 1499 20.
1290 1461 1443 1497 aderant
1469 1462 1584 1496 veluti
1617 1462 1663 1496 ad

933 1508 1032 1544 diem
1066 1509 1201 1544 festum
1227 1510 1425 1545 evocati
1450 1510 1584 1544 summi
1610 1513 1663 1544 at-

933 1567 1004 1601 que
1027 1557 1186 1592 illustres
1203 1557 1284 1593 viri.
1305 1578 1347 1582 -
1367 1558 1444 1593 Liv.
1463 1558 1584 1601 XXV,
1604 1558 1663 1594 28.

933 1604 1092 1639 evocatis
1118 1604 1166 1639 ad
1191 1605 1416 1649 colloquium
1442 1605 1496 1639 iis.

984 1842 1121 1877 Terent.
1138 1841 1208 1878 Ad.
1225 1851 1288 1877 seo,
1303 1841 1396 1885 prol.
1413 1843 1468 1877 16.
1491 1852 1509 1876 e
1520 1853 1544 1875 x
1555 1852 1574 1875 a
1587 1843 1662 1876 cta

932 1890 1064 1924 aetate.
1092 1909 1134 1914 —
1161 1888 1251 1924 Sall.
1277 1889 1358 1932 qu.
1386 1890 1418 1923 6.
1445 1892 1572 1923 exacta
1598 1900 1662 1923 sua

932 1939 1063 1972 aetate.
1099 1956 1141 1960 —
1176 1936 1254 1970 Liv.
1287 1937 1326 1980 V,
1357 1937 1416 1978 18,
1446 1938 1477 1972 1.
1513 1938 1662 1971 exactae

931 1983 1073 2027 aetatis,
1100 1988 1160 2019 etc.

980 2032 1069 2067 Sall.
1090 2031 1166 2067 Cat.
1192 2033 1226 2067 9.
1252 2030 1388 2075 quique
1415 2031 1554 2065 tardius
1582 2059 1589 2067 .
1618 2059 1624 2067 .
1654 2060 1661 2067 .

931 2078 1071 2124 praelio
1107 2081 1441 2123 excesserant3
1480 2081 1537 2115 61.
1573 2081 1662 2113 stre-

931 2126 1128 2161 nuissimus
1146 2126 1299 2171 quisque
1326 2128 1390 2160 aut
1415 2126 1599 2161 occiderat
1624 2126 1662 2160 in

931 2174 1083 2220 praelio,
1134 2176 1198 2208 aut
1247 2174 1408 2219 graviter
1450 2174 1662 2208 vulneratus

932 2221 1155 2257 discesserat.

982 2269 1081 2305 ovid.
1099 2270 1201 2304 Fast.
1224 2269 1298 2310 III,
1316 2270 1397 2305 245.
1424 2268 1544 2312 Adde,
1563 2270 1662 2312 quod

933 2316 1145 2352 excubias
1171 2315 1249 2361 regi
1273 2315 1463 2350 Romanus
1490 2295 1631 2361 ag’ebat.

982 2459 1131 2493 Hieron.
1160 2458 1284 2501 praef.
1321 2459 1360 2491 in
1386 2458 1469 2492 Iob:
1513 2458 1660 2493 unicum

933 2505 1133 2540 nobilitatis
1174 2508 1211 2539 et
1252 2504 1468 2539 humilitatis
1506 2516 1662 2540 exem-

933 2554 1052 2598 plar.
1082 2572 1123 2577 -
1150 2554 1267 2587 Amm.
1295 2553 1409 2586 Marc.
1436 2553 1543 2594 XVI,
1567 2555 1599 2594 7,
1627 2556 1661 2590 5.

933 2600 1114 2635 rationem
1139 2601 1237 2634 recte
1262 2598 1420 2635 vivendi.

982 2695 1059 2729 Liv.
1093 2694 1150 2736 II,
1178 2695 1243 2735 43,
1272 2696 1329 2729 10.
1367 2705 1434 2728 nec
1465 2693 1550 2728 huic
1585 2696 1660 2728 tam

933 2741 1118 2786 pestilenti
1144 2740 1366 2784 exemplo
1400 2740 1562 2775 remedia
1587 2741 1662 2776 ulla

1007 2816 1015 2824 .
1042 2787 1205 2832 quaesita
1230 2790 1325 2823 sunt.
1377 2788 1434 2829 Cf.
1461 2787 1620 2824 inficere.
