<?xml version="1.0" encoding="UTF-8"?>
<!DOCTYPE html PUBLIC "-//W3C//DTD XHTML 1.0 Transitional//EN"
    "http://www.w3.org/TR/xhtml1/DTD/xhtml1-transitional.dtd">
<html xmlns="http://www.w3.org/1999/xhtml" xml:lang="en" lang="en">
 <head>
  <title>
</title>
<meta http-equiv="Content-Type" content="text/html;charset=utf-8" />
  <meta name='ocr-system' content='tesseract 3.04.00' />
  <meta name='ocr-capabilities' content='ocr_page ocr_carea ocr_par ocr_line ocrx_word'/>
</head>
<body>
  <div class='ocr_page' id='page_1' title='image "./lampertimonachih00lambuoft_0358.png"; bbox 0 0 2014 3184; ppageno 0'>
   <div class='ocr_carea' id='block_1_1' title="bbox 155 359 331 437">
    <p class='ocr_par' dir='ltr' id='par_1_1' title="bbox 155 359 331 437">
     <span class='ocr_line' id='line_1_1' title="bbox 229 359 331 393; baseline 0 -1"><span class='ocrx_word' id='word_1_1' title='bbox 229 359 331 393; x_wconf 83' lang='lat'>1076.</span> 
     </span>
     <span class='ocr_line' id='line_1_2' title="bbox 155 404 331 437; baseline 0 -5"><span class='ocrx_word' id='word_1_2' title='bbox 155 405 191 434; x_wconf 83' lang='lat' dir='ltr'>(c.</span> <span class='ocrx_word' id='word_1_3' title='bbox 203 404 260 432; x_wconf 82' lang='lat' dir='ltr'>Oct.</span> <span class='ocrx_word' id='word_1_4' title='bbox 275 406 331 437; x_wconf 73' lang='lat'>25).</span> 
     </span>
    </p>
   </div>
   <div class='ocr_carea' id='block_1_2' title="bbox 119 1021 329 1052">
    <p class='ocr_par' dir='ltr' id='par_1_2' title="bbox 119 1021 329 1052">
     <span class='ocr_line' id='line_1_3' title="bbox 119 1021 329 1052; baseline 0.014 -8"><span class='ocrx_word' id='word_1_5' title='bbox 119 1021 220 1048; x_wconf 77' lang='lat' dir='ltr'>Maltlt,</span> <span class='ocrx_word' id='word_1_6' title='bbox 233 1022 275 1052; x_wconf 82' lang='lat'>21,</span> <span class='ocrx_word' id='word_1_7' title='bbox 288 1021 329 1048; x_wconf 90' lang='lat'>13.</span> 
     </span>
    </p>
   </div>
   <div class='ocr_carea' id='block_1_3' title="bbox 345 239 1490 282">
    <p class='ocr_par' dir='ltr' id='par_1_3' title="bbox 345 239 1490 282">
     <span class='ocr_line' id='line_1_4' title="bbox 345 239 1490 282; baseline 0.007 -8"><span class='ocrx_word' id='word_1_8' title='bbox 345 240 415 274; x_wconf 87' lang='lat'>282</span> <span class='ocrx_word' id='word_1_9' title='bbox 713 239 983 276; x_wconf 81' lang='lat' dir='ltr'><strong>LAMPERTI</strong></span> <span class='ocrx_word' id='word_1_10' title='bbox 1007 242 1260 280; x_wconf 81' lang='lat' dir='ltr'>ANNALES.</span> <span class='ocrx_word' id='word_1_11' title='bbox 1310 243 1357 279; x_wconf 90' lang='lat' dir='ltr'>A.</span> <span class='ocrx_word' id='word_1_12' title='bbox 1386 247 1490 282; x_wconf 87' lang='grc'>1076.</span> 
     </span>
    </p>
   </div>
   <div class='ocr_carea' id='block_1_4' title="bbox 341 356 1901 2078">
    <p class='ocr_par' dir='ltr' id='par_1_4' title="bbox 341 356 1901 2078">
     <span class='ocr_line' id='line_1_5' title="bbox 347 356 1846 424; baseline 0.009 -24"><span class='ocrx_word' id='word_1_13' title='bbox 347 356 741 415; x_wconf 82' lang='lat' dir='ltr'>contubernioque</span> <span class='ocrx_word' id='word_1_14' title='bbox 774 377 856 404; x_wconf 90' lang='lat' dir='ltr'>suo</span> <span class='ocrx_word' id='word_1_15' title='bbox 889 366 1098 406; x_wconf 87' lang='lat' dir='ltr'>amoveat</span> <span class='ocrx_word' id='word_1_16' title='bbox 1114 365 1139 413; x_wconf 59' lang='lat'>¹,</span> <span class='ocrx_word' id='word_1_17' title='bbox 1174 365 1271 420; x_wconf 93' lang='lat' dir='ltr'>ipse</span> <span class='ocrx_word' id='word_1_18' title='bbox 1303 367 1352 407; x_wconf 89' lang='lat' dir='ltr'>in</span> <span class='ocrx_word' id='word_1_19' title='bbox 1378 368 1538 410; x_wconf 90' lang='lat' dir='ltr'>urbem</span> <span class='ocrx_word' id='word_1_20' title='bbox 1562 368 1846 424; x_wconf 82' lang='lat' dir='ltr'>Spirensium</span> 
     </span>
     <span class='ocr_line' id='line_1_6' title="bbox 346 420 1847 484; baseline 0.007 -24"><span class='ocrx_word' id='word_1_21' title='bbox 346 420 532 462; x_wconf 88' lang='lat' dir='ltr'>dimisso</span> <span class='ocrx_word' id='word_1_22' title='bbox 566 422 770 463; x_wconf 87' lang='lat' dir='ltr'>exercitu</span> <span class='ocrx_word' id='word_1_23' title='bbox 807 423 992 464; x_wconf 86' lang='lat' dir='ltr'>secedat</span> <span class='ocrx_word' id='word_1_24' title='bbox 1007 424 1032 474; x_wconf 75' lang='lat'>²,</span> <span class='ocrx_word' id='word_1_25' title='bbox 1075 424 1230 478; x_wconf 81' lang='lat' dir='ltr'>ibique</span> <span class='ocrx_word' id='word_1_26' title='bbox 1273 426 1369 467; x_wconf 89' lang='lat' dir='ltr'>solo</span> <span class='ocrx_word' id='word_1_27' title='bbox 1402 427 1720 470; x_wconf 64' lang='lat' dir='ltr'>Verdunensia</span> <span class='ocrx_word' id='word_1_28' title='bbox 1756 429 1847 484; x_wconf 87' lang='lat' dir='ltr'>epi-</span> 
     </span>
     <span class='ocr_line' id='line_1_7' title="bbox 345 479 1846 543; baseline 0.007 -23"><span class='ocrx_word' id='word_1_29' title='bbox 345 479 513 534; x_wconf 79' lang='lat' dir='ltr'>scopo3</span> <span class='ocrx_word' id='word_1_30' title='bbox 544 481 793 534; x_wconf 80' lang='lat' dir='ltr'>paucisque</span> <span class='ocrx_word' id='word_1_31' title='bbox 816 482 1050 531; x_wconf 73' lang='lat' dir='ltr'>ministris,</span> <span class='ocrx_word' id='word_1_32' title='bbox 1086 497 1198 537; x_wconf 88' lang='lat' dir='ltr'>quos</span> <span class='ocrx_word' id='word_1_33' title='bbox 1230 486 1387 527; x_wconf 86' lang='lat' dir='ltr'>tamen</span> <span class='ocrx_word' id='word_1_34' title='bbox 1419 487 1651 528; x_wconf 88' lang='lat' dir='ltr'>sententia</span> <span class='ocrx_word' id='word_1_35' title='bbox 1682 488 1846 543; x_wconf 82' lang='lat' dir='ltr'>prinei-</span> 
     </span>
     <span class='ocr_line' id='line_1_8' title="bbox 345 539 1844 603; baseline 0.008 -25"><span class='ocrx_word' id='word_1_36' title='bbox 345 553 454 592; x_wconf 90' lang='lat' dir='ltr'>pum</span> <span class='ocrx_word' id='word_1_37' title='bbox 496 539 552 580; x_wconf 87' lang='lat' dir='ltr'>ab</span> <span class='ocrx_word' id='word_1_38' title='bbox 595 540 681 581; x_wconf 90' lang='lat' dir='ltr'>hac</span> <span class='ocrx_word' id='word_1_39' title='bbox 715 542 1186 584; x_wconf 72' lang='lat' dir='ltr'>excommunicatione</span> <span class='ocrx_word' id='word_1_40' title='bbox 1227 544 1431 599; x_wconf 82' lang='lat' dir='ltr'>integros</span> <span class='ocrx_word' id='word_1_41' title='bbox 1463 546 1844 603; x_wconf 87' lang='lat' dir='ltr'>incorruptosque</span> 
     </span>
     <span class='ocr_line' id='line_1_9' title="bbox 344 598 1883 660; baseline 0.006 -22"><span class='ocrx_word' id='word_1_42' title='bbox 344 598 619 652; x_wconf 84' lang='lat' dir='ltr'>probaverit,</span> <span class='ocrx_word' id='word_1_43' title='bbox 649 601 894 641; x_wconf 90' lang='lat' dir='ltr'>contentus</span> <span class='ocrx_word' id='word_1_44' title='bbox 916 601 1143 654; x_wconf 86' lang='lat' dir='ltr'>privatam</span> <span class='ocrx_word' id='word_1_45' title='bbox 1169 602 1356 644; x_wconf 87' lang='lat' dir='ltr'>interim</span> <span class='ocrx_word' id='word_1_46' title='bbox 1373 604 1515 646; x_wconf 87' lang='lat' dir='ltr'>vitam</span> <span class='ocrx_word' id='word_1_47' title='bbox 1532 607 1653 660; x_wconf 73' lang='lat' dir='ltr'>agat⁷</span> <span class='ocrx_word' id='word_1_48' title='bbox 1678 606 1883 649; x_wconf 71' lang='lat' dir='ltr'>aeccle-r&gt;</span> 
     </span>
     <span class='ocr_line' id='line_1_10' title="bbox 345 657 1844 718; baseline 0.007 -21"><span class='ocrx_word' id='word_1_49' title='bbox 345 657 458 698; x_wconf 90' lang='lat' dir='ltr'>siam</span> <span class='ocrx_word' id='word_1_50' title='bbox 490 672 583 698; x_wconf 89' lang='lat' dir='ltr'>non</span> <span class='ocrx_word' id='word_1_51' title='bbox 614 658 890 712; x_wconf 78' lang='lat' dir='ltr'>ingrediens,</span> <span class='ocrx_word' id='word_1_52' title='bbox 925 660 1043 700; x_wconf 86' lang='lat' dir='ltr'>nihil</span> <span class='ocrx_word' id='word_1_53' title='bbox 1067 661 1187 702; x_wconf 89' lang='lat' dir='ltr'>circa</span> <span class='ocrx_word' id='word_1_54' title='bbox 1209 662 1396 716; x_wconf 89' lang='lat' dir='ltr'>publica</span> <span class='ocrx_word' id='word_1_55' title='bbox 1417 665 1610 718; x_wconf 84' lang='lat' dir='ltr'>negocia</span> <span class='ocrx_word' id='word_1_56' title='bbox 1641 679 1723 707; x_wconf 91' lang='lat' dir='ltr'>suo</span> <span class='ocrx_word' id='word_1_57' title='bbox 1744 666 1844 708; x_wconf 85' lang='lat' dir='ltr'>iure</span> 
     </span>
     <span class='ocr_line' id='line_1_11' title="bbox 345 716 1844 780; baseline 0.007 -24"><span class='ocrx_word' id='word_1_58' title='bbox 345 716 604 770; x_wconf 60' lang='lat' dir='ltr'>disponens,</span> <span class='ocrx_word' id='word_1_59' title='bbox 639 717 816 758; x_wconf 84' lang='lat' dir='ltr'>nullam</span> <span class='ocrx_word' id='word_1_60' title='bbox 849 719 965 772; x_wconf 80' lang='lat' dir='ltr'>regii</span> <span class='ocrx_word' id='word_1_61' title='bbox 991 722 1240 773; x_wconf 87' lang='lat' dir='ltr'>apparatus</span> <span class='ocrx_word' id='word_1_62' title='bbox 1274 735 1500 776; x_wconf 71' lang='lat' dir='ltr'>pompam,</span> <span class='ocrx_word' id='word_1_63' title='bbox 1535 723 1666 765; x_wconf 87' lang='lat' dir='ltr'>nulla</span> <span class='ocrx_word' id='word_1_64' title='bbox 1690 725 1844 780; x_wconf 77' lang='lat' dir='ltr'>regiae</span> 
     </span>
     <span class='ocr_line' id='line_1_12' title="bbox 345 773 1844 838; baseline 0.007 -23"><span class='ocrx_word' id='word_1_65' title='bbox 345 775 587 830; x_wconf 86' lang='lat' dir='ltr'>dignitatis</span> <span class='ocrx_word' id='word_1_66' title='bbox 628 777 828 831; x_wconf 86' lang='lat' dir='ltr'>insignia</span> <span class='ocrx_word' id='word_1_67' title='bbox 870 773 983 819; x_wconf 89' lang='lat' dir='ltr'>sibib</span> <span class='ocrx_word' id='word_1_68' title='bbox 1026 779 1157 820; x_wconf 88' lang='lat' dir='ltr'>iuxta</span> <span class='ocrx_word' id='word_1_69' title='bbox 1198 780 1385 821; x_wconf 89' lang='lat' dir='ltr'>solitum</span> <span class='ocrx_word' id='word_1_70' title='bbox 1434 782 1659 824; x_wconf 86' lang='lat' dir='ltr'>adhibens</span> <span class='ocrx_word' id='word_1_71' title='bbox 1699 797 1844 838; x_wconf 82' lang='lat' dir='ltr'>usque</span> 
     </span>
     <span class='ocr_line' id='line_1_13' title="bbox 345 835 1844 885; baseline 0.007 -10"><span class='ocrx_word' id='word_1_72' title='bbox 345 835 403 875; x_wconf 89' lang='lat' dir='ltr'>ad</span> <span class='ocrx_word' id='word_1_73' title='bbox 451 835 729 877; x_wconf 73' lang='lat' dir='ltr'>sinodicam⁰</span> <span class='ocrx_word' id='word_1_74' title='bbox 775 850 938 878; x_wconf 88' lang='lat' dir='ltr'>causae</span> <span class='ocrx_word' id='word_1_75' title='bbox 986 851 1094 879; x_wconf 86' lang='lat' dir='ltr'>suae</span> <span class='ocrx_word' id='word_1_76' title='bbox 1137 840 1522 882; x_wconf 86' lang='lat' dir='ltr'>examinationem</span> <span class='ocrx_word' id='word_1_77' title='bbox 1535 841 1564 882; x_wconf 72' lang='lat'>4.</span> <span class='ocrx_word' id='word_1_78' title='bbox 1626 841 1844 885; x_wconf 80' lang='lat' dir='ltr'>Preterea</span> 
     </span>
     <span class='ocr_line' id='line_1_14' title="bbox 345 894 1901 955; baseline 0.005 -20"><span class='ocrx_word' id='word_1_79' title='bbox 345 894 579 936; x_wconf 87' lang='lat' dir='ltr'>civitatem</span> <span class='ocrx_word' id='word_1_80' title='bbox 614 895 1018 946; x_wconf 76' lang='lat' dir='ltr'>Wormaciensem&#39;,</span> <span class='ocrx_word' id='word_1_81' title='bbox 1062 911 1198 951; x_wconf 89' lang='lat' dir='ltr'>quam</span> <span class='ocrx_word' id='word_1_82' title='bbox 1238 899 1427 953; x_wconf 85' lang='lat' dir='ltr'>expulso</span> <span class='ocrx_word' id='word_1_83' title='bbox 1460 900 1674 955; x_wconf 87' lang='lat' dir='ltr'>episcopo</span> <span class='ocrx_word' id='word_1_84' title='bbox 1688 901 1715 952; x_wconf 84' lang='lat'>⁵,</span> <span class='ocrx_word' id='word_1_85' title='bbox 1759 901 1901 944; x_wconf 64' lang='lat' dir='ltr'>dis-10²</span> 
     </span>
     <span class='ocr_line' id='line_1_15' title="bbox 344 953 1844 1015; baseline 0.007 -22"><span class='ocrx_word' id='word_1_86' title='bbox 344 953 493 1007; x_wconf 84' lang='lat' dir='ltr'>sipato</span> <span class='ocrx_word' id='word_1_87' title='bbox 527 954 737 995; x_wconf 85' lang='lat' dir='ltr'>caelestis</span> <span class='ocrx_word' id='word_1_88' title='bbox 779 955 977 997; x_wconf 82' lang='lat' dir='ltr'>miliciae</span> <span class='ocrx_word' id='word_1_89' title='bbox 1010 957 1285 1008; x_wconf 87' lang='lat' dir='ltr'>sanctuario,</span> <span class='ocrx_word' id='word_1_90' title='bbox 1329 972 1480 1000; x_wconf 89' lang='lat' dir='ltr'>arcem</span> <span class='ocrx_word' id='word_1_91' title='bbox 1521 959 1633 1002; x_wconf 90' lang='lat' dir='ltr'>belli</span> <span class='ocrx_word' id='word_1_92' title='bbox 1665 961 1844 1015; x_wconf 85' lang='lat' dir='ltr'>spelun-</span> 
     </span>
     <span class='ocr_line' id='line_1_16' title="bbox 344 1013 1843 1075; baseline 0.007 -23"><span class='ocrx_word' id='word_1_93' title='bbox 344 1026 534 1066; x_wconf 89' lang='lat' dir='ltr'>camque</span> <span class='ocrx_word' id='word_1_94' title='bbox 587 1013 820 1054; x_wconf 87' lang='lat' dir='ltr'>latronum</span> <span class='ocrx_word' id='word_1_95' title='bbox 872 1015 1067 1063; x_wconf 75' lang='lat' dir='ltr'>fecerat,</span> <span class='ocrx_word' id='word_1_96' title='bbox 1118 1017 1319 1058; x_wconf 86' lang='lat' dir='ltr'>abducto</span> <span class='ocrx_word' id='word_1_97' title='bbox 1367 1018 1579 1072; x_wconf 86' lang='lat' dir='ltr'>presidio,</span> <span class='ocrx_word' id='word_1_98' title='bbox 1629 1019 1843 1075; x_wconf 86' lang='lat' dir='ltr'>episcopo</span> 
     </span>
     <span class='ocr_line' id='line_1_17' title="bbox 343 1071 1843 1131; baseline 0.007 -20"><span class='ocrx_word' id='word_1_99' title='bbox 343 1071 678 1114; x_wconf 83' lang='lat' dir='ltr'>Wormaciensi</span> <span class='ocrx_word' id='word_1_100' title='bbox 729 1074 947 1115; x_wconf 87' lang='lat' dir='ltr'>restituat</span> <span class='ocrx_word' id='word_1_101' title='bbox 961 1074 988 1123; x_wconf 74' lang='lat'>⁴⁵,</span> <span class='ocrx_word' id='word_1_102' title='bbox 1044 1075 1164 1116; x_wconf 89' lang='lat' dir='ltr'>datis</span> <span class='ocrx_word' id='word_1_103' title='bbox 1211 1076 1400 1131; x_wconf 85' lang='lat' dir='ltr'>insuper</span> <span class='ocrx_word' id='word_1_104' title='bbox 1451 1079 1748 1120; x_wconf 72' lang='lat' dir='ltr'>sacramentis</span> <span class='ocrx_word' id='word_1_105' title='bbox 1795 1080 1843 1122; x_wconf 87' lang='lat' dir='ltr'>et</span> 
     </span>
     <span class='ocr_line' id='line_1_18' title="bbox 342 1131 1843 1188; baseline 0.006 -17"><span class='ocrx_word' id='word_1_106' title='bbox 342 1131 592 1182; x_wconf 86' lang='lat' dir='ltr'>obsidibus,</span> <span class='ocrx_word' id='word_1_107' title='bbox 636 1146 694 1173; x_wconf 90' lang='lat' dir='ltr'>ne</span> <span class='ocrx_word' id='word_1_108' title='bbox 737 1133 847 1186; x_wconf 89' lang='lat' dir='ltr'>quid</span> <span class='ocrx_word' id='word_1_109' title='bbox 889 1133 1105 1188; x_wconf 82' lang='lat' dir='ltr'>deinceps</span> <span class='ocrx_word' id='word_1_110' title='bbox 1145 1135 1410 1177; x_wconf 80' lang='lat' dir='ltr'>rebellionis</span> <span class='ocrx_word' id='word_1_111' title='bbox 1451 1137 1524 1179; x_wconf 86' lang='lat' dir='ltr'>vel</span> <span class='ocrx_word' id='word_1_112' title='bbox 1570 1137 1843 1180; x_wconf 84' lang='lat' dir='ltr'>insidiarum</span> 
     </span>
     <span class='ocr_line' id='line_1_19' title="bbox 342 1190 1894 1252; baseline 0.005 -21"><span class='ocrx_word' id='word_1_113' title='bbox 342 1190 399 1231; x_wconf 85' lang='lat' dir='ltr'>ab</span> <span class='ocrx_word' id='word_1_114' title='bbox 433 1191 608 1232; x_wconf 85' lang='lat' dir='ltr'>civibus</span> <span class='ocrx_word' id='word_1_115' title='bbox 640 1191 802 1233; x_wconf 89' lang='lat' dir='ltr'>timere</span> <span class='ocrx_word' id='word_1_116' title='bbox 836 1193 1016 1234; x_wconf 88' lang='lat' dir='ltr'>debeat.</span> <span class='ocrx_word' id='word_1_117' title='bbox 1070 1193 1212 1235; x_wconf 87' lang='lat' dir='ltr'>Porro</span> <span class='ocrx_word' id='word_1_118' title='bbox 1245 1195 1282 1235; x_wconf 90' lang='lat' dir='ltr'>si</span> <span class='ocrx_word' id='word_1_119' title='bbox 1309 1196 1419 1249; x_wconf 90' lang='lat' dir='ltr'>quid</span> <span class='ocrx_word' id='word_1_120' title='bbox 1451 1196 1616 1237; x_wconf 89' lang='lat' dir='ltr'>horum</span> <span class='ocrx_word' id='word_1_121' title='bbox 1648 1197 1894 1252; x_wconf 69' lang='lat' dir='ltr'>prevari-16</span> 
     </span>
     <span class='ocr_line' id='line_1_20' title="bbox 343 1247 1840 1310; baseline 0.004 -18"><span class='ocrx_word' id='word_1_122' title='bbox 343 1252 484 1299; x_wconf 76' lang='lat' dir='ltr'>cetur,</span> <span class='ocrx_word' id='word_1_123' title='bbox 528 1252 627 1291; x_wconf 90' lang='lat' dir='ltr'>tum</span> <span class='ocrx_word' id='word_1_124' title='bbox 638 1247 656 1274; x_wconf 82' lang='lat'>‘¹</span> <span class='ocrx_word' id='word_1_125' title='bbox 694 1265 740 1292; x_wconf 86' lang='lat' dir='ltr'>se</span> <span class='ocrx_word' id='word_1_126' title='bbox 773 1252 898 1292; x_wconf 90' lang='lat' dir='ltr'>omni</span> <span class='ocrx_word' id='word_1_127' title='bbox 931 1252 1079 1306; x_wconf 73' lang='lat' dir='ltr'>culpa,</span> <span class='ocrx_word' id='word_1_128' title='bbox 1120 1254 1244 1294; x_wconf 90' lang='lat' dir='ltr'>omni</span> <span class='ocrx_word' id='word_1_129' title='bbox 1275 1254 1573 1296; x_wconf 84' lang='lat' dir='ltr'>iurisiurandi</span> <span class='ocrx_word' id='word_1_130' title='bbox 1604 1256 1840 1310; x_wconf 84' lang='lat' dir='ltr'>religione,</span> 
     </span>
     <span class='ocr_line' id='line_1_21' title="bbox 342 1310 1842 1368; baseline 0.005 -19"><span class='ocrx_word' id='word_1_131' title='bbox 342 1310 467 1350; x_wconf 89' lang='lat' dir='ltr'>omni</span> <span class='ocrx_word' id='word_1_132' title='bbox 499 1310 717 1363; x_wconf 87' lang='lat' dir='ltr'>perfidiae</span> <span class='ocrx_word' id='word_1_133' title='bbox 749 1310 943 1351; x_wconf 74' lang='lat' dir='ltr'>infamia</span> <span class='ocrx_word' id='word_1_134' title='bbox 975 1311 1206 1362; x_wconf 88' lang='lat' dir='ltr'>liberatos,</span> <span class='ocrx_word' id='word_1_135' title='bbox 1246 1327 1339 1354; x_wconf 87' lang='lat' dir='ltr'>non</span> <span class='ocrx_word' id='word_1_136' title='bbox 1372 1316 1613 1368; x_wconf 86' lang='lat' dir='ltr'>expectato</span> <span class='ocrx_word' id='word_1_137' title='bbox 1645 1315 1842 1357; x_wconf 87' lang='lat' dir='ltr'>ulterius</span> 
     </span>
     <span class='ocr_line' id='line_1_22' title="bbox 341 1369 1839 1428; baseline 0.005 -20"><span class='ocrx_word' id='word_1_138' title='bbox 341 1369 538 1409; x_wconf 85' lang='lat' dir='ltr'>Romani</span> <span class='ocrx_word' id='word_1_139' title='bbox 585 1369 817 1423; x_wconf 87' lang='lat' dir='ltr'>pontificis</span> <span class='ocrx_word' id='word_1_140' title='bbox 863 1370 1048 1419; x_wconf 77' lang='lat' dir='ltr'>iudicio,</span> <span class='ocrx_word' id='word_1_141' title='bbox 1098 1371 1208 1424; x_wconf 91' lang='lat' dir='ltr'>quid</span> <span class='ocrx_word' id='word_1_142' title='bbox 1249 1372 1315 1413; x_wconf 86' lang='lat' dir='ltr'>rei</span> <span class='ocrx_word' id='word_1_143' title='bbox 1357 1373 1569 1426; x_wconf 88' lang='lat' dir='ltr'>publicae</span> <span class='ocrx_word' id='word_1_144' title='bbox 1611 1374 1839 1428; x_wconf 83' lang='lat' dir='ltr'>expediat,</span> 
     </span>
     <span class='ocr_line' id='line_1_23' title="bbox 342 1427 1842 1487; baseline 0.005 -19"><span class='ocrx_word' id='word_1_145' title='bbox 342 1427 573 1469; x_wconf 88' lang='lat' dir='ltr'>communi</span> <span class='ocrx_word' id='word_1_146' title='bbox 596 1428 786 1469; x_wconf 89' lang='lat' dir='ltr'>consilio</span> <span class='ocrx_word' id='word_1_147' title='bbox 807 1428 983 1470; x_wconf 87' lang='lat' dir='ltr'>visuros</span> <span class='ocrx_word' id='word_1_148' title='bbox 1000 1429 1025 1468; x_wconf 79' lang='lat'>⁷.</span> <span class='ocrx_word' id='word_1_149' title='bbox 1058 1429 1168 1480; x_wconf 75' lang='lat' dir='ltr'>Rex,</span> <span class='ocrx_word' id='word_1_150' title='bbox 1193 1431 1322 1471; x_wconf 93' lang='lat' dir='ltr'>cuius</span> <span class='ocrx_word' id='word_1_151' title='bbox 1345 1432 1518 1473; x_wconf 78' lang='lat' dir='ltr'>omnis⁰</span> <span class='ocrx_word' id='word_1_152' title='bbox 1545 1446 1646 1487; x_wconf 86' lang='lat' dir='ltr'>spes</span> <span class='ocrx_word' id='word_1_153' title='bbox 1669 1447 1842 1475; x_wconf 85' lang='lat' dir='ltr'>omnes-</span> 
     </span>
     <span class='ocr_line' id='line_1_24' title="bbox 341 1482 1898 1546; baseline 0.005 -20"><span class='ocrx_word' id='word_1_154' title='bbox 341 1501 429 1540; x_wconf 92' lang='lat' dir='ltr'>que</span> <span class='ocrx_word' id='word_1_155' title='bbox 442 1482 457 1508; x_wconf 77' lang='lat' dir='ltr'>f</span> <span class='ocrx_word' id='word_1_156' title='bbox 505 1487 662 1540; x_wconf 88' lang='lat' dir='ltr'>copiae</span> <span class='ocrx_word' id='word_1_157' title='bbox 704 1487 753 1527; x_wconf 91' lang='lat' dir='ltr'>in</span> <span class='ocrx_word' id='word_1_158' title='bbox 794 1489 944 1528; x_wconf 91' lang='lat' dir='ltr'>artum</span> <span class='ocrx_word' id='word_1_159' title='bbox 988 1490 1174 1530; x_wconf 88' lang='lat' dir='ltr'>coactae</span> <span class='ocrx_word' id='word_1_160' title='bbox 1215 1490 1414 1541; x_wconf 81' lang='lat' dir='ltr'>fuerant,</span> <span class='ocrx_word' id='word_1_161' title='bbox 1463 1491 1726 1546; x_wconf 72' lang='lat' dir='ltr'>gratulatus</span> <span class='ocrx_word' id='word_1_162' title='bbox 1767 1493 1898 1535; x_wconf 69' lang='lat' dir='ltr'>ad-aoe</span> 
     </span>
     <span class='ocr_line' id='line_1_25' title="bbox 342 1546 1841 1606; baseline 0.004 -20"><span class='ocrx_word' id='word_1_163' title='bbox 342 1546 541 1595; x_wconf 74' lang='lat' dir='ltr'>modum,</span> <span class='ocrx_word' id='word_1_164' title='bbox 577 1546 698 1599; x_wconf 87' lang='lat' dir='ltr'>quod</span> <span class='ocrx_word' id='word_1_165' title='bbox 721 1546 887 1600; x_wconf 76' lang='lat' dir='ltr'>aliqua,</span> <span class='ocrx_word' id='word_1_166' title='bbox 923 1548 1216 1601; x_wconf 84' lang='lat' dir='ltr'>quantumvis</span> <span class='ocrx_word' id='word_1_167' title='bbox 1249 1549 1358 1590; x_wconf 82' lang='lat' dir='ltr'>feda</span> <span class='ocrx_word' id='word_1_168' title='bbox 1380 1550 1648 1592; x_wconf 90' lang='lat' dir='ltr'>condicione</span> <span class='ocrx_word' id='word_1_169' title='bbox 1679 1565 1841 1606; x_wconf 84' lang='lat' dir='ltr'>urgen-</span> 
     </span>
     <span class='ocr_line' id='line_1_26' title="bbox 341 1605 1841 1664; baseline 0.005 -19"><span class='ocrx_word' id='word_1_170' title='bbox 341 1607 435 1646; x_wconf 91' lang='lat' dir='ltr'>tem</span> <span class='ocrx_word' id='word_1_171' title='bbox 478 1605 536 1645; x_wconf 88' lang='lat' dir='ltr'>ad</span> <span class='ocrx_word' id='word_1_172' title='bbox 577 1619 762 1659; x_wconf 84' lang='lat' dir='ltr'>presens</span> <span class='ocrx_word' id='word_1_173' title='bbox 804 1605 1114 1648; x_wconf 83' lang='lat' dir='ltr'>calamitatem</span> <span class='ocrx_word' id='word_1_174' title='bbox 1164 1608 1452 1659; x_wconf 82' lang='lat' dir='ltr'>declinasset,</span> <span class='ocrx_word' id='word_1_175' title='bbox 1502 1610 1841 1664; x_wconf 87' lang='lat' dir='ltr'>promptissime</span> 
     </span>
     <span class='ocr_line' id='line_1_27' title="bbox 341 1665 1841 1722; baseline 0.005 -18"><span class='ocrx_word' id='word_1_176' title='bbox 341 1678 422 1718; x_wconf 83' lang='lat' dir='ltr'>per</span> <span class='ocrx_word' id='word_1_177' title='bbox 454 1665 608 1705; x_wconf 87' lang='lat' dir='ltr'>omnia</span> <span class='ocrx_word' id='word_1_178' title='bbox 640 1665 951 1706; x_wconf 87' lang='lat' dir='ltr'>obedientiam</span> <span class='ocrx_word' id='word_1_179' title='bbox 989 1666 1248 1720; x_wconf 88' lang='lat' dir='ltr'>pollicetur.</span> <span class='ocrx_word' id='word_1_180' title='bbox 1313 1667 1571 1722; x_wconf 81' lang='lat' dir='ltr'>Statimque</span> <span class='ocrx_word' id='word_1_181' title='bbox 1603 1667 1841 1711; x_wconf 82' lang='lat' dir='ltr'>Colonien—</span> 
     </span>
     <span class='ocr_line' id='line_1_28' title="bbox 342 1724 1840 1782; baseline 0.005 -19"><span class='ocrx_word' id='word_1_182' title='bbox 342 1737 437 1764; x_wconf 86' lang='lat' dir='ltr'>sem</span> <span class='ocrx_word' id='word_1_183' title='bbox 470 1724 734 1777; x_wconf 88' lang='lat' dir='ltr'>episcopum</span> <span class='ocrx_word' id='word_1_184' title='bbox 748 1726 776 1773; x_wconf 55' lang='grc'>8,</span> <span class='ocrx_word' id='word_1_185' title='bbox 811 1724 1243 1779; x_wconf 84' lang='lat' dir='ltr'>Babenbergensem</span> <span class='ocrx_word' id='word_1_186' title='bbox 1266 1726 1531 1782; x_wconf 89' lang='lat' dir='ltr'>episcopum</span> <span class='ocrx_word' id='word_1_187' title='bbox 1545 1728 1573 1778; x_wconf 80' lang='lat'>⁹,</span> <span class='ocrx_word' id='word_1_188' title='bbox 1608 1728 1840 1770; x_wconf 82' lang='lat' dir='ltr'>Strazbur-</span> 
     </span>
     <span class='ocr_line' id='line_1_29' title="bbox 341 1780 1895 1842; baseline 0.005 -19"><span class='ocrx_word' id='word_1_189' title='bbox 341 1786 558 1836; x_wconf 73' lang='lat' dir='ltr'>gensemg</span> <span class='ocrx_word' id='word_1_190' title='bbox 594 1783 859 1838; x_wconf 88' lang='lat' dir='ltr'>episcopum</span> <span class='ocrx_word' id='word_1_191' title='bbox 876 1783 921 1834; x_wconf 81' lang='lat'>1⁰,</span> <span class='ocrx_word' id='word_1_192' title='bbox 957 1780 1269 1826; x_wconf 86' lang='lat' dir='ltr'>Basilensem¹¹</span> <span class='ocrx_word' id='word_1_193' title='bbox 1301 1786 1565 1841; x_wconf 89' lang='lat' dir='ltr'>episcopum</span> <span class='ocrx_word' id='word_1_194' title='bbox 1580 1786 1627 1838; x_wconf 72' lang='lat'>1¹,</span> <span class='ocrx_word' id='word_1_195' title='bbox 1662 1786 1895 1842; x_wconf 56' lang='lat' dir='ltr'>Spirensis</span> 
     </span>
     <span class='ocr_line' id='line_1_30' title="bbox 342 1837 1841 1904; baseline 0.004 -22"><span class='ocrx_word' id='word_1_196' title='bbox 342 1837 458 1890; x_wconf 86' lang='lat' dir='ltr'>semi</span> <span class='ocrx_word' id='word_1_197' title='bbox 502 1842 828 1896; x_wconf 62' lang='lat' dir='ltr'>episeopumw,</span> <span class='ocrx_word' id='word_1_198' title='bbox 863 1840 1239 1885; x_wconf 85' lang='lat' dir='ltr'>Losannensemk</span> <span class='ocrx_word' id='word_1_199' title='bbox 1275 1845 1537 1899; x_wconf 87' lang='lat' dir='ltr'>episcopum</span> <span class='ocrx_word' id='word_1_200' title='bbox 1555 1846 1601 1897; x_wconf 78' lang='lat'>13,</span> <span class='ocrx_word' id='word_1_201' title='bbox 1646 1845 1841 1904; x_wconf 57' lang='lat' dir='ltr'>Cniticen-</span> 
     </span>
     <span class='ocr_line' id='line_1_31' title="bbox 342 1900 1840 1958; baseline 0.004 -17"><span class='ocrx_word' id='word_1_202' title='bbox 342 1914 436 1942; x_wconf 89' lang='lat' dir='ltr'>sem</span> <span class='ocrx_word' id='word_1_203' title='bbox 470 1901 734 1954; x_wconf 87' lang='lat' dir='ltr'>episcopum</span> <span class='ocrx_word' id='word_1_204' title='bbox 751 1901 796 1951; x_wconf 64' lang='lat'>14,</span> <span class='ocrx_word' id='word_1_205' title='bbox 838 1900 1269 1956; x_wconf 78' lang='lat' dir='ltr'>Osenbruggensem</span> <span class='ocrx_word' id='word_1_206' title='bbox 1302 1904 1566 1958; x_wconf 88' lang='lat' dir='ltr'>episcopum</span> <span class='ocrx_word' id='word_1_207' title='bbox 1581 1904 1627 1956; x_wconf 81' lang='lat'>15,</span> <span class='ocrx_word' id='word_1_208' title='bbox 1661 1905 1840 1947; x_wconf 88' lang='lat' dir='ltr'>Udalri·</span> 
     </span>
     <span class='ocr_line' id='line_1_32' title="bbox 343 1955 1840 2012; baseline 0.005 -13"><span class='ocrx_word' id='word_1_209' title='bbox 343 1955 469 2000; x_wconf 89' lang='lat' dir='ltr'>cuml</span> <span class='ocrx_word' id='word_1_210' title='bbox 498 1960 553 2000; x_wconf 90' lang='lat' dir='ltr'>de</span> <span class='ocrx_word' id='word_1_211' title='bbox 578 1959 803 2008; x_wconf 67' lang='lat' dir='ltr'>Cosheim,</span> <span class='ocrx_word' id='word_1_212' title='bbox 839 1961 1158 2002; x_wconf 82' lang='lat' dir='ltr'>Eberhardum</span> <span class='ocrx_word' id='word_1_213' title='bbox 1174 1962 1220 2012; x_wconf 63' lang='lat'>1⁶,</span> <span class='ocrx_word' id='word_1_214' title='bbox 1255 1963 1598 2004; x_wconf 87' lang='lat' dir='ltr'>Hartmannum</span> <span class='ocrx_word' id='word_1_215' title='bbox 1621 1966 1840 2006; x_wconf 84' lang='lat' dir='ltr'>caeteros-</span> 
     </span>
     <span class='ocr_line' id='line_1_33' title="bbox 342 2019 1840 2078; baseline 0.005 -21"><span class='ocrx_word' id='word_1_216' title='bbox 342 2032 429 2071; x_wconf 90' lang='lat' dir='ltr'>que</span> <span class='ocrx_word' id='word_1_217' title='bbox 462 2019 892 2070; x_wconf 83' lang='lat' dir='ltr'>excommunicatos,</span> <span class='ocrx_word' id='word_1_218' title='bbox 927 2034 1120 2073; x_wconf 90' lang='lat' dir='ltr'>quorum</span> <span class='ocrx_word' id='word_1_219' title='bbox 1154 2022 1350 2063; x_wconf 87' lang='lat' dir='ltr'>antehac</span> <span class='ocrx_word' id='word_1_220' title='bbox 1377 2036 1516 2076; x_wconf 88' lang='lat' dir='ltr'>opera</span> <span class='ocrx_word' id='word_1_221' title='bbox 1547 2023 1840 2078; x_wconf 85' lang='lat' dir='ltr'>consiliisque</span> 
     </span>
    </p>
   </div>
   <div class='ocr_carea' id='block_1_5' title="bbox 340 2143 1893 2252">
    <p class='ocr_par' dir='ltr' id='par_1_5' title="bbox 340 2143 1893 2252">
     <span class='ocr_line' id='line_1_34' title="bbox 341 2143 1893 2181; baseline 0.006 -13"><span class='ocrx_word' id='word_1_222' title='bbox 341 2145 371 2174; x_wconf 85' lang='lat' dir='ltr'>a)</span> <span class='ocrx_word' id='word_1_223' title='bbox 389 2143 569 2170; x_wconf 83' lang='lat' dir='ltr'>Verdinensi</span> <span class='ocrx_word' id='word_1_224' title='bbox 588 2144 664 2171; x_wconf 66' lang='lat'><em>131⁸.</em></span> <span class='ocrx_word' id='word_1_225' title='bbox 738 2143 768 2176; x_wconf 89' lang='lat' dir='ltr'>b)</span> <span class='ocrx_word' id='word_1_226' title='bbox 790 2152 843 2172; x_wconf 80' lang='lat' dir='ltr'>om,</span> <span class='ocrx_word' id='word_1_227' title='bbox 863 2145 889 2169; x_wconf 89' lang='lat' dir='ltr'><em>B</em></span> <span class='ocrx_word' id='word_1_228' title='bbox 901 2144 943 2172; x_wconf 84' lang='lat' dir='ltr'>lb.</span> <span class='ocrx_word' id='word_1_229' title='bbox 1017 2148 1043 2177; x_wconf 80' lang='lat' dir='ltr'>e)</span> <span class='ocrx_word' id='word_1_230' title='bbox 1062 2145 1168 2179; x_wconf 83' lang='lat' dir='ltr'>synod.</span> <span class='ocrx_word' id='word_1_231' title='bbox 1189 2148 1215 2171; x_wconf 81' lang='grc' dir='ltr'><strong><em>Α</em></strong></span> <span class='ocrx_word' id='word_1_232' title='bbox 1227 2149 1250 2175; x_wconf 84' lang='lat'>1.</span> <span class='ocrx_word' id='word_1_233' title='bbox 1270 2148 1330 2175; x_wconf 81' lang='lat'>131.</span> <span class='ocrx_word' id='word_1_234' title='bbox 1405 2147 1435 2179; x_wconf 88' lang='lat' dir='ltr'>d)</span> <span class='ocrx_word' id='word_1_235' title='bbox 1454 2151 1526 2174; x_wconf 80' lang='lat' dir='ltr'>tunc</span> <span class='ocrx_word' id='word_1_236' title='bbox 1545 2149 1624 2177; x_wconf 80' lang='lat' dir='ltr'>Blb.</span> <span class='ocrx_word' id='word_1_237' title='bbox 1689 2151 1717 2181; x_wconf 80' lang='lat' dir='ltr'>e)</span> <span class='ocrx_word' id='word_1_238' title='bbox 1737 2157 1838 2176; x_wconf 70' lang='lat' dir='ltr'>omues</span> <span class='ocrx_word' id='word_1_239' title='bbox 1851 2153 1893 2178; x_wconf 64' lang='grc' dir='ltr'>ὅθ’</span> 
     </span>
     <span class='ocr_line' id='line_1_35' title="bbox 340 2179 1839 2218; baseline 0.005 -14"><span class='ocrx_word' id='word_1_240' title='bbox 340 2180 366 2204; x_wconf 81' lang='grc' dir='ltr'><em>Α</em></span> <span class='ocrx_word' id='word_1_241' title='bbox 378 2181 402 2206; x_wconf 92' lang='grc'>1.</span> <span class='ocrx_word' id='word_1_242' title='bbox 475 2181 498 2210; x_wconf 85' lang='lat' dir='ltr'>f)</span> <span class='ocrx_word' id='word_1_243' title='bbox 517 2180 670 2211; x_wconf 79' lang='lat' dir='ltr'>omnisque</span> <span class='ocrx_word' id='word_1_244' title='bbox 690 2179 769 2207; x_wconf 85' lang='lat' dir='ltr'>Blb.</span> <span class='ocrx_word' id='word_1_245' title='bbox 781 2180 805 2207; x_wconf 88' lang='lat'>2.</span> <span class='ocrx_word' id='word_1_246' title='bbox 861 2182 890 2212; x_wconf 84' lang='lat' dir='ltr'>g)</span> <span class='ocrx_word' id='word_1_247' title='bbox 910 2180 1082 2213; x_wconf 81' lang='lat' dir='ltr'>Strasburg.</span> <span class='ocrx_word' id='word_1_248' title='bbox 1100 2181 1179 2209; x_wconf 77' lang='lat' dir='ltr'>Bib.</span> <span class='ocrx_word' id='word_1_249' title='bbox 1191 2183 1222 2209; x_wconf 87' lang='lat' dir='ltr'>P.</span> <span class='ocrx_word' id='word_1_250' title='bbox 1278 2183 1310 2214; x_wconf 89' lang='lat' dir='ltr'>h)</span> <span class='ocrx_word' id='word_1_251' title='bbox 1329 2183 1525 2209; x_wconf 86' lang='lat' dir='ltr'>Basiliensem</span> <span class='ocrx_word' id='word_1_252' title='bbox 1544 2184 1623 2212; x_wconf 82' lang='lat' dir='ltr'>Blb.</span> <span class='ocrx_word' id='word_1_253' title='bbox 1643 2185 1675 2212; x_wconf 88' lang='lat' dir='ltr'>P.</span> <span class='ocrx_word' id='word_1_254' title='bbox 1731 2184 1753 2218; x_wconf 93' lang='lat' dir='ltr'>i)</span> <span class='ocrx_word' id='word_1_255' title='bbox 1771 2185 1839 2218; x_wconf 84' lang='lat' dir='ltr'>Spi-</span> 
     </span>
     <span class='ocr_line' id='line_1_36' title="bbox 340 2215 1837 2252; baseline 0.004 -12"><span class='ocrx_word' id='word_1_256' title='bbox 340 2221 514 2240; x_wconf 82' lang='lat' dir='ltr'>rensensem</span> <span class='ocrx_word' id='word_1_257' title='bbox 539 2215 616 2242; x_wconf 75' lang='lat' dir='ltr'>Bia.</span> <span class='ocrx_word' id='word_1_258' title='bbox 707 2215 738 2246; x_wconf 81' lang='lat' dir='ltr'>k)</span> <span class='ocrx_word' id='word_1_259' title='bbox 768 2216 979 2241; x_wconf 75' lang='lat' dir='ltr'>losannensem</span> <span class='ocrx_word' id='word_1_260' title='bbox 1004 2217 1065 2244; x_wconf 74' lang='lat' dir='ltr'>Al.</span> <span class='ocrx_word' id='word_1_261' title='bbox 1089 2217 1157 2250; x_wconf 82' lang='lat' dir='ltr'>B2;</span> <span class='ocrx_word' id='word_1_262' title='bbox 1187 2218 1254 2245; x_wconf 86' lang='lat' dir='ltr'>Los.</span> <span class='ocrx_word' id='word_1_263' title='bbox 1281 2225 1326 2249; x_wconf 83' lang='lat' dir='ltr'>ep.</span> <span class='ocrx_word' id='word_1_264' title='bbox 1352 2226 1404 2246; x_wconf 84' lang='lat' dir='ltr'>om.</span> <span class='ocrx_word' id='word_1_265' title='bbox 1432 2219 1513 2247; x_wconf 82' lang='lat' dir='ltr'>Bib.</span> <span class='ocrx_word' id='word_1_266' title='bbox 1604 2221 1626 2252; x_wconf 91' lang='lat'>1)</span> <span class='ocrx_word' id='word_1_267' title='bbox 1654 2219 1757 2248; x_wconf 77' lang='lat' dir='ltr'>Udalr.</span> <span class='ocrx_word' id='word_1_268' title='bbox 1775 2221 1837 2248; x_wconf 69' lang='lat' dir='ltr'>Al.</span> 
     </span>
    </p>
   </div>
   <div class='ocr_carea' id='block_1_6' title="bbox 333 2322 1888 2934">
    <p class='ocr_par' dir='ltr' id='par_1_6' title="bbox 333 2322 1888 2934">
     <span class='ocr_line' id='line_1_37' title="bbox 343 2322 1835 2369; baseline 0.001 -12"><span class='ocrx_word' id='word_1_269' title='bbox 343 2323 376 2366; x_wconf 87' lang='lat'>1)</span> <span class='ocrx_word' id='word_1_270' title='bbox 404 2322 501 2355; x_wconf 76' lang='lat' dir='ltr'>Haec</span> <span class='ocrx_word' id='word_1_271' title='bbox 526 2323 600 2364; x_wconf 75' lang='lat' dir='ltr'>fuit</span> <span class='ocrx_word' id='word_1_272' title='bbox 625 2324 731 2356; x_wconf 71' lang='lat' dir='ltr'>tertia</span> <span class='ocrx_word' id='word_1_273' title='bbox 756 2323 909 2356; x_wconf 74' lang='lat' dir='ltr'>condic-io</span> <span class='ocrx_word' id='word_1_274' title='bbox 930 2324 1038 2367; x_wconf 77' lang='lat' dir='ltr'>pacti.</span> <span class='ocrx_word' id='word_1_275' title='bbox 1136 2323 1171 2366; x_wconf 89' lang='lat'>2)</span> <span class='ocrx_word' id='word_1_276' title='bbox 1195 2324 1344 2357; x_wconf 77' lang='lat' dir='ltr'>Minime</span> <span class='ocrx_word' id='word_1_277' title='bbox 1368 2325 1430 2358; x_wconf 79' lang='lat' dir='ltr'>hoe</span> <span class='ocrx_word' id='word_1_278' title='bbox 1449 2329 1554 2368; x_wconf 73' lang='lat' dir='ltr'>pacto</span> <span class='ocrx_word' id='word_1_279' title='bbox 1579 2329 1750 2359; x_wconf 75' lang='lat' dir='ltr'>statutum</span> <span class='ocrx_word' id='word_1_280' title='bbox 1773 2330 1835 2369; x_wconf 73' lang='lat' dir='ltr'>est,</span> 
     </span>
     <span class='ocr_line' id='line_1_38' title="bbox 340 2370 1838 2415; baseline 0.003 -13"><span class='ocrx_word' id='word_1_281' title='bbox 340 2373 379 2402; x_wconf 74' lang='lat' dir='ltr'>ut</span> <span class='ocrx_word' id='word_1_282' title='bbox 407 2370 625 2403; x_wconf 77' lang='lat' dir='ltr'>Goldschmit</span> <span class='ocrx_word' id='word_1_283' title='bbox 651 2371 674 2404; x_wconf 80' lang='lat' dir='ltr'>l.</span> <span class='ocrx_word' id='word_1_284' title='bbox 702 2371 724 2405; x_wconf 78' lang='lat' dir='ltr'>l.</span> <span class='ocrx_word' id='word_1_285' title='bbox 750 2382 787 2414; x_wconf 79' lang='lat' dir='ltr'>p.</span> <span class='ocrx_word' id='word_1_286' title='bbox 814 2372 871 2406; x_wconf 85' lang='lat'>29.</span> <span class='ocrx_word' id='word_1_287' title='bbox 897 2374 985 2404; x_wconf 80' lang='lat' dir='ltr'>recte</span> <span class='ocrx_word' id='word_1_288' title='bbox 1010 2371 1200 2406; x_wconf 77' lang='lat' dir='ltr'>adnotavit.</span> <span class='ocrx_word' id='word_1_289' title='bbox 1298 2372 1333 2415; x_wconf 82' lang='lat'>3)</span> <span class='ocrx_word' id='word_1_290' title='bbox 1361 2372 1581 2407; x_wconf 72' lang='lat' dir='ltr'>Theoderico.</span> <span class='ocrx_word' id='word_1_291' title='bbox 1679 2373 1717 2415; x_wconf 85' lang='lat'>4)</span> <span class='ocrx_word' id='word_1_292' title='bbox 1740 2373 1838 2407; x_wconf 73' lang='lat' dir='ltr'>Haec</span> 
     </span>
     <span class='ocr_line' id='line_1_39' title="bbox 334 2418 1888 2463; baseline 0.004 -14"><span class='ocrx_word' id='word_1_293' title='bbox 334 2419 476 2459; x_wconf 75' lang='lat' dir='ltr'>partim</span> <span class='ocrx_word' id='word_1_294' title='bbox 501 2421 711 2450; x_wconf 77' lang='lat' dir='ltr'>commentus</span> <span class='ocrx_word' id='word_1_295' title='bbox 735 2421 783 2451; x_wconf 76' lang='lat' dir='ltr'>est</span> <span class='ocrx_word' id='word_1_296' title='bbox 807 2418 947 2460; x_wconf 62' lang='lat' dir='ltr'>Lamp„</span> <span class='ocrx_word' id='word_1_297' title='bbox 973 2419 1113 2461; x_wconf 69' lang='lat' dir='ltr'>partim</span> <span class='ocrx_word' id='word_1_298' title='bbox 1138 2419 1178 2451; x_wconf 80' lang='lat' dir='ltr'>in</span> <span class='ocrx_word' id='word_1_299' title='bbox 1202 2419 1376 2451; x_wconf 77' lang='lat' dir='ltr'>invidiam</span> <span class='ocrx_word' id='word_1_300' title='bbox 1400 2420 1497 2461; x_wconf 65' lang='lat' dir='ltr'>reglis</span> <span class='ocrx_word' id='word_1_301' title='bbox 1520 2421 1560 2452; x_wconf 82' lang='lat' dir='ltr'>in</span> <span class='ocrx_word' id='word_1_302' title='bbox 1581 2421 1684 2463; x_wconf 74' lang='lat' dir='ltr'>peius</span> <span class='ocrx_word' id='word_1_303' title='bbox 1707 2421 1836 2463; x_wconf 79' lang='lat' dir='ltr'>depra-</span> <span class='ocrx_word' id='word_1_304' title='bbox 1848 2429 1888 2456; x_wconf 77' lang='lat'>85</span> 
     </span>
     <span class='ocr_line' id='line_1_40' title="bbox 340 2465 1837 2510; baseline 0.003 -13"><span class='ocrx_word' id='word_1_305' title='bbox 340 2466 442 2498; x_wconf 72' lang='lat' dir='ltr'>vovit.</span> <span class='ocrx_word' id='word_1_306' title='bbox 529 2465 565 2508; x_wconf 81' lang='lat'>5)</span> <span class='ocrx_word' id='word_1_307' title='bbox 588 2465 802 2505; x_wconf 77' lang='lat' dir='ltr'>Adalberto,·</span> <span class='ocrx_word' id='word_1_308' title='bbox 827 2466 872 2506; x_wconf 80' lang='lat' dir='ltr'>cf.</span> <span class='ocrx_word' id='word_1_309' title='bbox 898 2476 1011 2509; x_wconf 79' lang='lat' dir='ltr'>supra</span> <span class='ocrx_word' id='word_1_310' title='bbox 1033 2477 1069 2509; x_wconf 80' lang='lat' dir='ltr'>p.</span> <span class='ocrx_word' id='word_1_311' title='bbox 1091 2467 1169 2500; x_wconf 87' lang='lat'>169.</span> <span class='ocrx_word' id='word_1_312' title='bbox 1261 2466 1295 2507; x_wconf 88' lang='grc'>6)</span> <span class='ocrx_word' id='word_1_313' title='bbox 1319 2466 1416 2498; x_wconf 79' lang='lat' dir='ltr'>Haeo</span> <span class='ocrx_word' id='word_1_314' title='bbox 1439 2467 1514 2507; x_wconf 78' lang='lat' dir='ltr'>fuit</span> <span class='ocrx_word' id='word_1_315' title='bbox 1535 2468 1660 2510; x_wconf 75' lang='lat' dir='ltr'>prima</span> <span class='ocrx_word' id='word_1_316' title='bbox 1683 2467 1837 2501; x_wconf 77' lang='lat' dir='ltr'>emtdioio</span> 
     </span>
     <span class='ocr_line' id='line_1_41' title="bbox 334 2512 1835 2558; baseline 0.005 -15"><span class='ocrx_word' id='word_1_317' title='bbox 334 2513 444 2554; x_wconf 70' lang='lat' dir='ltr'>pacti,</span> <span class='ocrx_word' id='word_1_318' title='bbox 471 2515 511 2544; x_wconf 79' lang='lat' dir='ltr'>ut</span> <span class='ocrx_word' id='word_1_319' title='bbox 527 2512 708 2547; x_wconf 76' lang='lat' dir='ltr'>Berthold.</span> <span class='ocrx_word' id='word_1_320' title='bbox 733 2517 763 2545; x_wconf 78' lang='lat' dir='ltr'>et</span> <span class='ocrx_word' id='word_1_321' title='bbox 780 2512 908 2546; x_wconf 81' lang='lat' dir='ltr'>Bruno</span> <span class='ocrx_word' id='word_1_322' title='bbox 929 2513 1177 2546; x_wconf 75' lang='lat' dir='ltr'>concordantes</span> <span class='ocrx_word' id='word_1_323' title='bbox 1201 2514 1360 2548; x_wconf 77' lang='lat' dir='ltr'>tradunt.</span> <span class='ocrx_word' id='word_1_324' title='bbox 1436 2514 1470 2557; x_wconf 83' lang='lat'>7)</span> <span class='ocrx_word' id='word_1_325' title='bbox 1498 2514 1537 2549; x_wconf 83' lang='lat' dir='ltr'>V.</span> <span class='ocrx_word' id='word_1_326' title='bbox 1563 2525 1676 2557; x_wconf 73' lang='lat' dir='ltr'>supra</span> <span class='ocrx_word' id='word_1_327' title='bbox 1698 2526 1735 2558; x_wconf 81' lang='lat' dir='ltr'>p.</span> <span class='ocrx_word' id='word_1_328' title='bbox 1753 2515 1835 2557; x_wconf 83' lang='lat'>281,</span> 
     </span>
     <span class='ocr_line' id='line_1_42' title="bbox 339 2560 1832 2603; baseline 0.002 -11"><span class='ocrx_word' id='word_1_329' title='bbox 339 2569 373 2593; x_wconf 89' lang='lat' dir='ltr'>n.</span> <span class='ocrx_word' id='word_1_330' title='bbox 397 2560 430 2593; x_wconf 88' lang='lat'>2.</span> <span class='ocrx_word' id='word_1_331' title='bbox 454 2560 488 2594; x_wconf 81' lang='lat'>4.</span> <span class='ocrx_word' id='word_1_332' title='bbox 538 2560 674 2592; x_wconf 85' lang='lat' dir='ltr'>Eadem</span> <span class='ocrx_word' id='word_1_333' title='bbox 701 2560 776 2601; x_wconf 80' lang='lat' dir='ltr'>fere</span> <span class='ocrx_word' id='word_1_334' title='bbox 805 2570 920 2603; x_wconf 77' lang='lat' dir='ltr'>supra</span> <span class='ocrx_word' id='word_1_335' title='bbox 945 2571 983 2603; x_wconf 75' lang='lat' dir='ltr'>p.</span> <span class='ocrx_word' id='word_1_336' title='bbox 1009 2561 1087 2595; x_wconf 86' lang='lat'>180.</span> <span class='ocrx_word' id='word_1_337' title='bbox 1123 2560 1251 2603; x_wconf 78' lang='lat' dir='ltr'>Lamp.</span> <span class='ocrx_word' id='word_1_338' title='bbox 1286 2564 1496 2594; x_wconf 75' lang='lat' dir='ltr'>commentus</span> <span class='ocrx_word' id='word_1_339' title='bbox 1527 2565 1586 2596; x_wconf 79' lang='lat' dir='ltr'>est.</span> <span class='ocrx_word' id='word_1_340' title='bbox 1638 2561 1694 2602; x_wconf 84' lang='lat' dir='ltr'>Cf.</span> <span class='ocrx_word' id='word_1_341' title='bbox 1729 2562 1832 2603; x_wconf 78' lang='lat' dir='ltr'>infra</span> 
     </span>
     <span class='ocr_line' id='line_1_43' title="bbox 335 2607 1833 2651; baseline 0.002 -11"><span class='ocrx_word' id='word_1_342' title='bbox 335 2617 372 2649; x_wconf 72' lang='lat' dir='ltr'>p.</span> <span class='ocrx_word' id='word_1_343' title='bbox 392 2607 473 2648; x_wconf 82' lang='lat'><strong>294,</strong></span> <span class='ocrx_word' id='word_1_344' title='bbox 500 2617 535 2639; x_wconf 86' lang='lat' dir='ltr'>n.</span> <span class='ocrx_word' id='word_1_345' title='bbox 554 2608 586 2641; x_wconf 81' lang='lat'>4.</span> <span class='ocrx_word' id='word_1_346' title='bbox 678 2607 714 2650; x_wconf 86' lang='lat'>8)</span> <span class='ocrx_word' id='word_1_347' title='bbox 737 2607 956 2648; x_wconf 78' lang='lat' dir='ltr'>Hildolfum.</span> <span class='ocrx_word' id='word_1_348' title='bbox 1054 2608 1089 2650; x_wconf 89' lang='grc'>9)</span> <span class='ocrx_word' id='word_1_349' title='bbox 1113 2607 1321 2649; x_wconf 58' lang='lat' dir='ltr'>Rupe-tum.</span> <span class='ocrx_word' id='word_1_350' title='bbox 1422 2609 1480 2651; x_wconf 89' lang='grc'>10)</span> <span class='ocrx_word' id='word_1_351' title='bbox 1510 2608 1758 2642; x_wconf 79' lang='lat' dir='ltr'>Werinherum</span> <span class='ocrx_word' id='word_1_352' title='bbox 1782 2609 1833 2644; x_wconf 85' lang='lat' dir='ltr'>H.</span> 
     </span>
     <span class='ocr_line' id='line_1_44' title="bbox 341 2653 1883 2698; baseline 0.003 -12"><span class='ocrx_word' id='word_1_353' title='bbox 341 2653 399 2695; x_wconf 83' lang='lat'>11)</span> <span class='ocrx_word' id='word_1_354' title='bbox 423 2653 689 2688; x_wconf 71' lang='lat' dir='ltr'>Burchardum.</span> <span class='ocrx_word' id='word_1_355' title='bbox 772 2655 831 2697; x_wconf 88' lang='lat'>12)</span> <span class='ocrx_word' id='word_1_356' title='bbox 858 2654 1125 2688; x_wconf 76' lang='lat' dir='ltr'>Huzmannum.</span> <span class='ocrx_word' id='word_1_357' title='bbox 1166 2654 1245 2687; x_wconf 82' lang='lat' dir='ltr'>Hos</span> <span class='ocrx_word' id='word_1_358' title='bbox 1267 2658 1347 2696; x_wconf 79' lang='lat' dir='ltr'>tres,</span> <span class='ocrx_word' id='word_1_359' title='bbox 1375 2655 1701 2698; x_wconf 74' lang='lat' dir='ltr'>Strazburyensem,</span> <span class='ocrx_word' id='word_1_360' title='bbox 1729 2656 1883 2691; x_wconf 73' lang='lat' dir='ltr'>Basi-4o</span> 
     </span>
     <span class='ocr_line' id='line_1_45' title="bbox 341 2700 1836 2746; baseline 0.003 -15"><span class='ocrx_word' id='word_1_361' title='bbox 341 2700 497 2742; x_wconf 61' lang='lat' dir='ltr'>Mensem,</span> <span class='ocrx_word' id='word_1_362' title='bbox 533 2701 752 2744; x_wconf 70' lang='lat' dir='ltr'>Spirensem,</span> <span class='ocrx_word' id='word_1_363' title='bbox 789 2703 964 2744; x_wconf 72' lang='lat' dir='ltr'>episcopos</span> <span class='ocrx_word' id='word_1_364' title='bbox 997 2703 1036 2734; x_wconf 83' lang='lat' dir='ltr'>in</span> <span class='ocrx_word' id='word_1_365' title='bbox 1070 2702 1133 2735; x_wconf 82' lang='lat' dir='ltr'>hoc</span> <span class='ocrx_word' id='word_1_366' title='bbox 1166 2703 1243 2744; x_wconf 76' lang='lat' dir='ltr'>ipso</span> <span class='ocrx_word' id='word_1_367' title='bbox 1274 2702 1442 2744; x_wconf 75' lang='lat' dir='ltr'>colloquio</span> <span class='ocrx_word' id='word_1_368' title='bbox 1470 2702 1759 2746; x_wconf 75' lang='lat' dir='ltr'>Oppenheimensi</span> <span class='ocrx_word' id='word_1_369' title='bbox 1790 2703 1836 2736; x_wconf 86' lang='lat' dir='ltr'>ab</span> 
     </span>
     <span class='ocr_line' id='line_1_46' title="bbox 339 2747 1836 2793; baseline 0.003 -15"><span class='ocrx_word' id='word_1_370' title='bbox 339 2747 537 2781; x_wconf 69' lang='lat' dir='ltr'>Altonanno</span> <span class='ocrx_word' id='word_1_371' title='bbox 567 2749 723 2791; x_wconf 73' lang='lat' dir='ltr'>episcopo</span> <span class='ocrx_word' id='word_1_372' title='bbox 747 2749 966 2792; x_wconf 74' lang='lat' dir='ltr'>Pataviensi,</span> <span class='ocrx_word' id='word_1_373' title='bbox 1005 2749 1116 2790; x_wconf 72' lang='lat' dir='ltr'>zeqato</span> <span class='ocrx_word' id='word_1_374' title='bbox 1144 2759 1280 2791; x_wconf 77' lang='lat' dir='ltr'>papae,</span> <span class='ocrx_word' id='word_1_375' title='bbox 1317 2750 1357 2781; x_wconf 84' lang='lat' dir='ltr'>in</span> <span class='ocrx_word' id='word_1_376' title='bbox 1381 2751 1656 2783; x_wconf 76' lang='lat' dir='ltr'>communionem</span> <span class='ocrx_word' id='word_1_377' title='bbox 1685 2753 1836 2793; x_wconf 76' lang='lat' dir='ltr'>receptos</span> 
     </span>
     <span class='ocr_line' id='line_1_47' title="bbox 340 2795 1835 2839; baseline 0.002 -13"><span class='ocrx_word' id='word_1_378' title='bbox 340 2804 409 2826; x_wconf 79' lang='lat' dir='ltr'>esse</span> <span class='ocrx_word' id='word_1_379' title='bbox 433 2798 521 2826; x_wconf 76' lang='lat' dir='ltr'>recte</span> <span class='ocrx_word' id='word_1_380' title='bbox 541 2796 670 2837; x_wconf 79' lang='lat' dir='ltr'>procul</span> <span class='ocrx_word' id='word_1_381' title='bbox 693 2795 799 2828; x_wconf 79' lang='lat' dir='ltr'>dubio</span> <span class='ocrx_word' id='word_1_382' title='bbox 823 2796 938 2828; x_wconf 74' lang='lat' dir='ltr'>tradit</span> <span class='ocrx_word' id='word_1_383' title='bbox 963 2795 1143 2829; x_wconf 77' lang='lat' dir='ltr'>Berthold.</span> <span class='ocrx_word' id='word_1_384' title='bbox 1170 2796 1284 2838; x_wconf 81' lang='lat' dir='ltr'>(Ann.</span> <span class='ocrx_word' id='word_1_385' title='bbox 1308 2796 1344 2830; x_wconf 88' lang='lat' dir='ltr'>S.</span> <span class='ocrx_word' id='word_1_386' title='bbox 1364 2796 1500 2834; x_wconf 79' lang='lat' dir='ltr'>Blasii)</span> <span class='ocrx_word' id='word_1_387' title='bbox 1521 2807 1560 2839; x_wconf 79' lang='lat' dir='ltr'>p.</span> <span class='ocrx_word' id='word_1_388' title='bbox 1580 2798 1662 2838; x_wconf 81' lang='lat'>286,</span> <span class='ocrx_word' id='word_1_389' title='bbox 1689 2797 1748 2830; x_wconf 76' lang='lat' dir='ltr'>sed</span> <span class='ocrx_word' id='word_1_390' title='bbox 1771 2797 1835 2830; x_wconf 78' lang='lat' dir='ltr'>hoe</span> 
     </span>
     <span class='ocr_line' id='line_1_48' title="bbox 333 2843 1834 2887; baseline 0.003 -15"><span class='ocrx_word' id='word_1_391' title='bbox 333 2844 417 2882; x_wconf 73' lang='lat' dir='ltr'>post</span> <span class='ocrx_word' id='word_1_392' title='bbox 429 2845 574 2884; x_wconf 74' lang='lat' dir='ltr'>pactum</span> <span class='ocrx_word' id='word_1_393' title='bbox 591 2853 614 2874; x_wconf 82' lang='lat' dir='ltr'>a</span> <span class='ocrx_word' id='word_1_394' title='bbox 631 2853 711 2884; x_wconf 71' lang='lat' dir='ltr'>reqe</span> <span class='ocrx_word' id='word_1_395' title='bbox 727 2853 922 2876; x_wconf 76' lang='lat' dir='ltr'>concessum</span> <span class='ocrx_word' id='word_1_396' title='bbox 939 2843 1021 2884; x_wconf 79' lang='lat' dir='ltr'>fieri</span> <span class='ocrx_word' id='word_1_397' title='bbox 1030 2843 1158 2885; x_wconf 74' lang='lat' dir='ltr'>potuit.</span> <span class='ocrx_word' id='word_1_398' title='bbox 1227 2843 1285 2886; x_wconf 85' lang='lat'>13)</span> <span class='ocrx_word' id='word_1_399' title='bbox 1301 2843 1567 2878; x_wconf 78' lang='lat' dir='ltr'>Burchardum.</span> <span class='ocrx_word' id='word_1_400' title='bbox 1636 2845 1694 2887; x_wconf 88' lang='lat'>14)</span> <span class='ocrx_word' id='word_1_401' title='bbox 1713 2843 1834 2887; x_wconf 77' lang='lat' dir='ltr'>Eppo-</span> 
     </span>
     <span class='ocr_line' id='line_1_49' title="bbox 339 2889 1880 2934; baseline 0.005 -15"><span class='ocrx_word' id='word_1_402' title='bbox 339 2898 428 2922; x_wconf 85' lang='lat' dir='ltr'>nem.</span> <span class='ocrx_word' id='word_1_403' title='bbox 522 2890 578 2931; x_wconf 85' lang='lat'>15)</span> <span class='ocrx_word' id='word_1_404' title='bbox 602 2889 800 2923; x_wconf 83' lang='lat' dir='ltr'>Bennonem</span> <span class='ocrx_word' id='word_1_405' title='bbox 826 2889 878 2924; x_wconf 87' lang='lat' dir='ltr'>II.</span> <span class='ocrx_word' id='word_1_406' title='bbox 970 2890 1029 2932; x_wconf 89' lang='grc'>16)</span> <span class='ocrx_word' id='word_1_407' title='bbox 1054 2890 1110 2930; x_wconf 80' lang='lat' dir='ltr'>Cf.</span> <span class='ocrx_word' id='word_1_408' title='bbox 1136 2900 1250 2933; x_wconf 74' lang='lat' dir='ltr'>supra</span> <span class='ocrx_word' id='word_1_409' title='bbox 1271 2902 1308 2934; x_wconf 78' lang='lat' dir='ltr'>p.</span> <span class='ocrx_word' id='word_1_410' title='bbox 1329 2892 1410 2933; x_wconf 81' lang='lat'><strong>255,</strong></span> <span class='ocrx_word' id='word_1_411' title='bbox 1437 2902 1472 2925; x_wconf 82' lang='lat' dir='ltr'>n.</span> <span class='ocrx_word' id='word_1_412' title='bbox 1490 2892 1524 2926; x_wconf 88' lang='lat'>4.</span> <span class='ocrx_word' id='word_1_413' title='bbox 1845 2900 1880 2926; x_wconf 76' lang='lat'>45</span> 
     </span>
    </p>
   </div>
   <div class='ocr_carea' id='block_1_7' title="bbox 1970 0 2014 3184">
    <p class='ocr_par' dir='ltr' id='par_1_7' title="bbox 1970 0 2014 3184">
     <span class='ocr_line' id='line_1_50' title="bbox 1970 0 2014 3184; baseline 0 0"><span class='ocrx_word' id='word_1_414' title='bbox 1970 0 2014 3184; x_wconf 95' lang='lat' dir='ltr'> </span> 
     </span>
    </p>
   </div>
  </div>
 </body>
</html>
