2014 3184
386 213 515 250 VITA
539 213 698 250 LULLI
723 214 965 250 ARCHIEP.
990 214 1138 251 AUCT.
1164 214 1458 253 LAMPERTO.
1611 219 1677 254 321

171 335 328 391 equias
360 335 630 379 solemniter
662 337 1003 389 exhibuissent;
1037 338 1289 393 plurimum
1311 340 1470 380 tamen
1502 339 1679 381 meritis
1694 345 1774 380 755.

170 409 327 438 eorum
360 396 485 451 apud
517 398 730 439 sanctum
762 397 1058 439 Bonifacium
1091 411 1370 449 accrescere,
1410 398 1449 439 si
1481 402 1674 453 corpusa

169 454 268 497 eius
309 467 426 510 equo
466 449 639 498 animo*
662 458 936 511 paterentur
981 456 1030 497 in
1072 457 1404 499 monasterium
1446 457 1679 500 Fuldense

169 513 354 566 deferri,
387 515 511 569 quod
533 515 778 570 negocium
809 515 891 558 ille
923 515 1012 558 sibi
1038 515 1123 558 sub
1147 517 1454 559 attestacione
1480 518 1679 558 nominis

138 573 315 615 adivini
345 574 635 617 iniunxisset.
699 575 826 618 Bene
859 589 964 618 cum
997 575 1062 618 eis
1095 589 1148 617 ac
1181 589 1321 631 supra
1362 590 1489 631 spem
1522 577 1678 618 huma-

168 647 276 675 nam
306 633 511 676 feliciter
541 636 725 690 gestum
758 648 868 686 esse,
903 635 1070 689 quibus
1103 648 1221 690 pene
1253 637 1353 677 tota
1381 638 1533 678 castra
1564 636 1678 677 mili-

168 692 267 736 ciae
298 693 389 735 Dei
419 693 469 735 in
501 694 692 749 predam
725 695 981 737 cessissent.
1041 694 1264 736 Sanctum
1297 695 1606 746 Bonifacium,
1641 696 1679 737 si

168 754 331 794 contra
362 753 600 796 decretum
642 754 785 795 animi
818 755 916 796 eius
953 756 1113 796 tenere
1145 750 1348 796 vellentb
1388 769 1511 806 eum,
1556 756 1671 797 hocc

168 825 261 854 non
307 812 356 853 in
402 813 601 868 gratiam
643 813 834 863 referre,
885 814 965 856 sed
1005 814 1056 854 in
1097 814 1447 864 contumeliam,
1497 815 1678 869 gravari

123 886 155 911 ιο
168 871 315 926 magis
355 871 563 914 violenta
603 873 853 915 devocione
901 887 1039 927 quam
1083 873 1322 915 oblectari.
1396 874 1484 915 His
1525 875 1677 916 verbis

168 931 375 974 cecidere
422 931 717 987 popularium
765 932 920 974 animi.
984 933 1062 974 Ira
1108 933 1158 973 in
1204 933 1410 975 favorem
1458 935 1528 975 est
1576 947 1677 975 con-

167 1003 311 1032 versa.
376 990 452 1032 Ita
494 992 674 1033 cunctis
715 992 1030 1034 annuentibus
1073 994 1120 1034 et
1161 992 1356 1046 singulis
1397 1006 1480 1047 pro
1521 990 1672 1034 virilid

167 1051 299 1104 parte
331 1050 539 1092 officium
571 1051 750 1093 funeris
782 1051 1124 1101 adiuvantibus,
1168 1052 1414 1106 magnifico
1448 1055 1677 1107 appa-ratu

167 1108 403 1151 celebrata
434 1111 504 1152 est
536 1111 654 1152 sacri
687 1111 889 1166 corporis
919 1111 1166 1153 translatio
1184 1111 1210 1152 ¹.
1268 1111 1366 1153 Nec
1397 1114 1556 1154 tamen
1588 1112 1676 1154 hoc

121 1183 153 1208 15
166 1169 303 1210 modo
350 1169 499 1211 omnis
545 1170 683 1212 rebus
728 1170 984 1212 difficultas
1032 1171 1296 1225 ademptae,
1346 1173 1448 1213 tota
1495 1172 1677 1226 negocii

166 1227 390 1283 asperitas
423 1229 720 1284 complanata
752 1231 822 1272 est
836 1231 865 1270 2.
918 1230 1039 1271 Nam
1071 1230 1154 1272 ubi
1175 1232 1367 1272 ventum
1395 1233 1466 1273 est
1487 1230 1676 1285 Mogon-

164 1287 293 1338 tiam,
325 1289 429 1329 tum
460 1302 568 1330 vero
600 1290 728 1330 totus
761 1303 865 1331 cum
897 1289 1070 1344 populo
1104 1289 1253 1331 clerus
1286 1290 1469 1332 obviam
1502 1291 1676 1332 effusus

164 1345 265 1388 iure
306 1347 517 1402 gentium
558 1348 728 1403 agebat
770 1349 894 1404 apud
932 1349 1217 1404 episcopum,
1262 1345 1425 1390 suumf
1461 1349 1676 1404 inquiens

164 1406 321 1448 huncg
360 1407 505 1450 fuisse
551 1408 839 1463 pontificem,
889 1408 977 1450 sibi
1024 1409 1316 1464 potissimum
1364 1409 1675 1451 hereditatem

116 1465 377 1508 zodefuncti
417 1467 563 1522 patris
608 1469 707 1509 tam
747 1468 847 1510 iure
889 1468 1007 1510 caeli
1048 1482 1186 1522 quam
1227 1468 1327 1510 iure
1368 1468 1460 1510 fori
1502 1468 1673 1519 deberi,

164 1538 248 1567 nec
281 1526 387 1580 equi
427 1540 513 1568 nec
545 1526 655 1569 boni
696 1523 974 1570 memoremh
1012 1541 1116 1569 eum
1149 1541 1268 1585 esse,
1313 1528 1352 1569 si
1384 1530 1546 1570 contra
1578 1542 1673 1570 sen-

162 1584 292 1635 tiret,
336 1587 579 1640 presertim
613 1600 717 1628 cum
759 1587 819 1628 ad
851 1601 956 1628 eum
998 1589 1163 1641 utpote
1202 1587 1462 1629 antistitem
1505 1588 1675 1642 specia-

163 1643 272 1686 liter
303 1646 351 1686 et
389 1641 560 1699 gloria*
603 1648 651 1687 et
684 1642 953 1687 calamitask
989 1646 1383 1701 Mogontiacensis
1422 1646 1672 1688 aecclesiae

163 1705 408 1758 spectaret.
462 1704 536 1746 Ad
557 1704 790 1755 ultimum,
825 1705 863 1746 si
895 1719 988 1746 non
1019 1705 1069 1746 in
1091 1706 1211 1747 hanc
1241 1705 1520 1747 sententiam
1548 1706 1672 1747 ultro

114 1778 149 1804 2⁵
163 1762 450 1814 concederet,
494 1763 633 1805 malle
675 1777 722 1806 se
754 1763 929 1806 viribus
970 1764 1042 1805 uti
1083 1766 1130 1806 et
1172 1766 1378 1806 extrema
1415 1764 1571 1806 omnia
1603 1779 1673 1806 ex—

162 1821 321 1876 periri,
371 1836 508 1877 quam
556 1824 690 1865 tanto
731 1822 853 1866 bono
897 1819 1251 1866 fraudarentur¹
1266 1855 1276 1863 .
1339 1823 1487 1865 Tum3
1528 1824 1672 1866 archi-

161 1881 404 1936 episcopus
437 1882 518 1923 diu
556 1882 848 1937 multumque
888 1885 1082 1925 conatus
1121 1882 1490 1925 tumultuantem
1531 1897 1672 1938 popu-

161 1939 258 1981 lum
289 1940 340 1981 in
371 1941 570 1996 gratiam
602 1942 836 1992 reducere,
870 1942 953 1984 ubi
984 1955 1080 1984 rem
1092 1945 1123 1965 ¹¹¹
1155 1942 1274 1984 vidit
1305 1942 1486 1984 tardius
1518 1956 1671 1998 proce-

161 1999 282 2050 dere,
317 2000 538 2042 confusus
570 2001 831 2056 animiquen
858 2001 1077 2052 incertus,
1111 2002 1224 2056 quid
1256 2001 1438 2044 consilii
1470 2004 1670 2057 caperet,

112 2129 147 2154 30
159 2125 189 2156 a)
208 2133 286 2158 equo
304 2133 353 2154 an.
372 2133 397 2154 e.
414 2127 478 2152 eius
496 2128 540 2156 2⁸.
630 2128 660 2159 b)
680 2128 742 2154 eius
761 2135 811 2156 an.
830 2131 968 2155 tenerent
986 2130 1029 2158 2³.
1120 2130 1147 2160 c)
1166 2137 1227 2155 non
1247 2129 1302 2154 hoc
1321 2128 1367 2162 2¹³,
1388 2130 1437 2155 ubi
1456 2130 1512 2156 hoc
1530 2137 1673 2163 wperscr,

160 2161 191 2193 d)
219 2165 304 2193 parte
332 2162 415 2188 virili
444 2170 519 2191 corr.
548 2170 575 2191 v.
602 2171 629 2196 p.
658 2164 763 2189 litteris
786 2172 814 2192 a.
834 2164 852 2190 b
880 2166 1095 2199 superscriptis,
1123 2166 1173 2190 sed
1201 2166 1295 2190 erasis
1323 2167 1355 2199 13
1386 2173 1412 2193 v.
1442 2173 1470 2197 p.
1491 2166 1566 2194 1⁸·b.
1592 2167 1673 2194 2⁸·b.

158 2198 187 2228 e)
205 2195 316 2230 adepta
335 2198 379 2226 2⁸.
470 2198 494 2231 f)
513 2206 570 2227 om.
589 2198 668 2228 1¹·b.
752 2199 784 2233 g)
804 2200 823 2228 f.
843 2200 872 2228 h.
891 2199 936 2228 2¹³.
1021 2200 1052 2234 h)
1072 2208 1140 2227 eum
1159 2208 1244 2228 mem.
1266 2201 1307 2229 2⁸.
1388 2201 1410 2232 i)
1429 2202 1459 2226 in
1479 2202 1538 2227 loco
1557 2210 1627 2227 raso
1647 2203 1672 2231 1.

159 2232 190 2265 k)
211 2234 334 2259 caminus
353 2241 430 2261 corr.
450 2235 603 2260 calamitas
623 2236 648 2263 1.
667 2249 703 2254 —
722 2237 933 2267 mogontiensis
953 2235 997 2264 2¹³.
1064 2236 1085 2269 l)
1105 2235 1182 2264 trad.
1203 2237 1229 2265 h.
1245 2237 1264 2264 l.
1284 2239 1309 2262 et
1327 2237 1413 2262 semel
1433 2237 1515 2267 infra
1536 2239 1561 2269 l,
1583 2245 1671 2262 mmm

158 2276 181 2294 3.
195 2268 259 2296 XV.
275 2269 388 2294 demum
402 2276 479 2298 corr.
493 2269 600 2302 fraud„
621 2274 647 2296 et
666 2272 708 2296 ita
728 2270 805 2299 1⁸·b.
818 2270 896 2300 2¹⁸1).
954 2274 995 2303 m)
1014 2280 1043 2300 v.
1056 2280 1118 2298 rem
1138 2272 1182 2300 2¹),
1241 2272 1271 2305 n)
1291 2273 1538 2304 incertusque
1558 2273 1668 2298 animi

111 2307 146 2333 35
158 2302 237 2336 2.·13,
260 2307 290 2329 ut
309 2305 413 2338 Lamp.
432 2305 463 2330 t'n
482 2306 643 2338 exemplari
661 2307 678 2332 2
697 2307 859 2332 correxisse
876 2307 998 2335 videtur,

159 2401 194 2442 1)
219 2399 317 2434 Haec
341 2402 474 2444 omnia,
510 2411 601 2444 quae
630 2401 787 2436 Traiecti
819 2406 899 2435 acta
932 2412 1003 2435 esse
1036 2406 1182 2443 narrat,
1219 2402 1346 2446 Lamp.
1373 2407 1585 2436 commentus
1610 2407 1670 2444 est,

157 2450 196 2478 ut
227 2447 331 2480 Lulli
361 2448 519 2490 ylariam
553 2453 708 2491 auyeret.
764 2449 897 2484 Willib.
933 2453 963 2482 et
991 2449 1118 2484 Othloh
1153 2449 1312 2483 scribunt
1347 2460 1523 2492 campana
1554 2450 1670 2484 subito

156 2498 316 2538 sonante,
343 2494 447 2538 Eiqil
469 2496 509 2528 in
533 2496 616 2530 Vita
632 2495 775 2530 Sturmi
797 2507 825 2532 c.
845 2499 901 2540 15,
930 2497 995 2532 SS.
1014 2496 1067 2538 II,
1088 2508 1130 2540 p.
1147 2499 1230 2538 37⁶2,
1256 2496 1329 2530 alio
1355 2497 1531 2530 miraculo
1554 2507 1670 2541 popu-

160 2540 235 2574 lum
258 2541 515 2576 Traiectensem
540 2548 746 2577 commotum
771 2554 853 2586 esse,
878 2548 918 2576 ut
944 2555 1089 2577 sacrum
1105 2544 1294 2586 deportari
1316 2554 1446 2587 corpus
1461 2545 1667 2579 concederet.

110 2590 195 2629 402)
220 2587 411 2631 Sequentia
435 2589 546 2623 huius
569 2591 699 2633 capitis
723 2595 755 2624 et
778 2602 856 2634 cap.
877 2593 932 2627 12.
959 2601 1003 2624 ecc
1022 2590 1184 2631 othlono,
1210 2592 1275 2633 qui
1298 2601 1335 2624 eo
1362 2591 1433 2624 loco
1451 2593 1669 2633 praesertim

159 2635 366 2668 PaSSiOMm
389 2635 426 2671 S.
454 2636 581 2678 Bom’f.
605 2647 632 2672 c.
653 2639 709 2673 12.
739 2642 875 2672 secutus
901 2642 962 2681 est,
997 2642 1028 2671 et
1060 2638 1142 2671 Vita
1167 2638 1311 2671 Sturmi
1334 2649 1360 2672 c.
1382 2639 1436 2674 15.
1463 2640 1667 2681 composuit,

157 2691 223 2715 suo
247 2692 344 2716 moro
368 2682 469 2716 modo
493 2684 733 2727 amplificans,
759 2686 862 2718 modo
887 2690 1034 2719 mutans
1058 2695 1149 2728 quae
1174 2685 1314 2727 legerat.
1436 2687 1473 2728 3)
1500 2684 1595 2719 Tum
1622 2705 1666 2711 —

158 2727 313 2772 putabat
337 2733 462 2763 auotm·
485 2731 646 2774 scripsit,
679 2733 766 2775 quia
794 2732 922 2766 Othloh
947 2731 1071 2774 (Jaffef
1099 2743 1135 2775 p.
1161 2733 1249 2773 504)
1275 2732 1408 2773 refert:
1443 2730 1488 2766 In
1523 2734 1667 2767 tantum

159 2779 282 2810 autem
319 2775 548 2820 quorundam
586 2777 677 2812 illud
715 2778 977 2813 affirmantium
1015 2778 1219 2822 praevaluit
1256 2781 1457 2822 certamen,
1496 2782 1536 2813 ut
1573 2791 1667 2824 pene

110 2833 146 2859 45
159 2834 286 2857 eorum
318 2822 468 2858 consilio
503 2827 648 2858 sanetus
682 2824 811 2860 Lullus
845 2825 1086 2868 conse11tiret;
1126 2825 1229 2868 Eiyil
1261 2837 1340 2860 vero
1374 2827 1487 2860 tradit
1517 2827 1665 2861 Lullum

154 2871 345 2915 prohibere
369 2871 530 2912 voluisse,
555 2873 747 2915 quominus
770 2883 899 2916 corpus
925 2873 1082 2906 Famam
1108 2873 1385 2914 transferretur.

1331 2946 1375 2980 21
