1968 3164
339 271 385 305 90
704 269 972 306 LAMPERTI
987 266 1248 308 ANNALES.
1298 273 1345 309 A.
1374 275 1477 310 1063.

221 393 466 430 1065.ruma
511 405 649 432 unam
682 391 731 432 in
752 388 1088 434 Kenbetenb·1.
1142 394 1295 448 Igitur
1320 394 1577 438 Premensis
1615 397 1835 453 archiepi-

338 462 514 503 scopus,
555 452 607 491 ut
639 452 786 492 totam
819 451 1040 493 tirannidi
1073 466 1180 494 sua-e
1212 456 1451 496 vacantem
1486 455 1700 498 redderet
1731 454 1835 499 Cor·

339 508 594 550 beienseme
643 510 898 559 abbatiam,
947 511 1188 552 ridiculam
1237 516 1575 555 commentatur
1611 515 1832 558 fabulam.

338 567 660 609 Disseminatis
692 583 773 623 per
805 566 997 610 curtim‘¹
1026 571 1198 625 regiam
1221 572 1480 614 rumoribus
1503 573 1714 628 divulgat
1745 574 1834 630 epi-

337 640 524 680 scopum
545 627 746 668 civitatis
769 629 1004 670 cuiusdam
1028 629 1394 684 Tra11salpinae2,
1425 632 1499 673 cui
1527 632 1639 674 Pole
1666 647 1864 676 nomenis

337 687 427 735 est,
471 686 683 727 humanis
724 687 860 728 rebus
893 688 1149 730 excessisse.
1218 689 1341 731 Huic
1377 704 1695 742 successorem,
1738 705 1834 747 per-

337 757 469 785 suaso
510 759 639 799 rege,
683 746 902 800 subrogat
944 747 1157 789 abbatem
1192 747 1513 791 Corbeiensem
1527 750 1555 800 3,
1597 751 1832 806 iubetque,

336 805 388 843 ut
412 804 682 845 destitutam
706 807 882 846 rectore
915 806 1183 848 aecclesiam
1217 808 1490 860 quantocius
1517 811 1592 850 eat
1623 809 1832 852 invisere.

336 861 506 904 Verum
549 863 670 905 inter
702 877 871 912 moras,
916 865 1080 918 quibus
1122 865 1200 907 ille
1233 866 1388 908 itineri
1420 868 1677 910 necessaria
1707 882 1834 923 para·

335 921 436 970 bat,
481 922 590 962 dum
632 922 817 975 quidam
861 923 916 964 de
959 923 1100 965 Italia
1142 925 1377 966 venientes
1419 926 1706 981 episcopum,
1754 928 1882 982 quim

335 983 542 1021 mortuus
566 981 717 1022 dictus
749 982 915 1031 fuerat,
949 983 1102 1023 vivum
1136 986 1182 1025 et
1213 984 1490 1026 incolumem
1522 986 1832 1039 nunciassent,

334 1039 523 1081 irridere
565 1054 721 1081 omnes
763 1044 809 1082 et
842 1041 1062 1083 detestari
1099 1042 1309 1084 fraudem
1343 1044 1676 1100 archiepiscopi
1708 1059 1832 1100 cepe-

334 1100 488 1138 runte.
557 1098 671 1139 Tum
721 1098 833 1141 Otto
886 1100 978 1140 dux
1026 1101 1341 1143 Baioariorum
1389 1103 1447 1144 ad
1493 1103 1832 1158 prohibendum

334 1159 517 1198 tantum
550 1158 680 1199 nefas
707 1159 862 1200 divino
895 1160 1060 1213 spiritu
1093 1161 1323 1202 animatus
1338 1162 1364 1211 ⁴,
1399 1162 1558 1204 multis
1590 1163 1832 1206 conatibus

335 1216 688 1270 circumquaque
721 1217 967 1271 explicitis,
1008 1219 1082 1259 vix
1125 1222 1171 1260 et
1203 1233 1337 1273 aegre
1379 1221 1601 1271 obtinuit,
1641 1225 1694 1263 ut
1735 1224 1880 1264 tamir»

334 1275 491 1316 abbati
544 1289 679 1329 quam
733 1278 1010 1318 monasterio
1058 1277 1322 1320 Corbeiensi
1375 1293 1484 1320 suus
1536 1280 1694 1331 honor,
1749 1295 1830 1323 sua

334 1334 536 1387 dignitas
578 1334 820 1376 incolumis
861 1339 1131 1378 servaretur.
1195 1337 1336 1379 Porro
1379 1352 1482 1379 cum
1523 1339 1571 1380 in
1608 1342 1830 1382 monaste-

332 1393 450 1433 rium
478 1393 708 1435 Laurense
741 1394 965 1436 satellites
997 1396 1328 1450 archiepiscopi
1350 1397 1582 1439 venissent
1614 1399 1831 1440 nuncian-

333 1453 414 1501 tes,
459 1453 580 1505 quod
622 1453 748 1506 regia
781 1454 1028 1495 donatione
1061 1454 1188 1496 locus
1220 1455 1316 1509 ipse
1353 1456 1402 1496 in
1433 1456 1504 1498 ius
1538 1459 1830 1511 potestatem-

333 1524 419 1564 que
452 1511 783 1565 archiepiscopi
817 1513 1125 1558 concessisset,
1160 1514 1474 1568 iuberentque,
1508 1518 1561 1556 ut
1587 1517 1756 1558 abbas⁵
1787 1517 1879 1560 eino

333 1570 586 1611 constituto
619 1570 718 1612 loco
751 1585 843 1612 non
876 1572 1175 1625 pigritaretur
1207 1587 1464 1623 occurrere,
1507 1576 1667 1616 tantus
1699 1575 1831 1619 dolor

333 1631 378 1670 et
411 1629 669 1682 indignatio
702 1643 858 1671 omnes
890 1631 1079 1680 invasit,
1123 1634 1176 1672 ut
1212 1646 1296 1674 nec
1330 1633 1540 1674 manibus
1571 1634 1620 1674 in
1651 1633 1829 1689 legatos

331 1687 452 1741 ipsos
475 1690 820 1742 temperassent,
855 1689 942 1730 nisi
964 1690 1035 1730 ius
1057 1690 1264 1744 gentium
1289 1691 1392 1745 plus
1415 1706 1550 1746 quam
1576 1693 1646 1734 ira
1666 1693 1829 1736 valuis-

332 1749 414 1788 set,
488 1746 829 1790 Contumeliose
882 1749 1052 1799 auditi,
1102 1750 1478 1792 contumeliosius
1525 1751 1673 1793 multo
1720 1754 1828 1794 sunt

331 1805 521 1847 dimissi.
574 1805 708 1857 Quod
734 1810 976 1861 postquam
1008 1809 1106 1862 regi
1137 1809 1407 1850 nunciatum
1430 1812 1512 1860 est,
1546 1811 1694 1852 missis
1725 1811 1876 1854 aliis„

331 1865 511 1906 nunciis
542 1865 676 1906 iussit
708 1866 866 1907 abbati
899 1867 982 1907 sub
1004 1867 1381 1910 interminatione
1414 1869 1576 1910 salutis
1602 1869 1826 1924 propriae,

331 1925 383 1964 ut
407 1923 593 1964 abbatia
626 1938 671 1965 se
695 1925 931 1966 abdicaret
952 1926 1240 1980 festinusque
1273 1928 1549 1970 monasterio
1572 1929 1826 1971 excederet.

331 1982 432 2031 Ille,
468 1985 714 2036 comperta,
753 1984 1018 2037 priusquam
1050 1985 1194 2039 legati
1226 1982 1541 2036 advenirentf,
1578 1987 1700 2041 regis
1731 2001 1826 2030 sen-

331 2041 500 2087 tentia,
545 2041 741 2095 benigne
784 2056 859 2083 eos
901 2043 1070 2097 suscipi
1111 2044 1244 2085 iussit
1277 2047 1414 2099 atque
1446 2045 1495 2086 in
1527 2046 1648 2088 diem
1680 2048 1826 2101 poste-

329 2113 431 2139 rum
465 2113 620 2140 eorum
654 2114 769 2153 quae
801 2101 849 2141 in
882 2102 1110 2143 mandatis
1143 2103 1378 2144 habebant
1419 2105 1703 2146 audientiam
1740 2105 1874 2149 dis-ao

330 2158 454 2198 tulit.
517 2158 665 2199 Nocte
713 2160 870 2213 paucis
918 2160 1005 2200 sibi
1052 2161 1272 2202 abhibitis
1313 2162 1420 2204 inde
1468 2163 1727 2214 discedens,
1774 2163 1825 2205 in

329 2216 430 2258 loco
462 2217 706 2267 tutissima,
741 2218 951 2259 omnibus
984 2221 1137 2272 preter
1169 2220 1415 2261 admodum
1447 2235 1616 2274 paucos
1648 2222 1824 2276 ignora-

329 2278 450 2325 tusg,
486 2289 532 2317 se
563 2276 759 2330 recepit,
803 2291 906 2318 cum
939 2279 986 2318 et
1017 2278 1143 2331 prius
1176 2292 1331 2320 omnes
1364 2279 1610 2322 aecclesiae
1642 2281 1823 2322 thesau-

328 2348 402 2376 ros
435 2334 645 2376 clanculo
687 2331 978 2389 exportatos¹¹
1023 2337 1072 2376 in
1112 2338 1267 2377 tutum
1300 2337 1508 2380 locasset.
1571 2339 1648 2380 Ita
1678 2339 1823 2394 legati

329 2437 358 2470 a)
378 2436 562 2462 Suueuorum
582 2437 661 2463 Bib.
714 2437 744 2470 b)
764 2438 930 2463 Kenbetten
950 2439 1009 2463 B2.
1066 2438 1093 2471 c.)
1113 2440 1204 2465 (θοι-1).
1219 2440 1247 2464 Ιι,
1260 2441 1279 2465 I.
1295 2439 1372 2465 ΒΗ).
1430 2440 1461 2472 (1)
1480 2444 1593 2467 curtem
1612 2443 1672 2468 132.
1729 2441 1756 2476 e)
1775 2449 1821 2469 oe-
1834 2441 1870 2468 85

329 2480 399 2504 pere
413 2473 470 2497 132.
523 2473 545 2502 f)
564 2473 698 2498 venirent
711 2480 789 2498 corr.
804 2474 911 2499 adven.
925 2473 1002 2508 131¹).
1055 2478 1085 2506 g)
1105 2475 1206 2506 paucis
1220 2475 1386 2508 incognitus
1400 2477 1459 2501 ΒΞ.
1517 2477 1547 2509 h)
1561 2476 1732 2509 deportatos
1743 2477 1821 2504 131¹».

332 2556 364 2598 1)
387 2555 517 2588 Eodem
542 2566 636 2588 amco
658 2556 762 2589 datae
786 2561 868 2589 sunt
891 2557 1082 2590 Einhardo
1106 2558 1262 2601 episcopo
1287 2559 1451 2601 Spirensi
1473 2560 1636 2594 abbatiae
1652 2559 1821 2593 Limbur-

328 2605 445 2645 yemis
469 2607 499 2636 et
523 2603 559 2637 S.
584 2603 767 2636 Lambern'
787 2604 844 2637 die
867 2604 960 2646 Auq.
986 2605 1032 2639 :30
1055 2604 1124 2645 (St.
1150 2606 1254 2639 2680.
1279 2606 1407 2648 2651),
1435 2607 1824 2640 AltwinoBrioeinensi

329 2650 472 2682 abbatia
491 2650 727 2692 Pollinyensis
749 2651 805 2684 die
821 2650 902 2686 Iun.
923 2652 964 2685 11
984 2651 1051 2691 (St.
1070 2652 1192 2693 2671),
1219 2651 1444 2685 Ellenlwrdo
1461 2654 1692 2696 Frisinyensi
1712 2653 1821 2687 Bem-

328 2697 561 2729 cle‘ctoburcena
587 2698 681 2740 Aug).
702 2699 746 2732 18
769 2698 837 2739 (St.
861 2699 984 2740 2679),
1010 2698 1183 2731 Rmnoldo
1209 2699 1470 2733 Constantiensc'
1491 2701 1635 2734 abbatia
1652 2700 1868 2739 Rhenum-40

327 2745 469 2785 ye'ensis,
499 2745 618 2786 Meyer
635 2756 664 2779 v.
683 2745 838 2778 Knonau
856 2745 888 2786 I,
909 2757 945 2788 p.
959 2747 1041 2780 468.
1130 2746 1166 2787 2)
1190 2745 1496 2789 Meyinqaudium,
1522 2751 1561 2780 ut
1583 2748 1732 2789 videtur,
1757 2748 1822 2790 qui

329 2791 482 2822 occurrit
503 2793 539 2823 e'n
558 2791 683 2824 charta
709 2802 741 2826 a.
763 2793 852 2827 1061
871 2792 983 2833 (wod.
1002 2792 1087 2834 dipl.
1107 2792 1307 2835 Istresscmo’).
1347 2794 1433 2826 Iure
1448 2794 1532 2827 haec
1547 2795 1677 2836 refellit
1693 2794 1818 2837 Demo,

329 2837 461 2872 vesola.
489 2838 521 2872 d.
548 2838 658 2872 Erzb.
685 2838 1064 2881 Hambury-Bremen’
1090 2839 1121 2879 J,
1150 2839 1248 2874 Anu.
1267 2851 1305 2882 p.
1332 2842 1389 2875 43.
1507 2842 1543 2885 3)
1569 2841 1818 2876 Sarachonem.

327 2884 364 2926 4)
387 2884 499 2918 Immo
532 2886 715 2919 animatus
747 2887 864 2928 officio
893 2890 925 2919 et
957 2886 1130 2919 commodo
1164 2896 1242 2928 suo,
1279 2898 1357 2920 cum
1390 2889 1579 2922 advocatus
1612 2889 1820 2922 monasteris·

330 2931 545 2964 corbeiensis
569 2937 674 2972 esset‚-
708 2933 752 2974 cf.
779 2933 946 2975 Mehmel,
979 2933 1071 2966 ‘Otto
1097 2943 1157 2966 von
1183 2933 1394 2967 Not-dheim'
1418 2935 1529 2975 (Gau.
1557 2936 1667 2974 1870)
1688 2946 1724 2978 p.
1751 2936 1864 2975 28,·4⁶

328 2977 508 3011 Delbre'icle
529 2990 565 3021 p.
586 2980 650 3018 17,·
676 2979 796 3022 Meyer
822 2991 848 3014 v.
875 2980 1031 3013 Kuomzu
1057 2979 1087 3022 I,
1110 2991 1147 3023 p.
1170 2981 1240 3015 479
1257 2991 1328 3023 sqq.
1441 2982 1478 3025 5)
1507 2982 1707 3016 Uda-Irieus.
