2014 3184
529 197 800 257 LAQLPERTI
824 199 1079 238 ANNALES.
1130 202 1176 238 A.
1205 204 1309 239 1076.
1611 207 1680 242 261

168 319 452 363 tenebantur
474 320 710 364 deditione
743 321 1018 374 absolverat,
1052 324 1347 380 inopinatum
1370 327 1550 368 cunctis
1573 342 1679 382 gau·
1696 328 1800 364 1076.

170 379 300 422 dium
331 379 638 435 prestiterunt
670 383 809 436 atque
832 396 1027 434 omnem,
1063 384 1101 425 si
1124 385 1225 438 quis
1258 386 1412 428 adhuc
1445 387 1680 429 mentibus
1692 375 1812 407 (ΝΜ)

168 439 416 491 resederat,
459 440 728 496 scrupulum
771 441 1057 484 ademerunt.
1121 443 1270 486 Tanta
1308 445 1535 500 siquidem
1568 449 1680 488 tam-

168 512 258 554 que
303 498 546 554 inopinata
592 513 746 542 rerum
793 502 1075 556 prosperitas
1123 504 1311 546 evidens
1353 506 1533 548 cunctis
1581 509 1680 548 erat

135 558 500 601 sdocumentum
541 560 832 615 respicientis
873 575 950 604 eos
983 563 1325 606 misericordiae
1358 564 1461 607 Dei.
1526 565 1681 621 Igitur
1694 562 1727 592 ‘f
1726 580 1732 587 ·
1745 562 1793 623 ἔξ
1806 563 1851 624 {ss
1863 562 1906 589 ¹⁶·

168 619 348 660 armata
378 618 622 662 iuventute
650 619 898 662 Saxoniam
924 625 1237 678 peragrantes,
1273 624 1477 675 castella,
1513 626 1680 679 quibus
1784 617 1792 630 '

167 691 249 721 rex
289 678 543 733 presidium
583 679 880 734 imposuerat,
925 681 1017 723 alia
1059 682 1308 734 deditione,
1353 684 1446 726 alia
1487 685 1679 727 militari

168 751 334 788 manu,
378 738 507 780 brevi
548 739 703 781 omnia
743 743 1040 795 receperunt;
1091 756 1168 784 eos
1210 743 1289 797 qui
1335 743 1491 785 intusa
1531 747 1675 795 erant,

169 797 363 852 direptis
404 797 575 852 spoliis,
619 795 901 842 incolumesb
946 801 1234 853 dimiserunt,
1279 806 1471 858 accepto
1513 803 1571 846 ab
1614 805 1678 846 eis

120 874 154 898 ιο
169 859 470 908 sacramento,
520 859 643 912 quod
690 858 886 901 ulterius
927 860 978 901 in
1019 860 1267 903 Saxoniam
1308 863 1544 906 hostiliter
1585 879 1678 906 non

166 916 392 959 venirent.
470 917 657 959 Amicos
704 918 838 973 regis,
888 923 1072 962 omnese
1126 923 1350 976 preterea,
1400 923 1677 990 quicumque

168 976 489 1018 communibus
521 977 726 1032 negociis
758 992 945 1033 operam
983 993 1112 1021 suam
1146 981 1371 1035 spondere
1403 982 1674 1034 noluissent,

167 1035 403 1090 dissipatis
435 1036 649 1078 omnibus
682 1051 799 1092 quae
838 1038 1087 1091 habebant,
1131 1041 1293 1095 procul
1326 1041 1524 1083 Saxonia
1566 1043 1676 1084 effu-

166 1095 388 1150 garunt¹;
423 1098 470 1138 et
503 1096 681 1138 directa
712 1099 782 1139 est
815 1098 939 1140 salus
970 1098 1020 1140 in
1051 1100 1266 1142 manibus
1299 1098 1485 1143 eorum(1
1521 1102 1579 1144 ad
1611 1116 1903 1150 re-1.Mach.3,6.

118 1172 152 1197 15
167 1155 511 1210 cuperationem
546 1155 778 1198 libertatis
809 1157 1048 1212 pristinae.

310 1214 446 1256 Solus
467 1215 621 1258 adhuc
640 1215 752 1258 Otto
776 1217 869 1258 dux
891 1218 1124 1271 quondam
1147 1219 1389 1262 Baioariae
1410 1221 1460 1262 in
1483 1221 1675 1264 castello

165 1273 460 1329 Hartesburg
506 1275 753 1318 residebat.
817 1276 942 1319 Huic
987 1291 1066 1320 rex
1114 1292 1196 1333 per
1236 1281 1386 1321 totam
1428 1280 1675 1322 Saxoniam

163 1333 287 1376 vices
328 1347 433 1375 suas
475 1336 522 1376 et
563 1335 855 1389 publicarum
896 1350 1050 1379 rerum
1087 1339 1463 1393 procurationem
1496 1340 1674 1395 delega-

162 1394 295 1435 verat
308 1393 335 1444 2,
371 1394 481 1436 dato
513 1394 702 1450 insuper
733 1396 939 1450 negocio,
982 1399 1036 1438 ut
1070 1398 1314 1440 castellum
1346 1399 1666 1454 Hartesburge

110 1465 150 1490 20
164 1454 212 1494 et
243 1452 372 1495 aliud
412 1453 462 1494 in
494 1456 651 1496 monte
693 1455 772 1509 qui
805 1455 977 1498 dicitur
1009 1457 1241 1512 Lapideus
1256 1458 1283 1509 ³³,
1328 1459 1406 1513 qui
1439 1460 1673 1514 proximus

164 1510 402 1555 Goslariae
449 1513 674 1565 imminet,
725 1529 903 1557 summa
950 1530 1036 1571 ope
1080 1519 1360 1560 extrueretg.
1425 1519 1500 1560 Ad
1549 1519 1672 1561 hunc

162 1571 341 1627 legatos
374 1573 584 1628 dirigunt
626 1575 913 1626 mandantes,
960 1578 1013 1617 ut
1055 1577 1238 1618 omisso·
1262 1591 1412 1632 opere,
1457 1579 1579 1632 quod
1614 1580 1671 1620 ad

162 1632 445 1674 eversionem
492 1633 644 1687 gentis
693 1648 815 1685 suae,
868 1631 1137 1677 immemor¹¹
1190 1637 1382 1691 patriae,
1432 1637 1673 1680 immemor

161 1689 405 1741 libertatis,
440 1688 675 1734 extruerei
718 1707 960 1748 aggressus
993 1695 1066 1745 sit,
1107 1695 1350 1737 consilium
1383 1697 1542 1751 pocius
1575 1711 1670 1752 per-

109 1764 148 1790 25
161 1750 315 1804 quirat
348 1751 406 1792 ad
439 1751 723 1806 ereptionem
757 1753 1032 1808 principum,
1077 1755 1244 1808 quibus
1276 1755 1386 1810 ipse,
1431 1758 1484 1797 ut
1518 1771 1564 1798 se
1599 1757 1670 1799 de-

161 1809 337 1860 derent,
370 1811 803 1853 vehementissimus
836 1815 998 1855 auctor
1029 1810 1225 1865 fueritk;
1260 1815 1352 1856 iam
1375 1816 1551 1857 dudum
1579 1817 1670 1871 opi-

159 1868 345 1911 nionem
391 1870 631 1912 indubiam
680 1871 933 1913 multorum
981 1873 1214 1915 mentibus
1261 1874 1496 1925 insedisse,
1546 1877 1669 1930 quod

158 1928 332 1971 idcirco
358 1930 643 1972 deditionem
677 1932 870 1974 caeteris
903 1934 1147 1988 tantopere
1181 1935 1389 1984 suaserit,
1424 1936 1478 1976 ut
1510 1949 1668 1976 eorum

160 1988 383 2043 sanguine
431 1989 551 2044 regis
599 1990 686 2032 sibi
734 1991 938 2032 animum
987 1989 1277 2048 deplacaret¹
1335 1996 1382 2036 et
1436 1996 1668 2036 communi

108 2063 146 2089 30
160 2047 305 2090 exicio
338 2062 467 2090 suam
499 2049 598 2104 ipse
630 2050 828 2093 salutem
862 2055 1157 2094 mercaretur.
1206 2053 1308 2095 Hoc
1336 2068 1459 2096 nunc
1488 2055 1667 2096 eviden-

158 2106 285 2149 tibus
315 2107 499 2150 indiciis
532 2109 725 2161 elucere,
761 2125 878 2161 cum,
912 2111 1006 2153 illis
1037 2112 1086 2153 in
1118 2112 1307 2154 ultimas
1340 2117 1495 2168 partes
1528 2116 1667 2156 terra·

157 2180 260 2208 rum
292 2167 561 2223 deportatis,
604 2169 701 2224 ipse
743 2171 1018 2225 proditionis
1061 2185 1170 2214 suae
1208 2174 1466 2215 mercedem
1500 2188 1525 2214 a
1558 2187 1665 2228 rege

156 2226 306 2269 tocius
339 2226 564 2271 Saxoniae
597 2229 909 2285 principatum
943 2232 1173 2286 acceperit
1207 2234 1253 2274 et
1285 2233 1439 2287 regiae
1473 2233 1664 2275 crudeli-

156 2286 268 2328 tatis
300 2287 507 2330 carnifex
540 2290 679 2343 atque
712 2290 918 2331 omnium
960 2305 1076 2346 quae
1109 2292 1329 2334 ferociter
1366 2306 1444 2334 rex
1476 2293 1665 2334 medite-

106 2365 143 2391 35
156 2347 234 2387 tur
273 2346 473 2389 ferocior
514 2348 786 2391 administer
827 2350 1008 2392 existat.
1074 2351 1200 2393 Bene
1241 2351 1387 2405 igitur
1427 2352 1580 2394 famae
1619 2354 1665 2394 et

156 2405 322 2448 honori
363 2420 445 2449 suo
488 2407 713 2459 consulat,
758 2409 796 2450 si
827 2411 988 2452 tantae
1021 2410 1242 2453 infamiae
1276 2411 1505 2452 maculam
1539 2411 1664 2453 claro

156 2464 311 2519 aliquo
353 2479 462 2521 erga
503 2468 702 2522 patriam
740 2482 869 2510 suam
903 2469 1126 2512 beneficio
1159 2483 1357 2530 purgare
1391 2473 1585 2512 conetur
1617 2474 1664 2512 et

155 2580 184 2610 a)
204 2579 256 2611 qui
276 2580 441 2608 intererant
459 2583 485 2607 A
498 2583 524 2609 1.
598 2583 629 2615 b)
650 2584 809 2609 inco10mes
829 2585 892 2610 ΒΞ.
963 2592 990 2614 c>
1012 2586 1088 2617 regis
1109 2593 1222 2610 omnes.
1243 2590 1319 2616 pret.
1340 2586 1491 2615 distinqui!
1511 2584 1580 2610 131¹»
1602 2593 1663 2610 vum

156 2615 199 2639 ed.
215 2615 318 2646 priore
332 2624 501 2649 perperam.
576 2618 606 2651 d)
627 2627 684 2645 om.
704 2619 784 2645 Bl¹·.
846 2620 874 2653 e)
894 2621 922 2645 in
943 2621 1028 2645 Hart.
1052 2622 1074 2645 A
1089 2622 1112 2646 l.
1170 2621 1193 2649 s)
1214 2619 1359 2652 liapidens
1383 2621 1406 2645 B
1419 2619 1462 2646 lb.
1519 2627 1549 2651 g)
1570 2624 1662 2646 exstr.

106 2654 143 2679 40
157 2650 218 2675 ΒΖ.
293 2651 323 2682 Ιι)
342 2653 422 2678 imm.
443 2653 557 2685 patriae
578 2662 634 2680 om.
654 2655 718 2681 Bi.
731 2656 764 2685 2,·
789 2656 824 2686 cf.
844 2663 936 2687 supra
952 2664 983 2687 p.
1000 2657 1060 2685 157,
1082 2657 1100 2682 Ι.
1115 2658 1156 2682 22.
1180 2657 1240 2684 170.
1262 2657 1280 2684 Ι,
1294 2658 1320 2686 3,
1342 2657 1422 2686 inse-(1
1439 2665 1470 2688 p.
1485 2656 1546 2687 265,
1568 2658 1587 2684 Ι,
1600 2658 1625 2685 3.
1638 2658 1663 2684 4.

155 2685 217 2717 2159,
238 2686 256 2713 1.
268 2687 292 2714 2.
303 2687 328 2714 3.
402 2687 423 2720 ἰ)
443 2691 597 2716 exstruere
616 2691 694 2716 Bln.
708 2692 733 2717 2.
809 2692 839 2723 k)
861 2693 957 2717 fuerat
978 2699 1053 2716 corr.
1076 2693 1163 2716 fucrit
1186 2692 1246 2716 ΒΞ.
1323 2693 1342 2718 1)
1362 2693 1494 2723 placaret
1514 2693 1592 2717 131⁸.

155 2770 191 2813 1)
216 2769 272 2812 Cf.
299 2770 426 2804 Bruno
451 2782 478 2806 ο.
496 2772 554 2807 84.
652 2774 689 2816 2)
714 2774 769 2815 Cf.
795 2785 910 2817 supra
932 2786 971 2817 p.
990 2776 1072 2809 2251.
1171 2775 1207 2817 3)
1232 2774 1415 2817 Steinberq
1440 2775 1662 2815 (occidentem

153 2821 185 2851 et
220 2817 402 2851 meridiem
436 2829 559 2853 versus
591 2821 636 2853 ab
669 2821 754 2855 urbe
788 2823 907 2861 situs).
961 2821 1013 2855 De
1049 2832 1116 2865 quo
1150 2822 1197 2863 cf.
1233 2822 1281 2858 Io.
1309 2822 1418 2858 Micia.
1445 2823 1661 2863 Heinecciua

154 2864 333 2908 Antiquit.
363 2866 503 2900 Goslar.
530 2867 561 2906 I,
582 2878 622 2910 Ρ.
640 2869 698 2904 93.
741 2869 917 2904 HESSE.
