1968 3164
174 379 277 414 1073.

183 425 280 458 (Dec.)

64 810 88 835 1.
99 808 163 837 Cor.
178 809 221 841 13,
233 810 275 837 11.

80 1935 91 1960 (
95 1932 265 1964 Aua-Dec.)

293 262 361 295 170
659 262 927 299 LAMPERTI
952 265 1204 303 ANNALES.
1255 267 1302 304 A.
1330 270 1432 305 1073.

293 382 413 424 datis
455 384 713 438 utrimquea
752 386 988 429 obsidibus
1021 391 1210 443 propter
1241 390 1434 444 periculi
1467 392 1795 446 suspicionem,

291 442 535 493 venissent,
579 444 772 498 pedibus
814 459 970 487 eorum
1003 448 1272 501 provolutus
1309 450 1580 504 suppliciter
1611 451 1785 502 orabat,

291 504 343 542 ut
376 515 597 544 memores
629 503 740 545 iusti
771 505 936 547 iudicis
968 506 1068 557 Dei,
1114 522 1334 550 memores
1367 511 1653 561 sacramenti,
1697 525 1787 565 quo

291 574 337 602 se
360 561 460 602 Deo
493 563 724 605 mediante
758 564 1052 618 obligassent,
1089 567 1225 608 fidem
1258 568 1346 609 sibi
1377 571 1611 611 servarent
1642 570 1691 611 in
1713 570 1786 612 ad-

290 620 443 661 versis.
508 621 556 662 Si
588 622 697 675 quid
740 624 937 666 antehac
980 626 1258 673 excessisset,
1301 627 1579 669 iuvenilibus
1621 629 1816 671 animis⁵

290 681 335 719 et
369 680 511 720 aetati
542 680 590 720 in
624 681 790 722 vicium
826 697 994 736 pronae
1026 685 1206 726 veniam
1240 686 1450 736 darent¹;
1492 687 1707 742 deinceps
1738 690 1786 731 et

289 738 409 779 malo
433 736 715 780 correctumb
754 743 800 782 et
823 756 1046 784 annorum
1079 758 1326 798 sensusque
1359 747 1627 789 maturitate
1658 747 1786 790 robo-
1943 788 1968 819 ,ἃ

287 799 439 838 ratum
473 812 589 851 quae
627 800 807 853 parvuli
839 801 957 842 sint⁰
998 805 1325 844 evacuaturum
1359 807 1406 846 et
1437 819 1553 858 quae
1584 806 1782 858 virtutis,
1951 818 1968 858 ἐξ·

289 853 427 909 *quae
470 857 672 908 honoris,
721 873 836 912 quae
878 861 1031 914 regiae
1080 862 1339 916 dignitatis,
1390 877 1506 917 quae
1553 866 1914 919 post-‚remmam
1935 858 1968 921 ζ’

287 915 434 956 virum
468 917 674 968 deceant,
714 919 1025 972 cogitaturum
1058 923 1105 962 et
1137 921 1468 975 amplexurum.
1530 920 1634 964 Ad(l
1669 924 1784 967 haec
1798 942 1833 968 ιο
1941 872 1968 1001 ἒ

286 974 357 1014 1111
387 977 724 1029 responderunt
756 978 930 1019 frustra
962 993 1067 1020 eum
1099 994 1126 1020 a
1151 994 1198 1022 se
1228 981 1364 1023 fidem
1387 984 1612 1036 expetere,
1646 997 1784 1038 quam

285 1033 382 1087 ipse
421 1048 504 1076 nec
538 1035 636 1076 Deo
675 1050 877 1090 unquam
916 1052 1000 1080 nec
1040 1039 1216 1080 homini
1257 1041 1555 1094 prestitisset;
1599 1042 1655 1084 de
1693 1057 1783 1098 quo

286 1093 585 1146 ambigerent,
626 1095 674 1135 in
707 1110 817 1149 pace
851 1111 910 1137 an
940 1098 990 1138 in
1022 1098 1156 1147 bello,
1192 1099 1349 1141 amicis
1391 1114 1451 1141 an
1490 1101 1688 1143 inimicis
1718 1102 1784 1143 in-

284 1151 446 1193 festior
468 1154 811 1208 suspectiorque
835 1158 966 1206 esset,
991 1157 1159 1211 quique
1182 1160 1290 1200 ante
1312 1173 1482 1213 paucos
1504 1160 1601 1202 dies
1621 1161 1783 1215 positis

285 1211 372 1251 sibi
413 1211 461 1251 in
494 1212 796 1268 Wireeburg0
837 1217 883 1256 et
922 1216 977 1258 de
1010 1216 1158 1258 salute
1192 1217 1289 1259 eius
1320 1219 1631 1261 tractantibus
1662 1219 1830 1264 elan-15

285 1270 388 1311 culo
416 1272 651 1313 carnifices
673 1275 958 1328 mortemque
981 1279 1281 1329 preparasset.
1331 1277 1411 1318 Sin
1440 1277 1615 1332 aliquid
1646 1279 1782 1322 habe-

282 1331 354 1370 ret
386 1330 636 1372 obtendere
679 1334 760 1373 aut
793 1347 873 1386 per
905 1335 1191 1387 quorundam
1223 1332 1503 1378 factionemf
1538 1337 1668 1379 falsis
1701 1338 1780 1380 cri-

283 1388 483 1430 minibus
511 1403 558 1430 se
587 1390 850 1444 impetitum
880 1394 1077 1446 putaret,
1113 1394 1283 1435 sineret
1305 1394 1575 1437 Udalricum
1598 1397 1654 1438 de
1677 1395 1780 1439 Cos·

282 1447 418 1498 heim,
454 1448 573 1489 sicut
604 1450 836 1503 professus
872 1452 1049 1501 fuisset,
1093 1467 1278 1494 manum
1312 1455 1520 1496 conferre
1561 1469 1666 1496 cum
1696 1456 1779 1499 Re-

283 1506 485 1560 gingero,
520 1510 584 1557 ut,
621 1509 657 1549 si
689 1509 885 1559 vicisset,
921 1524 997 1552 eos
1030 1511 1245 1566 deinceps
1278 1513 1392 1554 fidos
1425 1513 1512 1555 sibi
1543 1514 1778 1557 obnoxios-
1792 1534 1828 1559 20

282 1578 369 1618 que
422 1566 519 1607 sine
572 1568 696 1608 omni
748 1568 1103 1623 inperpetuumg
1159 1572 1523 1615 contradictione
1570 1573 1776 1617 haberet.

281 1623 500 1666 Libenter
531 1639 610 1667 rex
642 1628 843 1682 suscepit
876 1629 1204 1681 condicionem,
1240 1631 1508 1685 statuitque,
1542 1627 1624 1674 ut¹¹
1651 1635 1777 1676 certo

281 1683 354 1724 die
393 1686 497 1737 post
539 1682 770 1726 octavami
820 1687 1094 1742 epiphaniae
1137 1690 1369 1743 congressi
1409 1705 1550 1746 prope
1590 1691 1778 1747 Mogon-

278 1741 393 1782 tiam
433 1743 482 1783 in
522 1744 675 1786 insula
710 1742 896 1787 Rhenik
942 1761 1058 1801 quae
1100 1748 1270 1789 dicitur
1300 1749 1501 1795 Marowa
1537 1751 1776 1806 utriusque

279 1802 423 1854 partis
456 1802 783 1857 allegationem
819 1806 942 1848 iusto
973 1807 1117 1848 iudici
1149 1807 1248 1849 Deo
1281 1805 1639 1851 decernendaml
1681 1824 1830 1865 per-25>

278 1860 530 1902 mitterent.

420 1920 517 1961 Ea2
546 1923 823 1976 tempestate
856 1924 906 1964 hi
930 1925 1009 1978 qui
1033 1925 1082 1965 in
1105 1925 1434 1981 Hartesburg¹¹¹
1466 1929 1597 1969 erant
1628 1928 1776 1971 multa

279 1981 325 2019 et
365 1979 572 2032 preclara
612 1981 825 2022 militaris
864 1984 1083 2025 audaciae
1124 1985 1329 2026 facinora
1366 1986 1592 2028 fecerunt.
1654 1987 1776 2029 Nam

279 2050 577 2090 sepenumero
619 2043 910 2094 erumpentes
953 2043 1116 2096 predas
1157 2044 1206 2084 in
1237 2044 1399 2086 vicinis
1431 2045 1695 2100 regionibus
1727 2049 1774 2089 et

278 2097 452 2149 strages
494 2097 732 2138 hominum
779 2114 872 2140 non
915 2102 1117 2142 modicas
1159 2103 1378 2156 agebant,
1423 2106 1469 2146 et
1509 2105 1824 2160 priusquamzo.

278 2153 478 2196 Saxones
511 2156 569 2196 ad
600 2157 692 2197 vim
726 2159 969 2199 arcendam
1001 2160 1266 2214 frequentes
1306 2163 1534 2205 confluere
1571 2165 1778 2218 possent,

277 2226 324 2254 se
355 2213 404 2254 in
437 2215 678 2256 castellum
710 2219 991 2270 receperant.
1054 2219 1254 2261 Maxime
1288 2223 1443 2262 autem
1477 2221 1773 2265 Goslariensi-

277 2272 361 2313 bus
403 2275 591 2327 propter
630 2274 873 2316 viciniamn
920 2277 1132 2318 exiciales
1174 2281 1317 2319 erant.
1381 2280 1609 2322 Plurimos
1650 2282 1772 2323 enim

277 2345 433 2372 eorum
474 2335 767 2386 peremerunt
809 2336 854 2375 et
896 2335 1016 2376 bona
1063 2349 1237 2387 eorum,
1282 2351 1397 2390 quae
1445 2340 1573 2379 extra
1612 2339 1772 2381 villam

275 2392 457 2444 reperta
487 2391 696 2443 fuissent,
732 2393 891 2434 crebra
921 2394 1182 2436 incursione
1203 2396 1557 2450 populabantur,
1592 2399 1639 2439 et
1659 2412 1771 2440 mer·
1784 2413 1819 2439 35

277 2451 452 2491 catores
510 2452 769 2492 exterarum
816 2453 1043 2506 gentium,
1090 2467 1147 2495 ne
1195 2457 1436 2496 consuetas
1491 2470 1663 2498 merces
1716 2471 1770 2499 eo

276 2508 556 2560 conferrent,
606 2512 733 2552 metu
779 2511 902 2552 vitae
949 2512 1231 2554 amittendae
1278 2513 1565 2556 inhibebant.
1639 2514 1770 2557 Oum-

275 2581 362 2620 que
402 2569 608 2622 tempore
650 2570 848 2623 quodam
889 2571 948 2611 ad
989 2571 1219 2612 modicum
1259 2572 1382 2614 inter
1422 2587 1497 2614 eos
1539 2588 1627 2628 pax
1669 2589 1769 2618 con-

274 2670 302 2699 a)
323 2669 384 2696 obs.
403 2673 461 2697 utr.
481 2678 554 2697 corr.
574 2674 629 2698 utr.
650 2672 710 2698 obs.
729 2671 806 2699 Blb.
861 2671 891 2705 b)
912 2673 1197 2707 cori-ect2m(turum)
1216 2673 1276 2700 132.
1333 2674 1360 2707 e)
1379 2679 1447 2700 sunt
1466 2677 1527 2703 ΒΞ.
1586 2676 1616 2707 d)
1635 2677 1675 2702 At
1691 2677 1769 2706 131⁸.

275 2706 302 2734 e)
321 2705 512 2738 NVirtzeburg
531 2707 614 2738 31³3
636 2708 832 2740 Wirezeburg·
851 2709 912 2735 132.
994 2709 1017 2739 f)
1035 2716 1089 2740 per
1108 2709 1203 2740 quoi-fi
1223 2709 1416 2735 dfiuacionem
1436 2712 1512 2738 ΒΗ.
1587 2714 1615 2744 g)
1635 2712 1768 2745 {perper-
1781 2715 1817 2740 40

275 2743 356 2764 tuum
376 2741 452 2768 ΒΝ,
537 2742 567 2772 h)
587 2742 618 2766 in
639 2743 705 2770 add,
725 2743 802 2770 Bia.
884 2744 906 2774 i)
926 2743 972 2769 οοῐ
991 2745 1075 2776 Bia,
1097 2748 1218 2769 octauas
1238 2746 1298 2773 ΒΞ,
1381 2746 1412 2777 k)
1432 2747 1509 2772 Reni
1527 2747 1588 2774 BL).
1667 2747 1688 2781 l)
1708 2747 1767 2774 dis-

274 2776 452 2800 cernendam
471 2777 532 2804 B2.
606 2779 644 2808 m)
664 2778 860 2811 hartessburg
878 2779 938 2806 ΒΞ.
1011 2781 1043 2810 11)
1062 2780 1172 2805 vicinia
1191 2781 1269 2808 Blss.

275 2856 310 2900 1)
337 2857 391 2898 Cf.
417 2860 513 2900 reqc's
538 2861 654 2902 epist„
693 2861 861 2903 Greqoric'
884 2861 966 2896 VH.
993 2862 1076 2904 Rey.
1103 2862 1129 2894 Ι
1129 2887 1139 2904 ,
1166 2864 1258 2903 29ει;
1289 2863 1386 2899 Anu.
1413 2865 1616 2907 Weissenb„
1652 2876 1766 2909 supra
1867 2908 1870 2909 ⁷
1923 2856 1968 2910 ζ

269 2915 305 2947 p.
321 2906 376 2939 55.
393 2907 449 2940 57.
518 2908 553 2949 2)
568 2908 628 2939 Ad
639 2910 818 2950 sequentia
831 2909 880 2950 cf.
893 2909 1044 2942 Carmen
1056 2910 1098 2942 de
1111 2910 1140 2944 b.
1156 2910 1243 2945 Saoe.
1259 2911 1289 2954 I,
1308 2911 1508 2952 139—237,·
1528 2912 1653 2946 Brvmo
1666 2923 1692 2947 c.
1707 2914 1765 2948 29.
1963 2915 1968 2941 ἓ
