2014 3184
369 236 442 271 434

418 353 485 388 hac
511 354 671 398 primum
697 355 866 390 mercede
893 384 900 392 .
929 385 936 392 .
1005 356 1096 392 fidos

372 430 379 437 .
400 430 407 436 .
428 429 435 437 .
462 413 503 435 ac
531 401 702 437 firmos
734 402 802 437 sibi
828 403 949 438 effecit
975 406 1054 449 11,6
1068 415 1096 441 5.

373 470 413 474 —
452 448 549 492 quod
586 475 593 483 .
631 478 637 485 .
676 478 683 485 .
721 449 868 484 firmum
907 451 974 486 sibi
1012 463 1097 486 eum

370 495 589 540 fidelemque
608 496 752 532 fecisset
770 500 906 542 125,15.
936 520 977 523 —
1005 511 1096 544 quos

370 543 439 578 sibi
477 544 523 577 ob
561 545 689 579 crebra
730 556 795 579 sua
835 546 965 580 merita
1004 546 1097 581 fidos

370 590 567 634 firmosque
609 591 646 626 in
682 592 841 627 adversis
873 592 950 628 fore
976 605 1096 639 spera—

370 639 434 673 bat
462 641 540 682 155,
555 650 598 674 30.

419 685 583 720 indicant
605 686 726 721 animo
749 687 816 722 sibi
842 687 994 722 fixum
1021 700 1097 724 esse

370 736 488 775 86,10.
524 754 568 758 ——-
605 733 641 768 id
668 745 705 769 se
739 734 861 769 animo
887 735 1000 770 fixum
1034 736 1097 771 ha-

371 781 458 815 bere
478 782 557 823 123,
572 793 616 816 20.
647 802 687 806 —
715 781 951 817 immobiliter
975 784 1097 818 animo

371 827 485 862 fixum
512 830 678 862 tenemus
703 831 785 872 280,
799 841 844 865 20.
881 850 921 855 —
953 842 991 865 se
1017 859 1025 867 .
1053 860 1061 868 .
1089 860 1096 867 .

371 875 495 909 animo
520 874 636 910 fixum
660 878 786 911 tenere
811 880 933 922 3025.
965 898 1010 903 —
1042 881 1098 913 ut-

371 926 458 967 pote
473 923 535 966 qui
549 923 670 958 animo
684 923 799 958 fixum
811 924 964 960 haberet
981 928 1096 970 324,ι.

372 970 428 1004 Ex
455 970 511 1003 his
543 970 664 1005 animo
697 971 798 1006 sedet
829 984 946 1017 pauca
980 974 1099 1008 revol-

372 1028 457 1052 vere
482 1020 604 1060 336‚5.

421 1064 587 1109 Cumque
623 1093 631 1101 .
668 1095 674 1102 .
712 1095 719 1102 .

371 1115 496 1146 menta
523 1140 530 1148 .
559 1142 567 1149 .
594 1139 602 1147 .

763 1067 916 1111 cepisset
958 1068 1097 1112 experi-

634 1113 876 1159 flagrantis
909 1115 946 1149 in
979 1115 1098 1150 Deum

373 1160 484 1194 animi
502 1162 622 1203 311,5.
651 1181 693 1186 —
721 1161 907 1206 flagrantis
924 1162 962 1196 in
979 1162 1099 1198 Deum

371 1207 519 1251 spiritus
530 1207 679 1252 aliquod
688 1208 950 1244 documentum
963 1213 1044 1255 328,
1054 1223 1097 1247 ιο.

373 1275 415 1280 —
444 1258 486 1289 ut
511 1255 674 1289 omnium
702 1285 709 1292 .
730 1285 737 1292 .
792 1257 871 1301 pari
903 1237 1099 1293 concor’dia

372 1303 408 1336 in
445 1314 527 1336 eum
566 1302 685 1337 studia
718 1303 920 1356 'flagrarent
957 1308 1038 1350 318,
1054 1318 1097 1341 ιο.

373 1370 416 1374 -—
453 1349 526 1384 Ubi
565 1349 655 1384 adeo
694 1350 788 1385 circa
826 1352 917 1386 illud
954 1355 1098 1397 tempus

372 1396 533 1430 studium
560 1396 738 1451 flagrabat
767 1401 847 1443 350,
862 1411 906 1434 20.

422 1444 518 1478 unde
544 1444 773 1488 potissimum
797 1445 887 1480 haec
911 1446 1098 1482 flamma

372 1490 530 1526 invidiae
557 1520 565 1527 .
593 1519 600 1527 .
629 1518 637 1526 .
663 1495 847 1528 exarserat
871 1495 953 1538 264,
968 1505 1012 1530 35.

419 1693 528 1725 quam
563 1693 619 1715 res
654 1692 735 1716 suas
772 1681 1097 1718 florentissimas

370 1728 569 1772 desperatis
608 1740 649 1763 ac
686 1729 836 1774 perditis
875 1730 951 1764 eius
989 1732 1096 1766 rebus

370 1775 570 1810 admiscere
598 1778 677 1820 118,
693 1788 737 1812 20.

419 1823 630 1858 aecclesiam
653 1824 762 1868 paulo
788 1827 873 1860 ante
898 1826 1096 1870 opulentis—

370 1870 499 1904 simam
525 1882 567 1905 ac
591 1871 696 1905 bonis
722 1872 890 1907 omnibus
915 1872 1096 1907 floren

370 1917 606 1952 tissimam
651 1920 733 1960 205,
755 1930 800 1955 20.
845 1940 886 1944 --
929 1931 1095 1966 regnum,

369 1964 469 2008 quod
504 1976 524 1998 a
558 1965 770 2009 parentibus
805 1967 877 2001 suis
912 1967 1096 2012 pacatissi-

370 2023 470 2045 mum
498 2014 534 2045 et
559 2011 663 2046 bonis
693 2013 861 2048 omnibus
885 2013 1095 2049 florentissi-

370 2070 471 2092 mum
510 2059 666 2103 accepit,
704 2071 812 2103 quam
850 2060 975 2095 fedum
1011 2090 1018 2098 .
1050 2090 1057 2098 .

369 2105 586 2140 reddidisset
627 2108 754 2150 278,1.
798 2128 839 2131 —
879 2107 987 2143 Unde
1028 2090 1095 2143 tibi

369 2152 536 2197 relinquo
559 2132 772 2187 aecclesiam
798 2182 806 2190 .
834 2182 841 2190 .
869 2183 878 2190 .
903 2166 987 2190 meo
1015 2184 1022 2192 .
1049 2184 1057 2192 .
1086 2185 1094 2192 .

369 2199 490 2234 studio
532 2199 826 2235 florentissimam
875 2204 955 2246 316,
980 2214 1006 2238 1.
1051 2223 1093 2227 —

369 2259 473 2292 opes,
512 2259 604 2291 quae
642 2259 756 2291 usque
793 2248 840 2282 ad
875 2249 914 2283 id
950 2251 1095 2294 tempus

368 2294 645 2330 florentissimae
672 2297 776 2329 erant
800 2298 858 2339 84,
870 2307 897 2332 5.
926 2317 968 2321 —
993 2297 1094 2331 cuius

368 2342 407 2376 in
431 2342 502 2376 illis
522 2342 610 2377 locis
636 2342 878 2387 amplissimae
903 2346 940 2378 et
959 2343 1092 2378 floren-

369 2389 528 2423 tissimae
554 2401 641 2434 opes
659 2392 764 2424 erant
780 2393 915 2435 285‚10.
941 2411 982 2416 —
1006 2402 1093 2436 opes

368 2437 595 2480 monasterii,
643 2448 737 2481 quae
782 2438 948 2482 profecto
990 2440 1094 2473 erant

368 2483 622 2518 florentissime
648 2487 730 2527 332,
745 2497 771 2520 1.

418 2542 501 2565 cum
520 2530 616 2566 inter
633 2542 735 2576 spem
753 2534 789 2566 et
805 2535 946 2567 metum
971 2532 1007 2567 fl
1018 2544 1092 2568 uc-

368 2580 566 2612 tuarent
594 2581 735 2621 271,30.

416 2625 516 2659 vario
548 2636 717 2660 curarum
748 2628 851 2661 aestu
882 2626 951 2661 flu
963 2639 982 2662 c
992 2629 1008 2661 t
1018 2639 1041 2661 u
1049 2638 1091 2661 a-

368 2671 391 2705 b
403 2683 423 2705 a
432 2684 456 2706 n
467 2674 482 2706 t
507 2675 589 2716 232,
603 2683 647 2709 35.

417 2765 472 2800 Ea
504 2777 575 2800 vox
611 2795 618 2801 .
647 2794 656 2802 .
683 2795 691 2803 .
723 2779 897 2813 magnum
933 2796 940 2804 .
975 2797 982 2804 .
1019 2767 1092 2802 odii

369 2813 602 2847 seminarium
632 2813 841 2858 irarumque
873 2814 891 2848 f
898 2826 919 2849 ο
929 2826 966 2848 ιιι
977 2815 989 2849 i
1000 2817 1015 2849 t
1025 2826 1044 2849 e
1054 2827 1091 2848 m

368 2860 587 2894 ministravit
605 2863 685 2904 149,
697 2872 742 2897 25.
769 2882 810 2886 —
830 2861 1002 2896 fratribus
1019 2862 1092 2896 suis

856 236 1018 273 INDEX
1043 237 1392 277 LOOUTIONUM.

1195 547 1287 583 Sall.
1307 548 1385 592 luy.
1404 551 1437 585 9.
1463 548 1568 583 nobis
1587 549 1635 586 ob
1651 549 1784 587 merita
1808 561 1874 587 sua

1147 605 1250 629 carus
1276 597 1340 631 est.

1197 689 1299 734 Sulp.
1326 691 1400 725 S.ev
1426 691 1526 727 Dial.
1553 691 1584 736 I,
1613 694 1646 729 9.
1680 691 1751 728 nisi
1782 692 1874 729 mihi

1149 735 1301 771 fixum
1343 737 1471 772 fuisset
1511 738 1644 776 animo.
1684 759 1727 766 —-
1768 740 1874 778 Eam.

1151 786 1282 827 11,12.
1308 783 1422 819 fixum
1440 785 1600 822 habebat
1623 786 1663 822 in
1680 787 1870 823 animo.—

1156 832 1257 875 Ver-9.
1293 833 1380 868 Aen.
1415 834 1482 877 IV,
1511 836 1566 870 15.
1605 834 1635 868 si
1669 834 1759 871 mihi
1797 846 1875 871 non

1149 878 1271 913 animo
1298 879 1412 914 fixum
1435 880 1703 926 immotumque
1719 881 1874 921 sederet.

1152 946 1194 951 —
1215 927 1284 962 Cle.
1302 927 1406 964 Fam.
1425 928 1474 971 X,
1493 930 1550 965 34.
1577 940 1670 974 quae
1693 933 1874 976 perpetuo

1149 973 1271 1008 animo
1306 986 1390 1010 meo
1415 974 1487 1011 fixa
1512 977 1734 1022 manebunt3
1768 977 1873 1014 Bazb.

1148 1022 1208 1064 28,
1234 1023 1292 1058 65.
1317 1022 1442 1059 illud.
1506 1023 1656 1060 ‚fixum
1681 1024 1719 1059 in
1743 1025 1874 1060 animis

1149 1069 1278 1103 vestris
1302 1051 1478 1107 tenetote.

1196 1354 1288 1389 Sall.
1316 1354 1392 1389 Cat.
1421 1357 1476 1390 14.
1511 1357 1552 1389 ut
1586 1355 1761 1400 cuiusque
1798 1358 1873 1392 stu-

1148 1399 1248 1434 dium
1275 1411 1320 1435 ex
1345 1403 1465 1436 aetate
1490 1401 1748 1447 flagrabat.

1195 1448 1356 1491 LivJII,
1368 1451 1489 1492 11,10.
1506 1449 1736 1496 invidiaeque
1749 1449 1874 1487 flam-

1147 1506 1280 1538 mam3
1315 1496 1396 1539 XL,
1423 1499 1455 1532 5.
1488 1507 1621 1532 novam
1644 1497 1748 1533 velut
1769 1497 1872 1535 flam-

1147 1553 1245 1576 mam
1262 1542 1360 1587 regis
1376 1523 1535 1579 invidiae
1553 1543 1703 1589 adiecit;
1726 1546 1871 1591 XLIII,

1149 1591 1206 1626 16.
1255 1589 1441 1626 flammam
1500 1591 1659 1628 invidiae
1706 1592 1873 1630 adiecere

1148 1636 1278 1672 edicto.

1195 1685 1285 1720 Sall.
1318 1685 1397 1728 Ια9.
1429 1687 1487 1723 83.
1525 1697 1597 1722 neu
1633 1687 1871 1724 florentis

1146 1742 1204 1766 res
1241 1743 1323 1766 suas
1360 1744 1442 1767 cum
1479 1732 1682 1780 Iugurthae
1720 1735 1872 1780 perditis

1146 1778 1328 1816 misceret.
1353 1800 1398 1805 ——
1424 1781 1556 1818 lustin.
1578 1782 1620 1825 V,
1638 1783 1672 1826 6,
1691 1785 1725 1819 5.
1749 1781 1870 1828 perdi-

1146 1826 1192 1860 tis
1234 1829 1270 1861 et
1311 1827 1514 1882 desperatis
1550 1828 1670 1864 rebus.
1713 1850 1758 1855 -—
1799 1830 1870 1867 01⁴0.

1145 1874 1248 1908 Fam.
1274 1875 1388 1916 XIII,
1415 1877 1470 1912 56.
1503 1875 1541 1910 in
1564 1875 1717 1921 perditis
1746 1879 1785 1912 et
1809 1877 1871 1912 de·

1145 1921 1308 1965 speratis.

1193 1969 1324 2005 Iustin.
1349 1969 1531 2013 XXXVI,
1556 1972 1651 2014 4,1.
1683 1970 1871 2007 floren-

1145 2015 1388 2051 tissimum
1414 2018 1460 2052 ab
1484 1995 1650 2053 Eumene
1673 2020 1813 2064 patre.

1145 2065 1337 2146 ῗοοὲρὲιιῖῐι
1374 2075 1529 2111 regnum
1565 2065 1737 2101 caedibus
1771 2094 1779 2102 .
1815 2093 1823 2103 .
1860 2094 1868 2102 .

1161 2121 1205 2144 oe
1233 2122 1253 2145 a
1280 2122 1301 2145 a

1190 2533 1268 2569 Liv.
1284 2533 1408 2576 XLII,
1422 2536 1479 2570 59.
1504 2533 1758 2571 fluctuante
1779 2546 1867 2581 rege

1141 2579 1238 2614 inter
1262 2591 1364 2624 spem
1390 2583 1428 2615 et
1451 2583 1602 2618 metum.
1645 2583 1702 2626 Cf.
1726 2594 1768 2629 sp
1770 2593 1819 2619 es.

1194 2628 1299 2671 Very.
1318 2629 1406 2664 Aen.
1432 2630 1543 2672 VIII,
1563 2632 1619 2666 19.
1645 2641 1780 2675 magno
1805 2641 1867 2666 cu-

1141 2685 1266 2708 rarum
1291 2673 1510 2710 fluctuat
1534 2678 1658 2720 aestu3
1688 2678 1758 2722 IV,
1785 2679 1866 2714 564.

1141 2721 1314 2765 varioque
1339 2722 1477 2757 irarum
1501 2703 1658 2758 fluctuat⁷
1680 2727 1794 2760 aestu.

1192 2769 1276 2805 Gen.
1296 2771 1353 2813 37,
1367 2772 1400 2806 8.
1426 2770 1531 2805 Haec
1557 2782 1644 2816 ergo
1669 2782 1776 2806 causa
1801 2799 1810 2808 .
1829 2799 1837 2807 .
1857 2799 1865 2809 .

1141 2815 1299 2850 invidiae
1330 2819 1367 2851 et
1397 2817 1471 2852 odii
1506 2817 1725 2852 fomitem
1759 2818 1864 2853 mini-

1141 2863 1279 2899 stravit.
