1968 3164
552 230 825 267 LAMPERTI
850 230 1104 267 ANNALES.
1155 231 1203 267 A.
1232 234 1334 269 1066.
1628 234 1693 268 101

183 353 497 410 principatum
520 353 817 396 consiliorum
850 356 896 396 et
918 353 1253 396 familiaritatis
1285 355 1382 409 ipse
1405 354 1493 396 sibi
1520 354 1695 409 aliquid
1714 359 1814 395 1065.

182 413 505 456 imminuereta
559 413 616 456 de
663 413 854 468 fastigio
896 416 1145 468 usurpatae
1187 414 1540 468 singularitatis.
1605 414 1694 456 Sed

183 487 278 516 non
318 472 444 515 ultra
490 471 633 515 laturi
680 473 898 515 iniuriam
945 473 1225 515 videbantur
1271 474 1502 528 principes
1549 474 1693 529 regni.

183 532 535 588 Archiepiscopi
565 528 895 588 Mogontinusb
934 535 980 575 et
1014 532 1302 575 Coloniensis
1344 547 1449 575 cum
1487 533 1693 583 caeteris,

152 591 351 648 aquibus
373 595 536 635 curaec
566 594 666 635 erat
698 605 770 634 res
792 592 992 647 publica,
1028 592 1188 635 crebra
1211 592 1534 635 conventicula
1560 593 1694 635 facie-

184 651 299 694 bant
339 653 480 707 atque
520 665 679 695 omnes
720 652 770 693 in
803 666 1059 703 commune,
1103 653 1214 707 quid
1252 653 1379 694 facto
1411 666 1527 707 opus
1560 655 1692 702 esset,

183 711 423 755 consulere
463 711 747 767 rogitabant.
820 712 942 754 Dein
988 712 1081 754 iam
1129 712 1290 754 adulta
1339 713 1692 767 conspiratione,

183 771 307 814 diem
348 771 578 826 generalis
620 771 839 827 colloquii
882 771 1096 814 omnibus
1127 772 1335 814 indixere
1367 772 1499 826 regni
1532 772 1693 826 princi·

182 830 341 886 pibus,
385 833 438 873 ut
469 830 731 874 Triburiam
773 832 1099 874 convenientes
1137 831 1431 874 Premensem
1474 831 1693 886 archiepi-

135 907 171 934 10
183 904 386 946 scopum,
421 904 712 933 communem
734 891 940 933 omnium
963 891 1157 941 hostem,
1193 891 1513 932 communibus
1537 905 1693 933 omnes

183 950 351 992 studiis
391 952 717 1005 oppugnarent
758 951 947 1006 regique
985 951 1320 993 denunciarent
1362 953 1443 992 aut
1476 965 1618 1005 regno
1652 951 1693 992 ei

183 1009 443 1053 cedendum
474 1006 600 1053 essed
638 1012 720 1052 aut
751 1010 1074 1052 familiaritate
1113 1012 1159 1053 et
1192 1010 1402 1052 amicicia
1435 1010 1694 1052 Premensis

182 1069 519 1125 archiepiscopi
550 1070 914 1125 defungendum.

325 1129 514 1172 Perlato
547 1128 837 1172 Groslariam1
869 1129 1037 1171 atrocis
1070 1130 1137 1172 rei
1168 1130 1351 1179 nuncio,
1395 1143 1474 1172 rex
1516 1130 1574 1171 ad
1607 1131 1693 1171 sta-
1707 1141 1807 1171 (vec.)

134 1204 170 1232 ιο
182 1190 335 1231 tutam
358 1189 480 1231 diem
508 1189 718 1231 concitus
750 1189 1043 1244 properabat.
1094 1188 1210 1231 Cum
1233 1203 1323 1244 quo
1346 1191 1393 1231 et
1411 1189 1686 1231 Weruherie

182 1261 335 1291 comes
366 1248 555 1291 veniens
586 1249 636 1290 in
667 1248 827 1290 villam
861 1248 1193 1304 Ingilneheim,
1237 1249 1368 1290 cuius
1402 1262 1506 1303 pars
1539 1249 1694 1303 aliqua

182 1307 243 1350 ad
282 1310 493 1350 nostrum
534 1322 717 1363 quoque
758 1308 1090 1350 monasterium
1139 1308 1360 1363 pertinet,
1404 1309 1691 1363 hospitatum

182 1367 373 1410 divertit
387 1367 416 1408 ².
480 1367 573 1410 Ubi
605 1368 716 1410 dum
748 1368 921 1410 milites
954 1368 1052 1410 eius
1093 1368 1150 1410 ab
1193 1367 1357 1410 incolis
1395 1368 1560 1422 predas
1593 1382 1692 1423 age-

181 1428 308 1478 rent,
352 1429 400 1470 et
431 1427 503 1469 illi
544 1427 604 1469 ad
636 1442 764 1470 arma
796 1427 1140 1470 conclamantes
1172 1442 1313 1469 manu
1345 1423 1608 1469 vindicares
1646 1441 1692 1469 se

132 1485 455 1538 soniterentur,
489 1489 623 1530 atrox
654 1502 812 1543 pugna
843 1490 1002 1530 coorta
1034 1490 1117 1530 est.
1182 1487 1240 1528 In
1272 1501 1362 1542 qua
1395 1487 1505 1528 dum
1533 1487 1692 1529 Wern-

182 1546 309 1589 heri⁰
338 1560 490 1590 comes
519 1547 578 1589 ad
599 1547 876 1590 ferendumg
901 1548 995 1589 suis
1018 1561 1152 1602 opem
1180 1547 1376 1602 impigre
1400 1547 1690 1597 discurreret,

182 1619 211 1648 a
241 1606 442 1661 quodam
482 1607 630 1649 nostri
671 1607 941 1649 monasterii
972 1606 1194 1649 vilissimo
1237 1606 1468 1661 mancipio
1500 1606 1594 1656 vel,
1639 1609 1692 1647 ut

182 1665 264 1708 alii
294 1665 466 1717 ferunt,
501 1680 528 1708 a
559 1666 735 1709 femina
767 1666 1005 1708 saltatrice
1028 1666 1158 1708 clava
1190 1680 1432 1721 percussus
1465 1666 1513 1707 in
1540 1666 1691 1720 capite

182 1725 356 1768 corruit
397 1727 537 1780 atque
579 1726 638 1768 ad
679 1739 835 1781 regem
877 1726 1122 1768 semivivus
1155 1729 1224 1768 est
1262 1728 1539 1780 reportatus.
1603 1726 1691 1766 Ad-

132 1785 386 1851 „moqtus
418 1785 476 1827 ab
510 1785 755 1840 episcopis,
799 1785 879 1840 qui
911 1787 1148 1840 presentes
1186 1787 1339 1834 erant,
1383 1787 1436 1826 ut
1478 1799 1560 1839 pro
1594 1799 1691 1839 pec-

182 1844 298 1887 catis
331 1844 425 1886 suis
458 1844 558 1887 Deo
600 1844 649 1886 in
681 1847 886 1887 extremo
924 1845 1016 1886 iam
1049 1844 1216 1899 spiritu
1249 1844 1532 1886 constitutus
1565 1845 1691 1885 satis-

181 1903 358 1946 faceret
380 1917 518 1958 seque
541 1903 929 1946 Herveldensium
952 1904 1283 1946 monachorum
1310 1903 1522 1958 precibus
1555 1904 1691 1946 inter-

182 1965 391 2018 emptum
432 1977 765 2019 recognoscens
806 1963 966 2005 villam
1007 1958 1284 2013 Kirhbereh,
1335 1977 1471 2024 quam
1520 1963 1690 2005 iniuste

181 2022 426 2073 invaserat,
469 2023 706 2073 redderet,
749 2022 880 2066 nullo
922 2023 1059 2065 modo
1096 2023 1378 2078 adquievit¹,
1423 2023 1568 2065 donec
1602 2023 1691 2077 epi-

132 2081 310 2137 soscopi
342 2095 568 2125 consensu
599 2082 728 2125 facto
760 2083 1089 2126 minitarentur
1130 2096 1177 2124 se
1210 2083 1252 2125 ei
1285 2096 1461 2124 sacram
1494 2096 1690 2124 commu—

180 2141 367 2184 nionem
404 2142 622 2185 morienti
663 2156 756 2185 non
798 2142 1009 2193 daturos,
1054 2143 1142 2184 nisi
1184 2142 1310 2197 prius
1352 2142 1474 2183 tanti
1512 2142 1692 2197 peccati

181 2201 384 2256 pondere
415 2215 463 2244 se
496 2204 802 2245 exonerasset.
857 2201 931 2245 Sic
964 2203 1154 2244 tandem
1177 2202 1352 2257 pudore
1386 2202 1531 2256 mag-is
1554 2215 1691 2255 quam

180 2259 404 2316 religione
435 2261 587 2304 victus
618 2262 836 2312 reddidit,
871 2261 1122 2316 statimque
1154 2262 1251 2303 vita
1283 2262 1491 2304 excessit.

325 2319 515 2363 Statuta
537 2321 612 2364 die
626 2321 642 2346 3
672 2322 820 2363 tristis
851 2322 901 2363 in
922 2335 1078 2377 regem
1100 2322 1305 2363 omnium
1340 2321 1508 2370 vultus,
1544 2321 1690 2361 tristis
1704 2319 1808 2396 (11(ξῖἱέ-

133 2442 212 2480 85⁸)
236 2447 402 2474 [mmlneret
421 2448 506 2482 31⁸3
537 2449 711 2475 imminuere
731 2447 812 2474 Bib.
925 2448 955 2481 b)
981 2449 1171 2482 Moguntinus
1195 2449 1224 2474 h.
1246 2450 1265 2474 Ι.
1295 2449 1373 2474 Βμ.
1484 2448 1511 2478 c)
1536 2455 1606 2473 cura
1628 2448 1690 2473 ΒΣ.

182 2482 213 2515 d)
239 2486 317 2510 emt
336 2483 416 2510 Bxb.
527 2484 556 2517 e)
583 2485 749 2511 ’,νει-81111111·
769 2485 831 2510 Al.
943 2486 966 2517 f)
994 2493 1024 2510 se
1051 2485 1130 2510 vind.
1158 2484 1238 2510 Bxb.
1257 2487 1282 2510 2.
1394 2484 1425 2515 εξ)
1457 2484 1606 2509 ferendam
1627 2484 1651 2508 Α
1667 2486 1689 2508 1.

182 2517 214 2552 h)
232 2518 401 2553 Klrchberg
419 2520 446 2545 B
457 2521 483 2546 1.
494 2520 521 2546 2.
597 2520 618 2553 i)
637 2528 702 2552 aeq.
725 2520 802 2547 131⁸.
817 2520 844 2547 2.

183 2613 219 2657 1)
239 2613 353 2649 Immo
370 2615 564 2658 corbeiam,
590 2619 629 2648 ut
648 2616 876 2660 probabilius
892 2620 960 2654 est.-
985 2616 1031 2657 cf.
1046 2626 1083 2659 p.
1106 2618 1184 2656 100,
1204 2626 1238 2650 η.
1258 2618 1291 2650 3.
1332 2614 1399 2647 Sed
1415 2615 1534 2658 potius
1552 2614 1688 2646 demum

181 2661 223 2695 in
245 2661 417 2718 colloqtfio
447 2663 675 2698 Tribum'enm'
697 2674 764 2697 rece
793 2667 824 2697 et
850 2663 1136 2719 archiepiscopus
1161 2663 1252 2696 hanc
1277 2663 1571 2705 conspirationem
1601 2672 1690 2694 com-

133 2710 746 2792 wfif’fflmmmmdss‘sslssffisfflff
761 2711 886 2792 3275
908 2711 1152 2793 '1432‘15525552
1163 2709 1689 2800 “22325553251231'2533232'5-352‘.

182 2803 221 2847 2)
253 2803 308 2838 De
339 2809 508 2850 tempore,
544 2815 612 2850 quo
645 2805 729 2840 haec
763 2807 862 2848 facta
896 2807 986 2847 sint,
1023 2807 1118 2848 falso
1152 2816 1172 2838 (ι
1202 2805 1393 2848 Lamperto
1426 2805 1581 2838 indicato
1616 2805 1692 2837 vide

184 2850 327 2894 Kilian,
356 2852 531 2887 ‘Itinerar
547 2852 743 2888 Heinrichs
768 2854 791 2887 I
796 2854 849 2888 V!
872 2866 908 2898 p.
927 2856 973 2889 35
991 2865 1064 2898 sq.‚·
1100 2854 1221 2896 Meyer
1248 2864 1274 2887 r.
1303 2851 1458 2885 Knonau
1487 2852 1516 2893 Ι,
1549 2863 1587 2895 p.
1606 2852 1688 2893 484,

181 2907 220 2934 n.
239 2899 319 2935 176.
392 2902 430 2943 3)
452 2898 540 2934 Post
566 2900 713 2935 octabas
739 2900 954 2946 epiphaniae
981 2901 1078 2942 (Ian.
1109 2903 1170 2938 13)
1196 2905 1276 2934 teste
1303 2901 1449 2933 Armene
1476 2901 1513 2932 in
1538 2900 1687 2943 epistola
