2014 3184
295 201 564 238 LAMPERTI
589 202 888 240 INSTITUTIO
913 203 1311 243 HERVELDENSIS
1337 206 1474 244 EOOL.
1571 210 1642 245 353

278 324 585 380 Subsequitur
631 340 753 368 mors
800 327 983 370 abbatis
1023 328 1327 383 Meginheri1.
1391 329 1641 372 Heinricus
1657 336 1759 371 1059.

134 397 263 427 cesar
307 384 510 440 optimus
558 385 688 427 obiit.
759 386 882 428 Item
929 387 1161 442 Egbertus
1206 388 1450 431 Fuldensis
1498 390 1640 432 abbas
1656 395 1759 430 1056.

132 442 257 486 inter
287 444 470 486 eosdem
497 444 628 486 obiit.
676 443 946 498 [Plurimum
973 448 1232 489 commendat
1263 452 1412 490 auctor
1442 448 1516 490 hos
1542 453 1638 491 tres.
1656 455 1759 491 1058.

134 501 221 544 Sed
257 501 439 556 episcopi
468 502 733 558 Barchardi,
775 503 862 547 viri
900 504 1043 559 atique
1083 506 1233 559 saneti,
1276 506 1349 560 qai
1390 511 1428 549 et
1467 512 1641 550 mortem

101 574 254 604 seuam
285 561 491 616 predixit,
525 563 661 616 plara
703 564 812 606 bona
843 564 944 616 feeit
975 568 1013 607 et
1043 564 1266 608 miraculis
1298 566 1465 620 claruit,
1503 581 1639 621 repre-

131 619 278 664 hensio
307 621 474 665 videtur
503 622 680 677 iniusta,
724 627 763 665 et
793 625 905 677 qaod
943 624 1152 678 erepuerit
1187 624 1350 668 medius
1381 626 1520 679 sieque
1543 641 1639 680 poe-

131 679 314 723 nitentia
345 682 494 724 duetas
532 696 630 724 sera
669 682 901 726 restituerit
940 698 1047 737 qaae
1085 684 1242 727 iniuste
1278 684 1510 739 invaserat,
1553 700 1639 728 non

132 744 335 783 consonat
365 740 567 795 veritam]

190 859 287 902 EX
316 859 518 903 LIBRO
551 860 855 906 SECUNDO
887 862 1198 906 EIUSDEM
1230 863 1575 907 OOLLECTA.

84 947 118 973 10
274 931 523 974 Heinricus
546 946 674 975 cesar
694 934 894 976 moriens
916 934 1190 978 Heinricum
1214 935 1361 977 filium
1394 937 1638 991 parvulum
1654 946 1757 982 1056.

130 990 319 1046 reliquit
360 991 578 1035 heredem
623 993 707 1035 sub
750 995 910 1036 matris
943 1008 1052 1037 suae
1084 995 1294 1050 Agnetis,
1338 997 1637 1051 prudentissi-

129 1064 231 1093 mae
262 1051 462 1107 reginae,
496 1052 734 1108 regimine.

271 1110 543 1154 Ruthardus
580 1113 812 1167 quondam
855 1113 997 1156 abbas
1031 1113 1320 1157 Corbeiensis
1353 1115 1636 1170 Megenhero
1653 1126 1755 1161 1059.

129 1170 350 1212 successit
376 1171 537 1213 abbati
558 1171 851 1225 Herveldiae⁷
885 1173 955 1215 vir
976 1175 1178 1229 prudens
1211 1176 1258 1216 et
1291 1176 1634 1230 magnanimus;

81 1229 367 1286 wimperare,
401 1245 495 1273 non
525 1231 743 1287 imperari
774 1233 917 1275 novit.
965 1234 1041 1275 Ad
1064 1234 1271 1276 seculum
1304 1235 1558 1289 prudenter
1590 1249 1636 1277 se

128 1289 314 1345 agebat,
362 1290 413 1332 in
460 1291 780 1346 spiritualibus
828 1293 1135 1335 mediocriter.
1204 1294 1514 1349 Megenherus
1563 1295 1638 1336 via

127 1349 360 1391 contraria
388 1349 653 1393 incesserat.

270 1410 407 1452 Anno
440 1408 728 1454 Coloniensis
769 1412 1142 1468 archiepiscopus
1180 1413 1328 1454 filium
1360 1413 1635 1456 Heinricum

126 1468 272 1510 matri.
305 1469 514 1522 abstulit,
556 1471 776 1513 flentibus
817 1472 1038 1526 utrisque.
1102 1472 1358 1528 Episcopus
1390 1487 1495 1515 cum
1527 1487 1634 1528 rege
1650 1471 1752 1542 1362-

79 1544 114 1570 20
127 1527 186 1569 ad
218 1541 266 1570 se
297 1542 448 1571 rerum
482 1530 798 1585 gubernacula
827 1531 1084 1573 transtulit.
1647 1518 1663 1547 (
1686 1520 1754 1549 ’Μ

269 1587 367 1630 Rex
398 1589 586 1631 interim
612 1590 906 1645 Ungarorum
939 1591 1169 1643 Salomon,
1205 1593 1251 1633 et
1282 1592 1380 1646 ipse
1414 1606 1540 1647 puer,
1575 1593 1632 1634 ab

127 1647 384 1690 avunculo2
403 1662 547 1703 regno
573 1649 734 1704 pulsus
767 1650 824 1692 ad
848 1650 1122 1692 Heinricum
1155 1651 1382 1706 confugit.
1437 1651 1632 1706 Utrique
1648 1662 1752 1697 1063.

126 1705 318 1748 alterius
351 1721 478 1749 soror
500 1709 778 1763 desponsata
802 1710 959 1752 fuerat
973 1710 1001 1750 3.
1049 1711 1276 1752 Restituit
1301 1711 1452 1765 ipsum
1475 1725 1631 1766 regno,

124 1765 323 1809 Annone
355 1771 632 1822 cooperante
645 1768 674 1809 4.

77 1843 112 1868 25
269 1825 531 1878 Heinricus‚
576 1842 680 1870 cum
723 1829 782 1870 ad
814 1831 1044 1870 maturam
1076 1829 1278 1872 venisset
1310 1832 1526 1881 aetatem,
1569 1844 1632 1872 re-

125 1884 238 1927 licto
280 1886 495 1942 episcopo
509 1887 536 1938 ⁵,
586 1889 839 1930 secundum
887 1889 1120 1944 propriam
1167 1889 1283 1931 vixit
1326 1889 1629 1941 voluntatem,

125 1945 491 2000 promittensque
524 1947 749 1989 Karolum
783 1948 1006 2003 Magnum
1049 1963 1130 1990 suo
1169 1949 1323 1991 seculo
1357 1963 1453 1991 sese
1485 1964 1631 2004 repre-

125 2005 428 2057 sentaturum,
462 2006 669 2048 Roboam
702 2021 749 2049 se
774 2009 1123 2062 representavit.
1171 2007 1263 2061 [De
1284 2022 1364 2061 quo
1395 2008 1502 2050 satis
1527 2008 1633 2050 alibi

123 2061 361 2117 scribitur]
424 2066 561 2107 Anno
604 2067 757 2109 curiae
799 2081 846 2109 se
888 2068 1122 2109 abdicavit
1161 2068 1279 2118 ideo,
1322 2069 1368 2109 in
1412 2069 1510 2110 ocia
1551 2073 1624 2110 sea
1650 2080 1749 2114 1064.

77 2142 112 2167 30
123 2123 364 2178 recipiens.
410 2125 691 2168 Adelbertus
714 2126 975 2169 Bremensis
997 2128 1370 2183 archiepiscopus
1392 2128 1494 2170 loco
1517 2129 1627 2176 eius,

124 2196 218 2224 non
248 2182 518 2236 industriae,
553 2182 900 2228 substituiturb.

124 2298 154 2331 a.)
174 2305 230 2324 om.
251 2306 274 2324 c.
350 2299 380 2333 b)
399 2300 430 2326 in
450 2308 543 2333 mat-9.
565 2302 652 2330 add:
673 2303 732 2328 Iste
753 2306 797 2328 est
817 2301 960 2329 fundator
980 2303 1109 2330 Gozeko.

133 2393 345 2429 Wetteravia
370 2397 452 2430 sitis
476 2396 521 2430 lis
545 2397 650 2439 finita
675 2401 724 2431 est
749 2402 850 2430 carta
868 2398 1057 2442 Liutpoldi
1072 2398 1331 2442 archiepiscopi
1354 2399 1440 2432 data
1468 2409 1501 2433 a.
1523 2401 1625 2442 1057,

123 2441 218 2484 Auy.
235 2443 293 2485 27,
325 2443 463 2487 Wenck‚
493 2445 607 2480 ‘He-33.
633 2445 900 2488 Landesyeschl
926 2446 979 2488 II,
1008 2446 1129 2480 (ΠΜ-Κ
1152 2457 1188 2490 p.
1209 2447 1256 2481 44
1273 2457 1358 2489 sqq„
1385 2457 1442 2481 nr.
1461 2449 1519 2482 35.
1573 2447 1627 2488 Cf.

77 2495 111 2520 35
124 2489 276 2531 Ausfeld
297 2502 335 2534 p.
353 2493 397 2526 31
417 2502 468 2534 sq.
580 2494 614 2535 1)
642 2493 872 2535 Meqinherus
895 2503 967 2527 non
987 2498 1081 2537 post,
1109 2494 1169 2527 sed
1194 2498 1274 2526 ante
1299 2493 1510 2527 But-elwrde·
1535 2504 1629 2527 mor-

123 2539 190 2570 tem
224 2537 333 2578 obtin
368 2538 415 2580 cf.
442 2549 555 2582 supra
588 2551 625 2583 p.
652 2542 698 2575 75
715 2551 764 2584 sq.
888 2542 924 2583 2)
957 2541 1046 2574 Bela
1072 2541 1102 2582 I,
1137 2541 1259 2582 fratre
1286 2541 1460 2583 Andreae,
1495 2545 1629 2584 patruo

123 2584 239 2626 iyitur
263 2583 476 2628 Salomonis,
506 2597 606 2630 quem
631 2587 759 2632 Lamp.
786 2599 819 2623 a.
842 2590 945 2630 1061,
982 2599 1097 2632 snpra
1119 2599 1157 2631 p.
1177 2590 1234 2629 77,
1261 2588 1350 2621 male
1380 2590 1625 2631 propinquum

124 2630 290 2664 Andreae
313 2632 419 2667 discit.
528 2634 565 2677 3)
589 2634 666 2668 Hoc
690 2636 828 2677 falsam
853 2639 913 2671 est.
964 2636 1148 2669 Salomoni
1170 2636 1307 2678 quidem
1336 2635 1504 2669 Helm-ici
1526 2647 1629 2669 soror

123 2677 222 2711 Iutta
248 2678 420 2722 (Sophia)
445 2681 653 2724 desponsata
679 2687 756 2716 erat
782 2683 845 2726 (es.
874 2694 987 2726 supra
1009 2695 1046 2726 p.
1066 2685 1140 2724 78),
1174 2683 1233 2716 sed
1257 2683 1340 2715 haic
1364 2684 1438 2716 iam.
1464 2695 1496 2718 a.
1524 2686 1627 2719 1055.

75 2735 111 2759 4ο
128 2725 261 2759 Berhta
285 2726 382 2760 Itala
417 2738 548 2770 sponsa
574 2733 661 2764 erat.
782 2732 819 2773 4)
856 2730 932 2763 Hoc
964 2730 1135 2773 (Annone
1166 2731 1408 2774 cooperante),
1443 2732 1536 2774 quod
1569 2742 1628 2765 nec

125 2772 253 2816 Lamp.
288 2784 403 2817 supra
431 2786 471 2818 p.
500 2777 559 2811 85.
594 2777 702 2819 dioeit,
739 2788 847 2821 neque
884 2779 979 2811 Ann.
1017 2777 1139 2812 Altah.
1179 2779 1352 2820 referunt,
1390 2779 1628 2820 confirmatur

122 2821 250 2854 notitia
275 2821 506 2856 dedicationis
530 2833 644 2866 supra
663 2835 702 2866 p.
721 2826 779 2865 85,
804 2836 839 2859 n.
859 2826 891 2860 2.
919 2825 1080 2859 laudata.
1164 2826 1201 2868 5)
1225 2827 1384 2860 Annone.
1429 2826 1485 2868 Cf.
1512 2838 1627 2870 supra

1291 2946 1338 2980 23
