2014 3184
342 238 411 272 262
709 231 977 268 LAMPERTI
1002 229 1255 267 ANNALES.
1306 228 1352 266 A.
1381 229 1485 266 1076.

227 359 330 393 1076.
345 357 474 413 genti
507 370 613 398 suae
646 357 844 411 patriam
886 355 1240 408 libertatemque
1283 353 1419 394 armis
1459 365 1729 408 recuperare
1771 365 1844 394 cu«

233 406 332 438 (¹¹⁶¹)
345 417 492 472 pienti
537 416 707 457 auxilio
750 416 1007 456 concurrat.
1079 413 1330 460 Postremo,
1380 412 1418 453 si
1458 411 1673 453 monitisa
1718 410 1842 452 ultro

345 491 438 518 non
479 476 770 523 assentiatur,
815 488 860 516 se
902 473 1207 528 proculdubio
1238 472 1330 513 vim
1368 471 1659 512 adhibituros
1691 472 1738 512 et
1770 484 1843 525 pa-

345 536 462 577 triae
494 535 789 589 proditorem,
824 533 1134 575 communium
1168 533 1421 573 castrorum
1455 531 1747 580 desertorem,
1790 531 1843 570 ut

347 595 513 649 dignus
547 594 618 641 sit,
654 593 820 635 eversis
853 592 1065 634 omnibus
1098 605 1214 645 quae
1247 591 1343 632 eius
1377 590 1481 640 sint,
1516 589 1677 644 procul
1710 589 1876 630 Saxo-⁵

347 654 424 694 nia
457 653 737 708 expulsuros.
801 652 876 693 Ad
907 652 1021 693 haec
1053 650 1133 692 ille
1166 650 1332 692 obnixe
1365 663 1441 691 eos
1473 663 1555 703 per
1585 648 1738 691 Deum
1769 648 1846 690 ob«

347 708 652 762 testabaturb,
696 714 749 752 ut
790 711 953 752 micius
995 710 1297 765 pacaciusque
1340 710 1552 762 agerent3
1601 721 1717 762 quae
1761 720 1846 762 pro·

349 771 579 814 communi
612 767 869 812 *commodo
910 769 1162 810 moliantur
1197 768 1380 809 racione
1413 781 1551 821 quam
1581 766 1844 810 temeritate
1859 780 1980 814 *112411

349 831 512 873 melius
544 830 812 884 procedere;
853 843 899 870 se
938 828 1148 882 protinus
1180 827 1425 868 missurum
1458 828 1504 868 et
1535 826 1634 881 regi
1665 825 1837 867 modise

349 890 560 932 omnibus
614 903 873 938 suasurum,
927 889 980 928 ut
1033 887 1261 941 principes
1325 886 1560 927 deditione
1621 885 1843 936 absolvat,
1860 898 1896 926 ιο

350 949 559 999 castella,
615 962 730 1002 quae
783 949 910 989 metu
962 946 1227 988 rebellionis
1274 945 1496 1000 pristinae
1544 940 1844 995 extruxeritd‚

350 1009 516 1058 diruat,
551 1008 680 1063 genti
718 1007 949 1049 Saxonum
990 1006 1267 1055 libertatem,
1310 1005 1434 1059 leges
1476 1018 1528 1046 ac
1569 1004 1671 1046 iura
1710 1003 1846 1046 maio-

349 1082 469 1117 rum,
513 1081 629 1121 quae
670 1081 751 1122 per
791 1067 883 1107 vim
931 1067 1089 1120 erepta
1135 1065 1307 1106 totiens
1354 1064 1492 1105 armis
1531 1063 1846 1118 repetiverint,

350 1127 580 1168 restituat.
636 1126 684 1168 Si
707 1125 898 1167 consilio
931 1125 1243 1179 adquiescate,
1278 1123 1428 1178 gravis
1461 1125 1599 1178 atque
1631 1123 1846 1178 ancipitis

351 1186 462 1228 belli
494 1185 768 1228 necessitate
802 1185 898 1227 sine
931 1185 1154 1238 sanguine
1187 1183 1429 1225 liberatam
1457 1195 1554 1224 esse
1577 1182 1895 1233 Saxoniam;15

351 1246 421 1287 sin
470 1247 643 1294 autem,
695 1259 741 1287 se
789 1258 872 1286 nec
913 1243 1087 1285 indulti
1134 1243 1320 1284 honoris
1362 1256 1514 1284 amore
1555 1255 1638 1284 nec
1686 1241 1846 1283 mortis

351 1307 478 1346 metu
519 1319 603 1346 1100
635 1303 933 1345 iurisiurandi
964 1303 1186 1357 religione
1217 1301 1418 1343 inhiberi
1454 1315 1598 1356 posse,
1641 1313 1700 1343 ne
1732 1314 1847 1342 com-

351 1378 536 1405 munem
577 1363 754 1418 patriae
794 1364 1129 1417 parentumque
1171 1375 1355 1402 suorum
1398 1374 1582 1402 causam
1612 1373 1757 1414 usque
1789 1359 1848 1401 ad

353 1426 607 1465 extremum
640 1422 853 1476 spiritum
876 1423 1050 1475 quanta
1075 1420 1219 1475 possit
1241 1420 1414 1461 virtute
1437 1419 1671 1470 defendat,
1703 1419 1846 1470 iuvet,

351 1484 552 1524 tueatur.
616 1481 674 1522 In
714 1482 828 1523 haec
859 1481 999 1522 verba
1039 1480 1216 1534 legatos
1259 1479 1489 1520 Saxonum
1532 1478 1718 1529 dimisit,
1761 1480 1848 1520 sta·
1861 1495 1896 1521 20

352 1542 527 1595 timque
569 1554 674 1582 suos
715 1541 773 1581 ad
814 1554 981 1594 regem,
1025 1539 1144 1581 sicut
1175 1538 1411 1593 pollicitus
1442 1539 1609 1589 fuerat,
1653 1537 1849 1580 destina·

352 1601 432 1651 vit,
475 1600 674 1654 presidio
716 1612 896 1654 quoque
938 1599 995 1640 ab
1038 1601 1234 1652 utroque
1276 1599 1444 1648 monte,
1488 1611 1623 1651 quem
1660 1610 1850 1652 occupa-

352 1662 493 1709 verat,
537 1659 750 1709 abducto,
794 1672 1081 1700 communem
1115 1658 1330 1711 deinceps
1366 1671 1470 1698 cum
1503 1655 1759 1698 Saxonibus
1790 1656 1850 1698 ad

354 1719 569 1760 socialem
601 1719 745 1759 vitam
777 1718 958 1772 agebat.

495 1778 593 1819 Rex
615 1778 671 1819 de
694 1778 766 1818 his
788 1790 903 1831 quae
937 1777 1200 1818 acciderant
1232 1775 1281 1816 in
1303 1775 1501 1816 Saxonia
1526 1775 1654 1830 gravi
1679 1775 1849 1816 nuncio
1862 1786 1898 1813 25

354 1839 556 1892 accepto,
592 1838 826 1891 comperto
859 1836 1011 1886 etiam,
1051 1835 1172 1889 quod
1206 1834 1375 1877 caeteri
1407 1834 1636 1889 principes
1669 1833 1850 1875 collatis

354 1910 435 1950 per
467 1896 626 1938 crebra
658 1895 981 1937 conventicula
1013 1894 1215 1936 consiliis
1238 1893 1548 1935 defectionem
1578 1893 1850 1934 meditaren-

352 1957 441 2005 tur,
475 1955 583 1996 hinc
615 1955 696 2004 ira,
730 1955 838 1995 hinc
871 1954 1183 1996 sollicitudine
1215 1953 1264 1994 in
1287 1953 1465 1994 diversa
1484 1947 1742 2007 raptatusf,
1776 1951 1851 1993 0111

353 2014 551 2067 primum
593 2013 751 2054 morbo
784 2014 1057 2061 mederetur,
1102 2012 1263 2053 anxius
1296 2011 1574 2066 ambigebat.
1639 2011 1729 2052 Sed
1760 2023 1850 2065 quo

352 2073 420 2113 ira
451 2072 722 2126 impellebat
754 2072 1030 2122 inclinatior,
1066 2072 1154 2112 adg
1183 2071 1541 2125 oppugnandam
1572 2070 1899 2112 Mettensemao

351 2131 513 2172 urbem
560 2131 811 2172 exercitum
859 2131 1100 2171 admovere
1154 2130 1390 2184 cogitabat
1437 2131 1483 2171 et
1530 2129 1587 2170 ab
1636 2129 1848 2184 episcopo
2010 2169 2014 2175 ,,

353 2190 485 2241 10011,
529 2190 652 2244 quod
694 2189 892 2231 creditos
934 2189 1169 2230 custodiae
1211 2202 1319 2230 suae
1357 2188 1586 2242 principes
1619 2202 1666 2230 se
1697 2188 1849 2229 incon-
2007 2178 2014 2223 1

354 2250 476 2291 sulto
518 2249 782 2299 dimisisset,
822 2248 1075 2289 vindictam
1117 2249 1342 2301 expetere.
1407 2247 1497 2288 Sed
1530 2249 1690 2288 contra
1720 2260 1849 2301 repu-
2006 2244 2014 2289 1

353 2311 457 2350 tans
489 2309 678 2350 turbata
709 2322 757 2349 re
789 2307 988 2362 publica,
1023 2306 1164 2348 dubia
1196 2307 1285 2348 fide
1317 2306 1590 2360 principum,
1625 2305 1848 2346 exhausto

354 2367 665 2422 superioribus
706 2367 840 2409 bellis
881 2366 1041 2415 milite,
1086 2367 1315 2407 extremae
1357 2364 1616 2406 dementiae
1654 2376 1751 2406 esse
1783 2378 1848 2404 ar·
1863 2378 1898 2405 35

355 2428 497 2468 duum
530 2427 704 2480 aliquid
736 2426 1068 2480 precipitanter
1108 2426 1398 2478 attemptare,
1441 2423 1666 2477 impetum
1707 2423 1849 2464 animi

354 2486 410 2527 ab
443 2486 706 2528 temeritate
738 2486 796 2526 ad
828 2479 1095 2539 pacaciorah
1133 2483 1324 2525 consilia
1360 2482 1591 2524 revocavit
1607 2483 1634 2521 ².

354 2614 382 2643 a)
402 2613 508 2638 montis
527 2613 552 2637 B
564 2613 589 2637 2.
655 2613 685 2644 b)
705 2612 871 2637 obtestatur
890 2612 916 2636 B
927 2611 971 2636 lb.
1028 2613 1055 2641 0)
1075 2618 1154 2636 omn.
1173 2608 1269 2635 modis
1289 2617 1365 2635 corr.
1386 2617 1424 2635 m.
1446 2616 1473 2634 0.
1495 2609 1521 2634 B
1531 2610 1558 2635 2.
1621 2609 1650 2639 d)
1670 2611 1760 2634 exstr.
1781 2609 1807 2634 B
1818 2609 1849 2640 23

356 2651 529 2673 extruxerat
541 2649 568 2672 B
579 2647 622 2673 lb.
686 2649 714 2679 0)
727 2655 793 2679 aeq.
808 2648 834 2672 B
845 2649 886 2672 1¹¹.
948 2648 972 2678 f)
985 2650 1089 2678 raptus
1103 2647 1129 2671 B
1140 2645 1182 2670 lb·
1193 2650 1217 2671 θ.
1282 2646 1312 2676 g)
1325 2645 1366 2670 Et
1379 2645 1416 2669 ad
1429 2645 1455 2669 B
1467 2644 1510 2670 lb.
1576 2643 1607 2678 h)
1622 2645 1759 2676 pacciora
1771 2645 1798 2669 B
1809 2643 1852 2671 lb.

357 2742 390 2784 1)
414 2742 646 2776 Her-iwanno.
687 2741 743 2783 Cf.
770 2752 882 2785 supra
903 2752 942 2784 p.
961 2742 1042 2776 258.
1128 2740 1164 2783 2)
1187 2740 1314 2783 Lamp.
1342 2739 1425 2772 haec
1450 2740 1544 2773 malo
1568 2740 1692 2772 ordine
1715 2743 1747 2772 et
1768 2748 1851 2782 per-
1862 2746 1899 2772 40

357 2800 449 2822 verse
472 2799 644 2822 narrasse
669 2789 818 2824 videtur.
867 2789 928 2821 Ea:
944 2788 1130 2821 Brunonis
1154 2797 1180 2821 c,
1199 2788 1255 2822 85.
1282 2787 1387 2820 elucet
1407 2787 1521 2829 paulo
1545 2790 1626 2820 ante
1649 2789 1851 2819 conventum

356 2836 600 2878 Moqontimmz
618 2836 716 2879 (Iun.
735 2837 799 2877 29)
825 2846 940 2878 reqem
957 2835 1140 2868 Saxonum
1166 2844 1291 2867 novam
1307 2834 1527 2868 rebellionem
1544 2834 1759 2876 comperisse.
1801 2831 1851 2864 Et

355 2888 538 2916 conventam
557 2883 836 2926 Wormatzffensis,
862 2886 903 2915 ut
920 2882 1101 2917 Barthold.
1122 2882 1234 2923 (Anu.
1254 2881 1291 2916 S.
1309 2881 1447 2921 Blasii)
1468 2893 1505 2924 p.
1524 2882 1604 2916 284.
1630 2883 1763 2914 narrat
1786 2880 1850 2921 (cf.
