1942 3198
236 211 368 247 LVIII
743 213 748 216 “
766 210 1065 247 PRAEFATIO
1091 211 1130 248 C.
1144 211 1192 249 V.

237 333 452 387 Hirsaug.
495 330 688 386 abbatis)
704 332 731 383 1,
783 337 876 374 orta
914 346 1000 374 esse
1038 331 1245 386 videntur,
1297 347 1390 376 cum
1428 333 1536 377 satis
1575 339 1730 380 constet

236 392 509 445 Lampertum
539 391 727 433 abbatem
757 392 1082 445 Hasunqensem
1112 405 1199 433 non
1228 391 1363 444 fuisse
1376 394 1404 434 2.

383 449 488 492 Cum
527 450 660 504 iqitur
690 449 903 503 praedicti
934 450 1092 493 codices
1124 464 1265 493 omnes
1295 465 1347 494 esc
1377 453 1610 506 eccemplari
1643 453 1690 497 B
1702 458 1724 497 1

236 508 441 562 oriqinem
497 509 769 562 sumpserint,
825 509 1003 550 maximi
1053 509 1251 551 momenti
1299 515 1376 564 est,
1433 513 1546 565 quod
1597 512 1728 557 libros

234 567 460 610 habeamus
498 567 584 610 sive
623 581 674 609 ecc
712 567 803 621 ipso
843 567 979 610 codice
1017 567 1063 610 B
1107 568 1194 611 sive
1238 582 1290 611 ecc
1329 570 1462 613 altero
1501 570 1593 614 eius
1630 585 1759 628 apo-5

231 626 394 680 yrolpho
425 626 667 680 descriptos,
710 639 886 680 quorum
920 626 1105 680 inteqros
1135 627 1332 671 Annales
1362 629 1586 684 Lamperti
1614 631 1728 675 solus

235 684 415 727 continet
446 687 571 727 codex

374 743 473 798 Be)
506 744 687 786 Dresd
696 744 844 787 ensis
876 744 1144 788 bibliothecae
1165 746 1307 801 reqiae
1338 747 1374 789 I
1390 751 1460 802 50,
1493 748 1596 792 olim
1614 749 1724 794 Aca-

233 802 392 845 demiae
414 802 663 856 Lipsiensis,
688 808 837 856 postea
858 803 1023 846 archivi
1042 804 1151 858 reqii
1171 805 1442 861 Dresdensis,
1475 807 1608 851 chart.
1630 807 1722 864 fol„

235 865 288 902 92
321 861 533 915 foliorum,
566 875 672 904 saec.
699 862 747 904 X
757 862 828 904 VI
843 862 926 904 in.3
957 864 1120 906 duabus
1150 864 1348 907 manibus
1377 870 1591 922 exaratm,
1623 880 1729 923 quar
1737 888 1775 923 1⁰.
1830 873 1864 930 ζ,

231 934 327 961 rum
348 921 476 973 prior
497 919 605 963 docti
625 920 788 963 scribae
818 921 852 973 f.
875 926 1031 964 1—65.
1063 923 1269 966 maiorem
1289 929 1462 978 partem
1481 925 1725 971 Annalium
1799 929 1804 931 ’
1852 935 1859 952 ”

230 978 460 1032 Lamperti,
493 979 629 1022 altera
659 979 692 1031 f.
718 984 842 1021 65—
855 984 923 1022 92.
955 981 1165 1034 reliquam
1188 987 1360 1036 partem
1390 998 1534 1028 eorwm
1563 989 1603 1029 et
1632 999 1724 1030 con-

230 1037 506 1080 tinuationem
537 1052 576 1079 a.
604 1042 908 1081 1078—1154.
941 1040 1122 1094 scripsit,
1156 1046 1195 1084 et
1225 1042 1392 1096 quidem
1413 1043 1543 1098 prior
1568 1058 1724 1088 ”mnus

229 1096 348 1147 foede
379 1111 429 1139 ac
459 1096 600 1139 minus
631 1102 837 1152 accurate,
871 1098 1023 1141 litteris
1053 1099 1276 1144 inclinatis
1299 1116 1392 1156 usa,
1425 1116 1557 1157 neque
1587 1104 1722 1147 ortho-

227 1155 410 1208 9raphia
450 1170 524 1199 nec
563 1156 782 1198 nominum
822 1157 976 1210 formis
1007 1159 1266 1213 antiquioris
1296 1161 1451 1205 codicis
1472 1162 1722 1218 plerumque
1736 1179 1771 1207 us
1811 1187 1813 1190 ·
1839 1158 1871 1217 ,¹2³

229 1214 422 1267 servatis,
475 1214 612 1257 altera
650 1219 688 1257 et
727 1216 907 1259 nitidius
947 1222 986 1260 et
1022 1219 1151 1261 multo
1191 1220 1451 1275 accuratius,
1501 1221 1722 1266 nominum

229 1272 380 1323 formis
411 1277 449 1315 et
473 1273 775 1328 orthoqraphia
800 1276 1057 1330 antiquioris
1083 1278 1237 1322 codicis
1266 1279 1507 1337 rebiqiosius
1534 1281 1720 1324 retentis.

164 1367 167 1369 μ
230 1331 389 1386 Pauca,
430 1345 535 1385 quae
576 1333 682 1375 alter
717 1334 858 1377 scriba
904 1336 1036 1389 leqere
1075 1338 1323 1391 nequiverat
1358 1339 1423 1382 vel
1461 1344 1720 1396 corruperat,

220 1389 347 1443 prior
392 1391 595 1445 supplevit
639 1393 703 1434 vel
748 1394 939 1436 correxit.
1011 1396 1143 1439 Hunc
1184 1397 1364 1441 codicem
1402 1412 1491 1442 non
1535 1412 1587 1442 eae
1630 1398 1722 1454 ipso

230 1449 365 1491 codice
395 1450 450 1503 B,
483 1452 557 1492 sed
585 1465 635 1493 ex
666 1453 907 1506 apoqrapho
938 1454 1057 1496 eius4
1091 1456 1156 1498 vel
1177 1456 1324 1510 potius
1354 1457 1591 1513 apoqraphi
1626 1472 1774 1516 apo-,q
1834 1470 1862 1518 Ἰγῖ

227 1508 388 1560 yrapho
420 1509 669 1563 descriptum
699 1525 784 1553 esse
806 1516 937 1565 patet.

372 1567 457 1609 Sed
494 1581 544 1610 ex
582 1568 672 1622 ipso
713 1570 849 1613 codice
879 1571 924 1613 B
955 1578 1146 1627 excerpta
1181 1579 1283 1618 sunt
1317 1575 1574 1631 fraymenta,
1614 1590 1721 1631 quae

229 1625 442 1668 continent
481 1628 561 1669 duo
593 1628 751 1671 codices
781 1629 829 1672 in
859 1632 1113 1675 monasterio
1146 1634 1190 1677 S.
1214 1634 1337 1676 Petri
1366 1634 1723 1689 Erphesfurtensi

227 1683 385 1738 scripti,
417 1685 606 1728 videlicet

228 1811 262 1854 1)
289 1811 344 1852 Cf.
372 1812 430 1848 ίΝ.
457 1813 601 1847 Archiv’
626 1814 740 1858 XIX,
769 1828 808 1859 p.
829 1819 907 1853 170.
933 1820 1004 1855 429
1021 1830 1072 1863 sq.
1194 1820 1231 1865 2)
1262 1821 1308 1855 In
1341 1825 1454 1856 monte
1486 1821 1771 1868 Hammqonoiwv
1831 1837 1850 1866 ς,

227 1868 258 1892 a.
288 1860 388 1894 1074.
417 1870 439 1892 a
469 1860 651 1903 Siqefrido
684 1863 944 1909 archiepiscopo
978 1867 1191 1910 Moyuntino
1225 1869 1425 1902 coenobium
1454 1870 1716 1914 canonicorum

226 1906 289 1947 qui
313 1907 473 1940 ordinem
498 1908 759 1944 Cluniacensem
783 1912 1018 1956 sequebantur
1042 1919 1075 1948 et
1098 1926 1122 1948 a
1146 1917 1354 1959 praeposito
1378 1916 1604 1961 reqebantur,
1635 1927 1718 1952 con-

225 1951 339 1984 ditum
371 1957 419 1986 est
452 1955 514 1996 (cf.
541 1955 722 1998 Siqefridi
753 1964 902 2002 cartam,
938 1961 1224 2005 Bohmer-Will‚
1256 1963 1341 2006 Req.
1367 1964 1522 2008 archiep.
1548 1963 1714 2008 Mummi.

226 1998 257 2040 I,
282 2010 317 2042 p.
336 2001 404 2035 202
422 2011 483 2043 sq.,
509 2013 565 2037 nr.
587 2005 681 2046 107).
732 2005 777 2038 In
802 2006 911 2040 huius
935 2012 1056 2042 cartae
1081 2010 1193 2043 altero
1219 2010 1418 2055 eoeemplari
1442 2011 1595 2054 leyitur:
1617 2011 1716 2047 hunc

228 2044 391 2079 ordinem
417 2047 546 2082 abbate
570 2049 768 2085 Lamberto
802 2053 984 2097 praeduce
1009 2057 1195 2091 consecuti
1219 2067 1354 2102 sumus,
1389 2059 1429 2091 in
1453 2058 1585 2093 altero:
1617 2057 1764 2096 huncio

227 2091 391 2126 ordinem
416 2093 613 2138 Lamperto
638 2098 818 2141 praeduce
843 2103 1028 2137 consecuti
1053 2105 1147 2139 sunt.
1201 2104 1281 2138 Sive
1304 2105 1399 2147 haec,
1432 2106 1504 2139 sive
1527 2105 1592 2139 illa
1617 2106 1716 2140 lectio
1762 2114 1765 2118 ‘
1838 2095 1859 2122 ,2

226 2149 309 2171 vera
342 2141 399 2181 sit,
431 2142 500 2175 sive
532 2144 826 2191 archiepiscopus,
863 2150 933 2182 sive
957 2152 1120 2184 canonici
1141 2151 1335 2195 Lamperto
1352 2152 1532 2195 praeduce
1554 2153 1715 2188 ordinem

228 2185 490 2220 Cluniacensem
523 2193 694 2224 consecuti
723 2195 806 2236 sint,
835 2201 936 2238 patet
968 2197 1063 2231 hunc
1087 2199 1321 2242 Lampertum
1345 2199 1504 2233 abbatem
1527 2201 1715 2235 cuiusdam

226 2235 435 2267 monasterii
472 2240 752 2280 conqreyationis
791 2242 1032 2279 Cluniacensis
1067 2246 1180 2287 fuisse
1214 2256 1276 2279 nec
1315 2247 1458 2281 misceri
1491 2257 1596 2291 posse
1634 2257 1715 2283 cum

225 2283 346 2313 nostro
371 2281 571 2325 Lamperto,
608 2296 707 2328 quem
738 2289 843 2321 etiam
868 2301 901 2325 a.
921 2292 1024 2328 1078.
1050 2293 1261 2326 monachum
1285 2293 1571 2336 Hersfeldensem
1599 2295 1763 2337 Τῖίῖθθθδῧ

225 2331 363 2370 constet,
390 2330 454 2370 qui
476 2331 581 2363 etiam
605 2335 687 2365 tunc
710 2336 872 2377 requiam
889 2338 925 2372 S.
940 2338 1120 2374 Benedicti
1136 2342 1322 2384 antiquam
1346 2345 1378 2375 et
1401 2341 1594 2385 simplicem
1613 2343 1714 2376 novin

225 2374 400 2407 institutis
424 2377 672 2411 monachorum
696 2391 731 2413 se
751 2384 940 2424 praeferre
965 2387 1039 2430 ipse
1055 2388 1191 2421 dixerit
1208 2388 1333 2431 (infra
1351 2399 1391 2432 p.
1407 2390 1504 2432 133).
1545 2389 1591 2425 A.
1607 2390 1711 2426 1081.

226 2419 429 2474 Siqefridus
452 2423 491 2455 in
515 2428 729 2461 monasterio
753 2429 984 2473 Hasunqensi
1011 2435 1202 2468 monachos
1224 2435 1503 2478 Hirsauqienses
1525 2436 1712 2480 collocavit,

225 2467 352 2509 quibus
371 2468 584 2504 Giselbertus
600 2473 706 2506 abbas
719 2477 922 2517 praefectus
946 2484 1004 2522 est,
1031 2491 1063 2516 a.
1084 2483 1187 2518 1085.
1213 2493 1237 2516 a
1255 2483 1429 2518 Wezilone
1452 2483 1715 2528 archiepiscopo

224 2514 357 2549 eiectus.
384 2516 582 2558 (Siyefridi
595 2523 708 2562 carta,
731 2522 1001 2559 Bo'hmer-Will
1020 2527 1051 2570 I,
1074 2540 1111 2572 p.
1126 2530 1208 2571 215,
1233 2540 1291 2565 nr.
1307 2531 1397 2572 152‚·
1421 2530 1516 2567 Ann.
1533 2530 1762 2569 cambus-,40

225 2571 257 2595 a.
278 2562 380 2603 1081,
406 2562 469 2598 SS.
490 2564 530 2606 V,
551 2576 588 2608 p.
609 2567 652 2606 7‚·
676 2567 769 2603 Hist.
788 2570 974 2616 Hirsauy„
1002 2574 1065 2610 SS.
1091 2575 1198 2618 XIV,
1220 2589 1258 2621 p.
1276 2579 1369 2618 263,·
1399 2578 1480 2610 Vita
1505 2577 1716 2613 willihelmi

224 2607 298 2642 abb.
317 2609 493 2652 Hirsauq.
519 2622 546 2646 c.
565 2614 621 2654 16,
648 2613 712 2649 SS.
725 2614 816 2658 XII,
837 2629 873 2660 p.
892 2620 989 2662 217).
1029 2622 1084 2664 Cf.
1102 2623 1283 2658 Schlereth
1298 2626 1339 2658 in
1356 2625 1539 2660 ‘Zeitsohr.
1562 2626 1590 2668 f.
1607 2625 1710 2661 Hei-38.

227 2654 360 2690 Gcsch.'
385 2656 457 2699 III,
479 2669 518 2700 p.
539 2660 607 2694 142
620 2671 669 2703 sq.
744 2662 779 2705 3)
804 2664 874 2704 Qui
896 2667 1002 2700 codem
1026 2674 1226 2712 compactus
1249 2675 1299 2705 est
1313 2682 1393 2705 cum
1417 2671 1509 2705 libro
1533 2673 1629 2716 typis
1651 2682 1711 2706 exc—

222 2711 315 2754 cuso,
339 2704 398 2735 cui
418 2705 646 2756 inscribitur:
671 2705 824 2742 Roberti
841 2709 999 2757 Gaguini
1021 2715 1156 2750 ordinis
1174 2716 1212 2753 S.
1227 2717 1416 2752 Trinitatis
1432 2718 1590 2753 ministri
1603 2729 1712 2764 gene-

223 2747 308 2780 rans
325 2748 369 2782 de
387 2750 525 2795 origine
542 2754 579 2786 et
594 2753 704 2796 gestis
717 2754 940 2792 Francorum
956 2762 1112 2804 perutile
1129 2765 1396 2808 compendium.
1419 2764 1592 2810 Lugduni
1606 2767 1710 2802 1497.
1722 2775 1760 2803 45

225 2794 279 2835 Cf.
300 2796 456 2829 ‘Archiv’
481 2799 541 2840 VI,
568 2810 609 2842 p.
627 2802 719 2841 224‚·
744 2802 795 2835 ‘N
794 2829 802 2837 .
820 2805 966 2839 Archiv’
990 2809 1097 2852 XIX,
1118 2821 1158 2853 p.
1179 2812 1246 2847 157
1263 2823 1313 2855 sq.
1414 2813 1452 2857 4)
1474 2814 1512 2846 F
1509 2818 1644 2848 ortae&
1665 2823 1712 2848 ea·

222 2851 259 2874 eo
284 2843 378 2884 quod
400 2845 495 2877 circa
521 2856 553 2880 a.
574 2848 676 2882 1155.
701 2849 914 2894 descriptum
939 2864 1009 2888 esse
1032 2866 1147 2898 supra
1168 2870 1205 2901 p.
1227 2865 1264 2901 L,
1291 2860 1314 2894 l.
1333 2861 1390 2895 31.
1416 2861 1552 2896 conieci.
