2014 3184
299 198 572 236 LAMPERTI
595 195 896 234 INSTITUTIO
922 191 1319 231 HERVELDENSIS
1344 189 1483 226 ECOL.
1581 191 1651 226 351

142 325 346 382 optimus
397 321 634 364 miraculis
686 319 847 361 multis
899 332 976 361 eos
1030 316 1295 360 consolatus
1348 315 1418 357 est
1479 313 1652 355 ibidem

144 384 341 430 ostensis
381 396 464 438 per
503 381 671 423 merita
707 381 974 421 sanctorum
1006 378 1308 432 patronorum
1341 372 1574 428 Wicperti
1607 374 1654 414 et

144 444 272 488 Lulli
285 443 314 486 ².
377 443 510 484 Inter
541 441 728 483 sanatos
769 438 960 480 advenit
995 450 1117 478 unus
1149 449 1205 478 ex
1235 435 1330 476 illis
1363 433 1442 488 qui
1473 433 1522 474 in
1555 431 1654 474 Col-

144 505 376 555 lebecoea,
419 501 544 557 quod
587 499 926 554 interpretatur
968 496 1236 551 ‘prunarum
1276 492 1430 544 rivus’,
1473 505 1654 534 coream

112 565 276 608 sillam
296 564 523 606 famosam
553 560 794 610 duxerant,
829 556 1057 599 tremulus
1089 569 1172 610 per
1199 567 1345 595 annos
1372 553 1465 594 iam
1487 551 1657 606 viginti

145 627 240 668 tres
251 625 280 664 ².
328 622 421 665 Hic
442 621 618 664 ibidem
640 632 779 662 sanus
800 618 968 667 factus,
1002 616 1209 657 Ruthart
1230 612 1430 663 nomine,
1465 611 1657 654 servicio

147 683 298 727 sancti
318 680 556 738 Wigberti
588 693 636 722 se
668 677 884 728 tradidit,
925 678 1086 731 gratus
1118 674 1219 716 Deo
1253 675 1300 716 et
1333 671 1506 714 sanctis
1545 670 1657 713 eius.

292 741 533 786 Oonradus
564 740 817 794 imperator
847 739 1056 791 tempore
1081 735 1179 777 eius
1206 733 1336 776 obiit.
1386 731 1533 774 Filius
1561 731 1659 773 eius
1675 733 1778 769 1039.

148 803 400 846 Heinricus
425 800 555 843 velut
587 799 707 842 alter
732 797 936 839 Karolus
966 796 1016 836 in
1047 807 1190 850 regno
1223 792 1457 842 successit,
1491 791 1660 833 virtuo-

99 880 136 906 10
149 877 227 906 sus
267 865 316 906 et
355 861 474 917 pius.
537 859 684 915 Nigro
726 859 839 908 erat,
882 856 963 899 sed
994 856 1190 897 venusto
1233 854 1437 908 aspectu,
1481 852 1661 892 statura

149 935 382 979 procerus.
443 920 565 962 Nam
607 919 664 961 ab
706 919 899 959 humero
941 917 988 958 et
1029 928 1211 956 sursum
1252 911 1487 955 eminebat
1524 923 1663 965 super

150 996 334 1026 omnem
374 979 600 1036 populum
614 978 642 1019 3.
706 977 814 1033 Ipse
856 976 1017 1018 aderat
1059 973 1287 1016 delicatus
1328 971 1481 1014 adhuc
1520 972 1566 1012 et
1598 969 1662 1011 in·
1675 960 1785 1039 ἓξὲξ)

149 1044 321 1084 unctus
361 1054 443 1083 rex
484 1037 769 1082 dedicationi
814 1035 1035 1079 ecclesiae
1081 1034 1324 1088 reparatae
1365 1029 1660 1080 Herveldiae,
1743 1025 1764 1033 ”

150 1116 289 1158 quam
351 1099 628 1143 dedicarunt
685 1096 966 1139 Humfridus
1023 1090 1458 1148 Magdeburgensis,
1513 1089 1662 1131 Kasso

102 1179 137 1206 15
149 1159 535 1215 Nuenburgensis
568 1160 615 1200 et
643 1155 894 1199 Hunoldus
920 1152 1289 1208 Mersburgensis
1322 1149 1526 1206 episcopi
1558 1163 1663 1191 cum

153 1234 379 1264 consensu
410 1218 639 1261 Bardonis
664 1215 972 1272 Moguntinae
1005 1213 1126 1256 sedis
1158 1210 1495 1266 archiepiscopi
1509 1205 1542 1259 *,
1578 1208 1662 1250 sub

367 1339 502 1390 nach,
546 1338 610 1379 du
642 1338 770 1391 starp
803 1330 983 1390 Keysser
1015 1332 1144 1383 Ourt,
1183 1331 1307 1373 unde
1348 1330 1411 1372 ist
1443 1344 1498 1370 zu
1531 1328 1666 1383 Spira
1681 1335 1784 1370 1039.

267 1505 271 1508 .
310 1454 347 1500 *)
368 1397 616 1489 ιέἕιξξῧὶῗοῗιῗη
641 1453 831 1496 exscripsit
855 1450 994 1485 Paulus
1019 1449 1127 1492 Lany
1159 1449 1181 1484 l.
1206 1448 1227 1484 l.
1251 1459 1291 1492 p.
1318 1447 1422 1489 1140,
1455 1446 1519 1490 qm?
1541 1443 1667 1478 habet.-

105 1520 142 1546 20
370 1503 535 1560 (Kasso
563 1505 806 1559 episcopus
829 1497 1086 1553 Citizensis)
1127 1498 1354 1541 Interfuit
1383 1495 1666 1539 dedicationi
1679 1485 1791 1563 (lssffl)

372 1565 593 1609 ecclesiae
625 1577 771 1606 novae
804 1560 1074 1604 monasterii
1099 1558 1435 1601 Hirsfeldensis
1469 1559 1516 1598 et
1543 1569 1666 1610 cryp-
1748 1551 1767 1556 ''

371 1628 448 1667 tae
490 1624 710 1667 eiusdem.
774 1622 849 1663 Ad
889 1635 1028 1676 quam
1066 1618 1393 1661 solennitatem
1426 1617 1524 1671 ipse
1557 1614 1667 1656 invi-

371 1687 501 1726 tatus
532 1683 626 1725 fuit
658 1696 752 1723 una
784 1695 889 1723 cum
922 1679 1146 1721 Hunoldo
1172 1675 1546 1731 Merseburgensi
1579 1674 1668 1729 epi-

374 1757 512 1799 scopo
545 1745 685 1797 atque
715 1735 995 1783 Humfridob
1023 1737 1384 1792 metropolitano
1418 1734 1669 1777 eorundem

111 1819 145 1844 25
168 1849 177 1855 ,
374 1801 788 1858 Magdeburgensi,
841 1800 890 1842 in
943 1800 1031 1841 hoc
1085 1796 1404 1840 consentiente
1454 1794 1668 1835 Bardone

376 1861 726 1918 Moguntinensi
760 1859 1120 1914 archiepiscopo,
1155 1857 1253 1899 eius
1286 1855 1376 1898 loci
1409 1854 1667 1896 diocesano.

377 1923 492 1964 Erat
524 1924 571 1964 et
602 1923 716 1963 tunc
751 1916 818 1970 (ut
848 1919 1105 1971 Lampertus
1137 1915 1240 1959 dicti
1272 1913 1458 1958 coenobii
1483 1911 1670 1964 H‘i‘rsfel-

378 1981 522 2024 densis
561 1979 794 2022 monachus
833 1982 872 2021 et
911 1976 1067 2020 nobilis
1102 1974 1329 2018 historicus*
1360 1973 1512 2027 refert)
1547 1985 1671 2028 prae-

379 2055 483 2084 sens
525 2054 607 2096 per
648 2054 695 2083 se
735 2040 989 2094 imperator
1029 2036 1262 2079 Henricus
1308 2034 1477 2077 tertius
1519 2033 1671 2074 adhuc

114 2118 150 2143 30
380 2101 667 2151 adolescens,
717 2099 797 2154 qui
843 2098 968 2153 cepit
1017 2094 1085 2146 (ut
1133 2094 1260 2147 insta
1306 2093 1436 2136 latius
1489 2091 1670 2145 dieetm)

379 2174 502 2203 anno
524 2162 709 2203 nostrae
732 2158 896 2201 salutis
917 2157 1068 2199 MXL.
1116 2165 1166 2198 Et
1187 2164 1299 2208 paulo
1321 2163 1501 2204 inferius:
1527 2151 1673 2203 Quem

380 2223 428 2263 et
458 2220 549 2275 ipsi
581 2218 747 2262 Carolo
778 2218 952 2273 Magno
983 2217 1140 2272 plures
1172 2213 1452 2256 assimilant:
1488 2225 1588 2253 eam
1622 2210 1674 2250 si-

381 2280 567 2335 quidem
589 2293 769 2322 morum
792 2276 1128 2326 excellentiam,
1164 2289 1265 2317 eam
1297 2273 1346 2314 in
1378 2272 1515 2314 rebus
1542 2283 1674 2324 agen-

382 2340 453 2382 dis
484 2338 891 2395 magnificentiam,
935 2350 1036 2379 eam
1069 2333 1398 2382 humilitatem,
1437 2331 1673 2385 pietatem,

119 2447 154 2474 35
167 2447 197 2478 a)
215 2444 381 2471 couebeeee
400 2452 425 2471 c.
500 2442 530 2477 b)
549 2443 709 2469 Hunifrldo
729 2442 824 2474 Lomy.

171 2539 208 2583 1)
236 2539 292 2581 Cf.
310 2538 506 2572 Ekkebmi
522 2538 593 2574 Vit.
610 2537 831 2572 Haimeradi
853 2547 879 2572 c.
901 2537 957 2577 11,
985 2535 1007 2570 l.
1028 2535 1051 2569 l.
1137 2533 1174 2575 2)
1199 2532 1347 2565 Primus
1372 2530 1531 2563 omnium
1548 2527 1676 2571 Lamp.

171 2587 305 2628 famosi
320 2586 422 2619 illius
438 2586 620 2627 miraculi,
637 2585 730 2629 quod
746 2596 781 2621 a.
797 2586 902 2620 1021.
919 2583 973 2616 vel
988 2582 1091 2618 1020.
1112 2581 1161 2614 vel
1177 2582 1279 2615 1013.
1298 2580 1432 2621 factum
1445 2587 1516 2611 esse
1532 2575 1677 2616 decitur,

171 2635 378 2668 mentionem
404 2634 498 2675 fecit.
549 2633 607 2674 Cf.
630 2633 728 2668 Will.
751 2631 947 2672 Malmesb„
976 2631 1080 2664 Gesta
1107 2638 1230 2670 reglum
1257 2626 1367 2669 Anyl.
1393 2628 1412 2666 ἓ
1432 2625 1512 2666 174,
1540 2622 1604 2657 SS.
1629 2622 1678 2663 X,

170 2693 206 2726 p.
231 2682 305 2716 464
329 2691 404 2725 sq.,·
442 2681 538 2716 Ama.
573 2680 609 2715 S.
636 2680 758 2714 Blasii
784 2679 984 2720 Brunsm'c„
1021 2677 1085 2710 SS.
1112 2675 1238 2716 XXX,
1270 2685 1307 2718 p.
1338 2674 1404 2713 17;
1442 2672 1539 2704 Arm.
1566 2669 1678 2712 stad„

125 2737 161 2763 40
173 2728 237 2764 SS.
251 2728 362 2770 XVI,
383 2739 422 2771 p.
440 2730 511 2763 313
522 2740 535 2767 ,·
561 2727 692 2762 Chron.
712 2728 849 2769 Minor,
875 2726 940 2761 SS.
958 2723 1101 2766 XXIV,
1128 2734 1163 2766 p.
1184 2724 1275 2761 18&
1300 2721 1442 2763 lonyam
1459 2719 1679 2759 relationem,

174 2776 239 2811 SS.
264 2775 412 2818 XXVI,
435 2786 474 2818 p.
500 2776 547 2810 28
563 2785 640 2818 sq.;
665 2773 909 2808 ‘Romanische
934 2769 1202 2813 For-schunyew
1228 2769 1288 2811 VI,
1319 2780 1356 2812 p.
1382 2768 1452 2803 481
1460 2777 1474 2807 ,·
1508 2765 1680 2800 Analecta

175 2823 353 2867 Bouana„
376 2823 492 2858 Catal.
519 2823 618 2858 codd.
645 2822 885 2866 hayioyraph.
912 2820 993 2854 bibl.
1012 2818 1179 2853 Bruxell.
1198 2817 1251 2858 II,
1275 2828 1314 2861 p.
1332 2817 1402 2852 382
1420 2825 1493 2859 sqq.
1567 2814 1604 2857 3)
1624 2812 1680 2854 Cf.

177 2870 275 2907 Ovae‘d.
301 2871 444 2905 Metam.
471 2869 545 2913 III,
569 2871 654 2906 182:
681 2869 850 2913 colloque
875 2870 982 2902 tenus
1007 2863 1256 2911 supereminet
1280 2873 1417 2898 omnes,
