2014 3184
503 192 775 230 LAMBERTI
798 192 1054 228 ANNALES.
1104 193 1152 228 A.
1181 195 1286 229 1077.
1585 193 1655 228 303

145 317 203 360 118
235 317 520 360 extrinsecus
551 317 843 359 retardetura
874 315 1234 371 impedimentis.
1289 315 1348 356 In
1379 315 1494 356 haec
1515 314 1657 356 verba
1671 311 1774 346 1077·

145 376 325 432 legatos
356 376 546 419 dimisit.
1669 358 1716 390 (M
1717 359 1773 385 ‘m
1783 358 1836 389 Μ)

289 436 418 492 Papa
439 436 608 478 certior
637 435 731 476 iam
752 435 907 477 factus
935 435 991 477 de
1023 434 1350 476 immutatione
1383 434 1526 475 animi
1558 433 1656 475 eius

7 508 134 544 tgna.
147 497 195 538 et
227 495 422 538 caeteris
452 496 603 546 rebus,
638 509 751 549 quas
785 495 844 536 ad
877 509 982 537 eum
1016 491 1125 535 *iam
1159 494 1338 549 pridem
1369 493 1497 534 fama
1529 493 1656 534 detu-

116 554 278 606 ulerat,
311 555 439 596 misit
470 555 683 610 protinus
715 549 1066 596 Bernhardumb
1105 554 1322 595 abbatem
1356 553 1412 595 de
1435 552 1655 603 Massilia,

146 614 296 656 virum
338 614 532 657 eximiae
581 614 942 656 conversationis
991 615 1037 655 et
1078 613 1332 654 multarum
1380 613 1429 653 in
1471 611 1656 654 Christo

146 674 393 725 virtutum,
442 674 556 716 item
598 674 742 715 alium
784 668 1135 715 Bernhardumb
1184 672 1467 714 cardinalem
1509 671 1656 712 diaco-

146 747 259 775 num
299 735 488 775 sanctae
519 733 755 775 Romanae
797 733 1047 775 aecclesiae
1064 732 1089 782 ¹,
1132 734 1186 773 ut
1228 731 1515 786 principibus
1547 731 1656 772 Teu-

147 793 318 835 tonici⁰
342 793 486 848 regni,
522 793 613 847 qui,
637 794 691 834 ut
724 806 864 847 supra
886 792 1063 834 dictum
1086 794 1169 842 est,
1205 791 1298 832 ΙΙΙ.
1322 791 1435 832 Idus
1458 787 1651 832 Marciid
1671 809 1760 835 Mart.
1772 808 1813 835 13.

100 852 419 894 10Forecheim
441 852 716 894 conventuri
738 854 883 902 erant,
918 853 1213 893 occurrerent
1236 864 1403 905 eosque
1436 864 1518 905 per
1540 850 1656 892 ordi-

147 925 254 954 nem
286 925 341 954 ea
372 925 489 966 quae
522 913 679 967 gestae
719 913 852 954 erant
885 911 1154 962 edocerent;
1189 924 1236 952 88
1268 910 1399 951 iuxta
1431 910 1656 964 placitum

149 971 309 1013 dedita
340 985 481 1026 opera
512 971 691 1013 enisum
723 971 886 1021 fuisse,
920 972 975 1012 ut
1007 970 1081 1012 die
1115 972 1161 1012 et
1193 970 1295 1011 loco
1328 971 1507 1011 statuto
1540 983 1656 1010 com-

148 1030 366 1072 munibus
398 1033 586 1073 sanctae
619 1030 869 1072 aecclesiae
902 1030 1189 1072 utilitatibus
1221 1029 1479 1071 tractandis
1502 1030 1656 1083 presto

149 1091 288 1140 esset,
338 1086 447 1132 sedf
494 1090 682 1132 domnig
727 1089 940 1132 Heinrici
981 1089 1226 1144 diligentia
1269 1089 1338 1130 ita
1379 1088 1656 1130 circumven-

102 1163 136 1190 15
148 1151 263 1200 tum,
297 1149 366 1191 ita
397 1163 568 1200 omnes,
602 1163 685 1204 per
716 1163 829 1204 quas
861 1149 1086 1190 transitus
1120 1163 1217 1191 esse
1250 1148 1491 1203 potuisset.
1525 1148 1657 1189 itine-

147 1222 252 1250 rum
283 1209 524 1264 angustias
556 1210 902 1264 preoccupatas,
937 1210 991 1250 ut
1023 1222 1108 1250 nec
1140 1210 1246 1250 tuto
1277 1208 1327 1248 in
1360 1206 1656 1249 Germaniam

148 1268 365 1324 progredi
397 1282 482 1310 nec
514 1270 620 1310 tuto
646 1268 841 1310 Romam
873 1268 1055 1323 regredi
1086 1267 1241 1310 valeat
1256 1268 1284 1307 2.
1332 1267 1534 1308 Proinde
1567 1280 1657 1308 mo-

148 1341 257 1370 nere
298 1341 394 1379 808,
443 1330 496 1369 ut
538 1328 632 1369 suis
673 1327 861 1370 interim
905 1327 1044 1369 rebus
1086 1329 1132 1369 et
1174 1340 1316 1381 regno
1359 1326 1654 1376 Francorum,

149 1387 272 1441 quod
313 1387 395 1429 diu
440 1387 534 1428 iam
574 1387 712 1428 unius
759 1387 960 1429 hominis
1003 1386 1171 1441 puerili
1217 1386 1409 1428 levitate
1450 1387 1654 1435 vexetur,

100 1446 332 1501 soquaqua
378 1447 557 1502 possint
606 1447 786 1489 ratione
834 1447 1134 1488 moderentur
1147 1446 1174 1497 3,
1225 1446 1389 1496 donec,
1445 1445 1483 1486 si
1531 1445 1657 1487 Deus

148 1505 275 1557 velit,
309 1506 528 1562 adempta
558 1506 739 1548 itineris
762 1506 1058 1556 difficultate,
1091 1506 1190 1561 ipse
1211 1506 1368 1547 venire
1401 1507 1448 1546 et
1475 1505 1657 1546 collatis

148 1565 199 1606 in
230 1565 435 1607 medium
467 1566 689 1616 consiliis,
734 1565 844 1619 quid
887 1540 1104 1615 utilitati,
1149 1565 1260 1619 quid
1293 1564 1530 1606 honestati
1568 1578 1657 1605 om-

149 1624 291 1675 nium,
325 1625 438 1679 quid
462 1625 565 1679 paci
598 1600 937 1667 ecclesiasticae
971 1599 1199 1678 expediat,
1235 1624 1489 1666 secundum
1518 1623 1657 1703 eccle-

150 1683 359 1726 siasticas
391 1684 516 1739 leges
549 1685 795 1726 decernere
828 1678 1020 1738 possith.
1355 1705 1358 1708 ·

101 1819 137 1845 25
293 1802 390 1844 Nos
422 1815 548 1844 more
580 1802 743 1844 inertis
775 1804 939 1857 poetae
973 1804 1177 1844 extremo
1209 1802 1302 1842 iam
1334 1801 1383 1842 in
1405 1814 1541 1855 opere
1564 1800 1657 1841 lan-

149 1863 422 1916 guescentes
454 1861 750 1916 ingentisque
783 1861 1004 1903 materiae
1044 1861 1164 1903 mole
1198 1860 1432 1915 superati4
1472 1860 1522 1900 in
1564 1860 1657 1901 lon-

149 1996 179 2026 a)
198 1994 403 2020 retardaretur
422 1994 502 2022 Blb.
605 1995 636 2026 b)
660 1993 847 2020 Bel-nardum
867 1995 929 2023 Al.
1020 1994 1047 2027 8)
1070 1995 1216 2021 Theuton.
1236 1994 1297 2021 32.
1390 1992 1421 2025 d)
1440 1993 1472 2018 in
1493 1994 1560 2020 add.
1580 1993 1606 2018 Β
1618 1994 1658 2020 1⁸.

150 2031 178 2062 e)
196 2033 265 2056 sunt
284 2030 363 2062 add„
382 2031 432 2056 aed
451 2031 505 2058 del.
524 2030 603 2058 31⁸.
688 2029 711 2060 s)
730 2038 762 2056 88
781 2031 859 2058 131¹.
943 2029 974 2063 g)
993 2030 1106 2056 domini
1126 2030 1152 2055 A
1164 2032 1187 2057 l.
1207 2030 1285 2057 131⁸.
1371 2029 1403 2060 h)
1422 2028 1470 2055 etc
1490 2030 1558 2056 add.
1578 2028 1659 2056 Blb.

152 2143 187 2186 1)
219 2143 274 2176 Hi
300 2144 411 2188 prius
443 2145 482 2178 in
509 2144 742 2177 Germaniam
776 2145 880 2177 missi
910 2147 1006 2187 sunt,
1042 2155 1150 2187 quam
1178 2143 1376 2186 Greyorius
1400 2147 1507 2176 antea
1532 2152 1659 2175 memo-

103 2200 138 2226 30
150 2195 255 2224 ratus
271 2191 321 2224 ad
338 2202 452 2234 reyem
471 2191 770 2235 proficisceretur.
811 2192 868 2234 Cf.
886 2192 988 2226 Paul.
1007 2191 1195 2226 Bernried.
1221 2201 1248 2225 c.
1267 2192 1325 2225 88.
1343 2192 1412 2230 89,·
1441 2189 1659 2223 Giesebrecht

151 2238 224 2282 III,
245 2249 285 2282 Ρ.
306 2240 410 2274 1153.
533 2241 569 2283 2)
595 2239 640 2272 In
666 2239 811 2283 epistola
835 2239 885 2272 ad
907 2239 1108 2283 praedictos
1133 2239 1265 2281 leyatos
1291 2238 1376 2280 Req.
1399 2238 1466 2279 IV,
1487 2239 1545 2272 23.
1571 2237 1658 2270 data

151 2297 184 2320 a.
214 2288 317 2322 1077.
353 2287 451 2320 Maii
474 2288 532 2322 31.
567 2287 652 2320 dicit
680 2287 878 2329 Greyorius
912 2288 1056 2320 minime
1089 2297 1125 2319 se
1160 2297 1181 2318 α
1216 2296 1296 2328 reye
1331 2285 1540 2327 impeditum
1575 2295 1656 2326 esse,

150 2334 339 2376 quominus
355 2335 394 2367 in
414 2334 646 2368 Germaniam
661 2335 959 2378 proficisceretur,
981 2334 1040 2368 sed
1055 2334 1235 2377 proficisci
1249 2334 1453 2376 nequivisse.
1529 2333 1565 2374 3)
1583 2331 1659 2365 Nec

150 2381 242 2414 talia
273 2392 410 2425 papam
438 2382 669 2425 principibus
702 2382 892 2415 mandasse
925 2392 970 2414 eoe
1002 2382 1078 2415 cius
1112 2381 1270 2424 epistolis
1304 2381 1388 2422 Ray.
1423 2379 1494 2420 IV,
1518 2380 1575 2414 23.
1600 2380 1657 2413 24.

104 2436 139 2463 35
158 2428 262 2470 VIII,
289 2430 346 2464 51.
378 2432 487 2473 patet,
523 2429 651 2472 quibus
685 2429 814 2473 Lamp.
849 2430 990 2472 quidem
1025 2429 1186 2462 indicare
1219 2428 1328 2461 voluit
1362 2437 1555 2460 concessam
1589 2436 1660 2459 esse

148 2476 375 2520 principibus
401 2477 579 2509 licentiam
603 2477 757 2510 alterius
781 2476 934 2519 eliyendi
957 2478 1063 2519 reyis.
1109 2476 1195 2509 Vide
1220 2485 1309 2518 quae
1335 2474 1517 2508 Bet-thom.
1544 2474 1658 2514 (Ann.

152 2522 190 2557 S.
207 2522 343 2565 Blasii)
364 2534 403 2566 p.
420 2525 506 2559 292.
531 2524 573 2557 de
597 2525 645 2558 iis
669 2534 758 2567 quae
782 2535 806 2557 a
832 2524 958 2566 leyatis
983 2524 1087 2556 dietis
1112 2524 1152 2555 in
1178 2525 1343 2555 ammenta
1370 2521 1662 2554 Forchheimensi

152 2573 232 2602 acta
257 2571 331 2603 sint
355 2572 483 2614 optime
506 2574 537 2605 et
562 2572 742 2605 verissime
767 2573 911 2615 exponit
937 2574 966 2603 et
991 2570 1096 2604 Paul.
1118 2569 1304 2603 Bernried.
1330 2580 1356 2603 c.
1375 2569 1433 2603 88.
1486 2568 1557 2609 Qui
1580 2569 1659 2610 qui-

152 2615 230 2649 dem
254 2617 363 2659 leyati
385 2619 501 2660 magis
525 2628 634 2661 quam
654 2629 756 2661 papa
781 2619 890 2652 voluit
914 2618 1109 2651 electionem
1132 2617 1279 2657 Rudolfi
1300 2617 1516 2658 promovisse
1540 2615 1659 2648 viden-

104 2667 216 2698 wtur
249 2663 396 2705 (Bruno
429 2675 456 2699 c.
484 2667 558 2705 91).
609 2665 704 2698 Sane
736 2666 910 2708 intelliyis
941 2665 1004 2698 hoc
1039 2665 1122 2705 loeo,
1158 2674 1230 2707 qua
1256 2665 1391 2696 astutia
1422 2663 1506 2696 haec
1530 2662 1657 2706 Lamp.

153 2712 399 2754 composuerit,
433 2722 506 2754 qua
539 2712 682 2744 malitia
716 2714 838 2746 omnia
872 2714 912 2745 in
941 2713 1062 2745 odium
1088 2713 1184 2753 reyis
1209 2711 1425 2744 converterit.
1546 2711 1584 2753 4)
1616 2710 1659 2742 Ut

154 2758 197 2792 B.
223 2757 365 2792 Simeon
389 2760 528 2792 monuit
552 2759 610 2794 (Ν.
634 2759 788 2792 Archiv'
808 2759 861 2801 II,
885 2771 920 2803 p.
939 2761 1010 2794 449
1022 2770 1086 2801 ΒΨ,
1114 2758 1242 2800 Lamp.
1270 2758 1353 2790 haec
1378 2757 1482 2790 verba
1507 2758 1660 2801 sumpsit

152 2815 198 2838 esc
230 2804 333 2849 Sulp.
368 2805 488 2839 Severi
518 2806 618 2840 Vitae
651 2807 810 2840 Martini
841 2817 867 2841 c.
894 2808 959 2841 26:
999 2805 1074 2840 Sed
1107 2805 1180 2838 iam
1214 2803 1325 2838 finem
1360 2803 1452 2838 liber
1485 2803 1659 2848 postulat,
