2014 3184
485 189 755 236 LAMPERTI
779 188 1034 225 ANNALES.
1084 189 1133 226 A.
1160 190 1263 226 1076.
1567 191 1638 225 275

126 313 400 368 suspicatus.
464 313 709 355 Interdum
742 313 882 355 etiam
922 313 971 354 in
1002 325 1177 362 nemus,
1221 312 1344 366 quod
1386 311 1635 352 munitioni
1652 309 1754 365 1976-

127 373 400 428 contiguum
432 375 544 423 erat,
578 374 798 415 venatum
821 386 1030 427 pergens,
1064 371 1305 426 impositos
1328 371 1469 425 equis,
1505 370 1635 412 cuius
1649 355 1824 387 (septfict)

126 432 194 475 rei
229 432 418 475 vixdum
460 434 587 474 aetas
629 432 816 487 paciens
859 434 970 482 erat,
1015 445 1170 473 secum
1211 431 1277 472 ire
1319 430 1634 485 permittebat,

127 493 182 534 ut
214 505 453 548 oppressas
495 505 670 534 merore
713 505 766 533 ac
807 491 935 533 tedio
968 493 1147 533 mentes
1180 491 1268 532 hoc
1301 490 1636 531 advocamento

94 553 401 594 srecrearent.
466 550 582 593 Cum
625 551 713 594 hoc
755 551 909 606 sepius
950 551 1139 601 faceret,
1190 549 1477 592 consuetudo
1525 549 1637 590 fidu-

127 611 259 662 ciam,
293 611 464 653 fiducia
496 611 766 653 custodibus
800 611 1097 653 securitatem
1130 610 1354 664 pariebat,
1389 611 1442 650 ut
1475 609 1540 650 eis
1573 609 1636 649 in-

128 670 398 726 dulgentius
444 671 494 712 in
542 671 640 713 dies
683 670 922 725 diligentis
964 670 1202 712 custodiae
1250 669 1384 711 frena
1425 669 1636 710 laxarent

129 732 176 772 et
207 730 454 785 absumpta
494 731 586 772 iam
629 731 755 772 omni
796 730 1069 785 suspicione,
1115 729 1332 783 quicquid
1366 728 1634 778 voluissent,

128 789 269 831 etiam
310 790 482 844 absque
524 790 710 831 arbitris
753 803 829 831 eos
871 803 1007 844 agere
1049 790 1335 844 paterentur.
1401 787 1637 842 Ceperunt

79 862 114 887 10
126 849 284 904 igitur,
311 849 592 904 ubicumque
618 851 802 904 tempus
824 851 870 891 et
894 849 1047 890 locum
1072 848 1370 890 secreciorem
1392 847 1519 888 nacti
1540 847 1637 889 fue-

127 910 246 959 rant,
271 922 503 951 sermones
521 912 806 959 consererea,
831 908 1010 964 patriae
1033 909 1370 963 parentumque
1387 907 1632 957 recordari,

128 963 542 1023 peregrinationisb
580 968 817 1010 molestias
861 967 1101 1022 deplorare
1145 970 1210 1018 et,
1259 969 1313 1007 ut
1361 980 1443 1021 pro
1486 966 1636 1008 salute

128 1041 212 1070 sua
244 1027 418 1082 aliquid
452 1027 553 1070 Deo
586 1028 772 1083 auspice
805 1029 1096 1078 conarentur,
1131 1026 1305 1068 mutuis
1338 1040 1385 1068 se
1419 1025 1636 1067 suasioni-

127 1087 214 1129 bus
244 1087 454 1129 incitare.
508 1086 721 1139 Quadam
754 1101 862 1142 ergo
896 1087 983 1137 die,
1019 1101 1124 1128 cum
1155 1086 1287 1127 iuxta
1319 1085 1508 1127 solitum
1540 1099 1636 1140 pre—

80 1161 113 1186 ιδ
128 1147 281 1188 dictus
313 1146 636 1189 Eberhardusc
677 1161 832 1189 secum
875 1146 1124 1201 assumptis
1167 1146 1231 1188 eis
1271 1147 1492 1187 venatum
1526 1145 1637 1186 exis-

128 1208 216 1256 set,
267 1208 315 1248 et
361 1206 421 1248 ad
466 1206 805 1257 insectandam,
850 1220 967 1260 quae
1010 1219 1119 1248 casu
1160 1206 1444 1253 occurrerat,
1488 1204 1634 1246 feram

127 1279 298 1313 omnes,
331 1268 386 1307 ut
418 1266 518 1308 fieri
550 1266 733 1317 assolet,
777 1265 1028 1307 inconditis
1062 1265 1353 1313 clamoribus,
1396 1264 1635 1306 ferventis-

127 1325 253 1367 simis
286 1325 452 1367 studiis
486 1325 822 1375 discurrissent,
867 1324 1050 1380 pueruli
1082 1324 1163 1366 ubi
1196 1338 1243 1366 se
1277 1323 1398 1365 solos
1431 1323 1635 1365 adverte-

125 1386 249 1435 runt,
293 1385 532 1427 custodem
572 1385 768 1435 nullum,
813 1398 889 1427 eos
927 1384 1006 1439 qui
1038 1383 1176 1425 simul
1207 1385 1427 1425 venatum
1460 1397 1635 1438 proces-

78 1446 284 1486 20serant
323 1444 520 1486 aliarum
561 1459 715 1486 rerum
762 1445 1065 1494 immemores,
1116 1443 1202 1485 soli
1243 1456 1360 1497 quae
1409 1442 1636 1497 agebatur

125 1504 363 1546 venationi
408 1504 756 1555 intentissimos,
807 1504 993 1558 quantis
1041 1504 1236 1558 possunt
1282 1502 1457 1544 viribus
1506 1502 1634 1556 equis

126 1563 332 1606 subdunt
373 1563 589 1613 calcaria,
633 1578 715 1618 per
756 1563 988 1605 condensa
1031 1562 1269 1612 silvarum,
1314 1576 1395 1616 per
1437 1561 1635 1616 abrupta

126 1623 366 1674 montium,
410 1637 492 1678 per
533 1637 734 1664 concava
774 1622 979 1673 vallium,
1023 1621 1219 1676 periculi
1260 1621 1331 1662 sui
1372 1621 1445 1662 vel
1492 1621 1630 1675 negli-

126 1685 287 1736 gentes
327 1682 402 1724 vel
444 1684 798 1737 contemptores,
843 1682 968 1722 dicto
1011 1681 1152 1723 cicius
1194 1680 1402 1730 evolant;
1451 1694 1536 1721 nec
1584 1680 1634 1720 in

77 1757 111 1782 25
127 1743 304 1783 certum
346 1741 547 1795 aliquem
589 1741 742 1783 locum
774 1741 976 1795 regionis
1007 1740 1159 1795 ignari
1191 1754 1375 1781 cursum
1409 1739 1630 1793 dirigunt,

126 1797 235 1842 sed‘l
271 1801 439 1842 laxatis
470 1803 644 1843 temere
678 1801 884 1850 habenis,
928 1813 1217 1854 quocumque
1258 1799 1459 1853 impetus
1493 1812 1633 1852 equos

125 1860 320 1906 ferebat,
364 1860 612 1915 precipites
652 1862 808 1900 ruunt.
874 1859 1023 1901 Celeri
1064 1873 1201 1902 cursu
1241 1858 1511 1899 transmisso
1559 1872 1632 1899 ne-

125 1933 250 1962 more
283 1920 342 1961 ad
364 1919 594 1961 Moineme
627 1914 882 1973 [fluviumf]
907 1919 1196 1973 perveniunt,
1230 1918 1507 1972 piscatorem
1534 1917 1631 1959 illic

125 1979 372 2020 offendunt
418 1979 467 2019 in
514 1979 686 2034 scapha
732 1978 1011 2033 piscatoriag
1062 1977 1266 2032 capturis
1307 1971 1531 2031 piscium¹¹
1567 1977 1631 2017 in-

76 2054 112 2080 30
126 2038 432 2088 cumbentem,
468 2038 601 2080 evehi
633 2051 680 2080 se
702 2033 1014 2092 Mogontiami
1047 2039 1228 2092 petunt,
1264 2036 1484 2078 clamides
1511 2050 1628 2086 suas,

125 2097 291 2152 quibus
313 2097 643 2148 vestiebantur,
678 2098 895 2152 quoniam
918 2097 1046 2138 aliud
1078 2097 1127 2137 in
1150 2098 1368 2151 promptu
1401 2110 1494 2137 non
1517 2098 1629 2142 erat,

125 2157 375 2199 evectionis
406 2157 612 2212 precium
644 2157 861 2199 offerunt.
916 2156 1005 2198 Ille
1037 2156 1111 2198 vel
1143 2155 1297 2211 precio
1330 2155 1526 2197 allectus
1558 2155 1631 2196 vel

124 2216 419 2259 miseratione
451 2216 815 2271 periclitantium
850 2218 1086 2271 permotus
1108 2238 1165 2243 —
1190 2215 1276 2256 hoc
1311 2215 1433 2256 enim
1468 2227 1522 2255 ex
1545 2216 1630 2256 tre-

124 2275 362 2330 pidatione
403 2278 450 2318 et
492 2278 674 2318 caetero
707 2276 910 2330 corporis
942 2277 1077 2330 gestu
1109 2274 1248 2316 facile
1282 2273 1541 2316 coniciebat
1575 2297 1630 2300 —

76 2335 323 2390 &benigne
363 2335 412 2376 in
454 2335 716 2377 naviculam
755 2335 958 2389 suscepit
997 2337 1043 2376 et
1085 2333 1382 2382 utensilibus,
1424 2346 1540 2386 quae
1582 2333 1630 2373 in

123 2394 338 2436 navicula
370 2397 520 2445 erant,
564 2395 830 2449 adopertos,
874 2408 931 2435 ne
965 2393 1142 2435 scilicet
1184 2393 1240 2434 ab
1279 2392 1630 2445 insequentibus

125 2456 496 2508 agnoscerentur,
530 2449 865 2508 Mogontiamk,
900 2455 953 2493 ut
979 2454 1268 2506 rogaverant,
1298 2451 1460 2493 evexit.
1511 2451 1630 2504 Equi

126 2525 295 2562 eorum,
327 2513 525 2554 transito
548 2527 695 2562 amne,
728 2513 778 2553 in
799 2507 1043 2554 ulteriorel
1075 2512 1176 2565 ripa
1207 2511 1338 2551 iuxta
1368 2510 1630 2551 naviculam

77 2583 112 2608 40
126 2571 334 2612 mirum¹¹¹
365 2572 415 2612 in
447 2572 635 2613 modum
668 2572 907 2613 moderato
940 2571 1087 2625 gradu
1121 2569 1442 2618 decurrebant,
1477 2570 1543 2610 ita
1576 2571 1629 2610 ut

0 2640 230 2674 ’na->acum
271 2631 411 2672 eunte
442 2631 657 2672 navicula
697 2631 872 2685 pariter
902 2630 1036 2680 irent,
1081 2643 1185 2670 culn
1223 2628 1503 2670 subsistente
1538 2625 1630 2682 *pa—

125 2758 154 2787 a)
173 2756 311 2781 conseri-e
330 2755 409 2783 ΒΗ),
482 2756 513 2787 b)
532 2757 791 2789 perigrinacionis,
813 2764 828 2782 e
847 2763 990 2788 super-scr.
1009 2763 1084 2782 corr,
1104 2762 1220 2787 peregr.
1234 2755 1260 2779 B
1272 2753 1314 2781 lb.
1387 2754 1414 2786 c)
1434 2754 1630 2780 Everhardus

124 2792 221 2818 151.2.
295 2791 324 2822 d)
343 2791 368 2816 si
387 2789 467 2820 Bib.
541 2794 568 2823 e)
588 2796 717 2818 montem
736 2793 821 2824 31⁸3
842 2793 977 2817 Moenem
997 2792 1040 2818 ed.
1054 2791 1146 2822 prior
1162 2797 1327 2824 perperam.
1395 2791 1419 2819 f)
1437 2790 1512 2815 deest
1533 2791 1558 2815 B
1571 2792 1593 2817 l.
1605 2792 1629 2818 2.

125 2828 155 2859 g)
173 2827 314 2859 piscatori
334 2826 413 2854 ΒΗ).
504 2827 536 2858 h)
561 2826 767 2853 intendentem
787 2829 865 2859 add,
885 2828 934 2852 sed
953 2827 1042 2851 nno'nu‘o
1061 2826 1116 2853 del.
1135 2826 1212 2852 Bu.
1301 2826 1323 2856 i)
1343 2826 1531 2858 Mogunciam
1551 2826 1577 2851 B
1589 2827 1629 2854 1⁸.

77 2861 112 2887 45
125 2862 157 2894 k)
176 2863 359 2894 moguntiam
379 2863 461 2890 131⁸.
533 2863 554 2894 1)
574 2863 717 2888 ulteriora
737 2863 799 2891 ΒΞ.
878 2862 918 2895 ω)
938 2863 1044 2887 mirum
1064 2875 1099 2880 —-
1117 2861 1257 2887 navicula
1278 2861 1320 2886 bis
1339 2868 1395 2889 scr.
1414 2861 1494 2889 Blb.

1274 2921 1342 2956 18*
