1968 3164
208 2167 311 2202 1063.

323 265 392 298 122
690 262 958 298 LAMPERTI
981 263 1235 301 ANNALES.
1284 265 1331 300 A.
1359 267 1464 303 1071.

323 387 460 426 nema
507 386 818 439 prosternunt.
884 385 990 440 Ipse
1033 400 1137 428 cum
1177 388 1335 442 paucis
1375 389 1450 430 vix
1490 390 1604 446 fuga
1644 392 1826 448 elapsus

324 444 383 485 ad
429 446 608 498 patrem
653 445 815 486 tantae
864 444 1144 487 calamitatis
1192 448 1387 490 nuncius
1427 450 1580 492 rediit.
1652 452 1695 492 A
1735 465 1826 507 quo

323 505 511 558 propter
541 502 662 545 male
693 506 847 557 gestas
878 517 951 546 res
983 505 1313 548 contumeliose
1343 508 1573 562 repulsus,
1608 510 1700 552 alia
1729 525 1823 552 rur·

325 557 451 603 sumb
503 562 600 612 via,
655 563 897 616 quoniame
950 563 1039 605 hac
1086 578 1178 606 non
1225 567 1538 619 successisset,
1588 569 1827 612 fortunam

323 623 552 676 temptare
600 618 914 675 adgrediturd‚
964 623 1117 664 omnia
1169 627 1376 679 paratuS,
1427 627 1568 668 etiam
1620 631 1858 672 extremas

324 681 515 735 perpeti,
549 682 604 721 ut
636 680 863 722 maculam
885 683 1087 724 veterem
1114 683 1252 724 factis
1277 686 1611 729 recentioribus
1634 688 1826 731 elueret.

324 739 567 794 Reparatis
598 739 793 781 navibus
827 742 874 782 et
900 754 1093 783 numero
1115 742 1317 784 militum
1347 744 1607 788 instaurato
1638 747 1827 790 marinis

325 799 493 840 iterum
534 798 751 840 fluctibus
793 812 840 840 se
882 800 1096 851 credidit,
1140 801 1188 842 in
1228 802 1463 856 regionem
1510 804 1824 861 longinquam,

324 858 405 899 ubi
437 859 593 900 sedem
623 858 814 912 vaganti
846 858 999 900 Deuse
1038 861 1327 910 ostendisset,
1360 862 1450 904 iter
1480 863 1704 907 facturus.
1767 865 1828 908 Et

326 930 430 958 ecce
472 919 575 971 post
615 931 785 972 paucos
828 918 922 958 dies
968 920 1247 974 tempestate
1293 920 1595 965 infestissima
1641 924 1827 967 circum·
1842 938 1878 964 10

325 978 510 1026 ventus,
560 976 719 1017 multis
760 990 947 1018 suorum
994 979 1238 1032 naufragio
1284 981 1483 1032 amissis,
1533 983 1630 1038 ipse
1676 984 1828 1026 nudus

325 1035 620 1089 omniumque
659 1049 813 1077 rerum
854 1049 993 1090 egens
1025 1037 1100 1078 vix
1142 1040 1189 1079 et
1221 1051 1355 1093 aegre
1388 1039 1436 1080 in
1468 1037 1632 1083 littusf
1668 1043 1827 1085 evasit.

326 1094 508 1136 Dehinc
551 1096 785 1149 assumpto
827 1095 1008 1150 plebeio
1050 1097 1215 1138 habitu
1248 1098 1370 1140 inter
1401 1112 1477 1141 eos
1509 1101 1588 1155 qui
1620 1101 1828 1144 Ierosoli-

325 1168 446 1195 mam
500 1167 638 1195 causa
689 1154 909 1196 orationis
956 1156 1212 1210 pergebant
1261 1156 1710 1215 Constantinopolim
1761 1161 1828 1204 ire

326 1213 537 1268 para-bat,
579 1216 800 1255 vocatusg
835 1227 888 1256 eo
930 1215 1100 1256 crebris
1142 1215 1452 1270 legationibus
1488 1218 1879 1263 Northmanno-ffi»

326 1267 473 1323 rumh,
517 1273 596 1326 qui
638 1273 722 1314 sub
764 1270 1063 1328 imperatorei
1107 1274 1622 1332 Constantinopolitano
1663 1279 1828 1322 milita-

327 1331 452 1379 bant,
487 1332 656 1386 quique
689 1332 742 1382 ei,
778 1332 816 1373 si
847 1332 960 1374 illuc
991 1334 1181 1385 veniret,
1224 1335 1374 1377 tocius
1407 1334 1629 1380 Grreciaek
1664 1339 1828 1393 princi-

327 1392 488 1445 patum
530 1390 872 1445 pollicebantur
887 1391 912 1431 1.
987 1392 1077 1434 Sed
1116 1393 1367 1448 imperator
1409 1395 1827 1453 Constantinopoli-

326 1452 482 1499 tanus,
526 1452 759 1504 comperto
792 1451 879 1492 hoc
912 1451 1121 1502 consilio,
1165 1453 1318 1495 omnia
1349 1454 1557 1506 flumina,
1597 1470 1680 1511 per
1710 1470 1828 1511 quae

327 1509 550 1550 transitus
582 1505 653 1550 in¹
696 1508 908 1551 Greciam
940 1523 1037 1552 esse
1069 1513 1263 1565 poterat,
1307 1514 1527 1568 appositis
1559 1516 1879 1558 custodibusso

328 1568 560 1609 observari
598 1568 730 1618 fecit,
770 1571 823 1609 ut
865 1569 1175 1624 deprehensus
1216 1571 1323 1613 ilico
1362 1573 1688 1616 trucidaretur.
1752 1575 1826 1617 Sic

329 1629 520 1668 conatus
562 1629 838 1682 ceptumque
871 1628 1009 1670 eiusm
1039 1628 1224 1670 irritum
1263 1630 1369 1672 fuit·
1432 1632 1636 1675 Tandem
1673 1634 1827 1676 adver-

327 1688 430 1728 tens
471 1686 535 1727 sic
575 1686 827 1729 infeliciter
859 1687 946 1729 sibi
984 1689 1155 1739 cedere,
1199 1702 1533 1745 quamcumque
1564 1692 1686 1734 viam
1715 1694 1827 1735 tem-

327 1747 504 1800 ptasset
545 1746 895 1800 amplificandae
935 1747 1110 1801 gloriae
1151 1761 1277 1799 suae,
1321 1750 1537 1805 deinceps
1577 1751 1626 1792 in
1672 1765 1826 1807 perpe-

326 1806 460 1845 tuum
474 1808 494 1827 ¹¹
547 1805 604 1846 ab
652 1806 996 1860 oppugnatione
1049 1809 1308 1849 exterarum
1359 1810 1570 1862 gentium
1622 1811 1827 1853 animum
1839 1822 1878 1850 25

327 1864 536 1905 avocavit
577 1866 715 1918 atque
755 1865 804 1905 in
836 1865 1051 1917 Fresiam,
1091 1880 1207 1921 quae
1240 1868 1432 1909 confinis
1464 1871 1534 1910 est
1565 1869 1823 1922 flandriae,

327 1923 402 1964 cui
433 1923 730 1965 Thidericus⁰
777 1925 1008 1978 quondam
1050 1927 1230 1968 comes2
1268 1929 1315 1968 et
1351 1929 1456 1982 post
1487 1929 1612 1970 hunc
1643 1929 1826 1972 Floren-

325 1982 419 2022 tius
434 1981 449 2005 3
480 1982 626 2024 frater
657 1983 754 2024 eius
785 1984 1102 2038 imperaverat,
1136 1985 1440 2040 irruptionem
1471 1987 1599 2029 fecit.
1652 1987 1732 2029 Bis
1759 1988 1826 2030 ibi

327 2040 566 2082 commisso
598 2041 743 2095 prelio
764 2042 914 2084 victus
947 2045 1021 2085 etp
1051 2044 1242 2098 fugatus
1275 2047 1356 2086 est.
1409 2046 1615 2088 Tandem
1646 2047 1824 2090 incolae

326 2099 415 2140 loci
447 2099 606 2141 multis
639 2101 965 2143 certaminibus
998 2103 1222 2154 exhausti,
1257 2117 1361 2145 cum
1386 2105 1592 2146 animum
1624 2106 1720 2148 eius
1750 2106 1824 2149 vel
1838 2119 1876 2146 ³0

327 2158 386 2199 ad
417 2160 613 2200 mortem
643 2159 716 2200 vel
745 2159 803 2200 ad
823 2160 1065 2201 victoriam
1096 2162 1382 2204 obstinatum
1414 2167 1666 2215 cernerent,
1698 2165 1823 2208 ultro

327 2230 373 2259 se
415 2217 457 2258 ei
498 2217 775 2260 dediderunt
787 2218 816 2259 4.
891 2218 1024 2270 Quod
1067 2220 1150 2261 ubi
1194 2221 1340 2263 frater
1387 2223 1484 2264 eius
1525 2223 1823 2266 Balduwinus

326 2331 355 2364 a)
374 2332 600 2357 internetionem
619 2333 646 2357 A
658 2334 681 2359 1.
748 2332 779 2366 b)
798 2340 900 2358 rursus
919 2333 980 2361 B2.
1041 2333 1068 2366 c)
1088 2335 1233 2365 quomodo
1252 2335 1320 2367 ,113
1341 2336 1376 2366 ct:
1390 2344 1422 2367 p.
1438 2337 1498 2369 116,
1521 2345 1547 2364 η.
1561 2335 1589 2365 d.
1654 2337 1684 2370 d)
1702 2337 1823 2370 aggred.

326 2367 351 2391 B
363 2368 386 2394 1.
397 2368 423 2395 2.
496 2369 524 2399 e)
543 2375 597 2395 om.
616 2368 642 2392 Β
653 2369 693 2395 1².
784 2368 807 2401 f)
825 2369 894 2394 litus
913 2369 939 2393 B
950 2371 990 2396 1².
1074 2368 1104 2402 g)
1122 2371 1233 2395 vocatis
1251 2371 1278 2395 B
1289 2369 1331 2397 lb.
1341 2371 1367 2403 2,
1387 2372 1486 2396 statim
1505 2379 1581 2399 corr.
1601 2375 1724 2398 vocatus
1742 2373 1822 2402 ΒΗ).

326 2403 356 2434 h)
375 2410 526 2430 normann.
545 2404 607 2430 B2.
697 2404 718 2435 i)
737 2404 916 2436 imparatore
934 2404 1013 2431 Blb.
1105 2404 1136 2437 k)
1154 2406 1253 2437 gracie
1272 2406 1350 2433 131⁸.
1441 2406 1462 2439 l)
1481 2413 1544 2432 esse
1563 2410 1623 2439 pot,
1641 2408 1672 2433 in
1691 2408 1742 2436 Gr.
1761 2409 1821 2438 ΒΞ,
1835 2406 1872 2433 35

325 2438 366 2471 m)
385 2446 439 2465 om.
458 2439 519 2466 B2.
586 2438 617 2471 n)
636 2439 760 2471 imperp.
779 2438 858 2467 Blb.
926 2439 954 2473 ο)
973 2439 1165 2466 Thiederieus
1185 2442 1245 2468 B2.
1317 2441 1348 2474 p)
1367 2448 1402 2466 ac
1422 2442 1483 2469 Al.

327 2534 361 2577 1)
387 2533 513 2566 Nescio
537 2544 585 2566 cm
602 2533 818 2577 Lampertus
834 2534 876 2567 de
897 2534 1060 2567 Haraldi
1079 2535 1282 2568 Hardrada
1303 2536 1566 2579 Norweqiensis
1587 2538 1713 2571 itinere
1731 2537 1822 2572 Con-

324 2581 642 2623 stantinopolitano
665 2584 695 2613 et
711 2581 1036 2624 Hierosolymitano
1058 2584 1153 2615 circa
1179 2593 1211 2617 a.
1232 2584 1334 2618 1045.
1360 2583 1455 2624 facto
1476 2584 1672 2628 quidquam
1695 2586 1825 2618 incerti

324 2629 541 2670 compererit,
577 2628 671 2671 quod
703 2628 798 2670 falso
832 2630 872 2661 in
906 2629 1098 2662 Robertum
1122 2630 1311 2663 Fri-sonem
1344 2631 1593 2671 transtulerit,·
1629 2632 1675 2673 cf.
1701 2632 1822 2675 Faqr-

323 2675 458 2707 skinna
482 2685 508 2710 c.
529 2677 728 2718 150—164‚
754 2676 803 2711 ed.
829 2676 870 2710 P.
888 2676 932 2711 A.
950 2676 1086 2709 Munch
1110 2680 1140 2709 et
1166 2677 1202 2711 G.
1220 2677 1265 2712 R.
1291 2677 1409 2719 Unyer
1432 2678 1694 2720 (Christianiae
1711 2680 1870 2722 1847)ae

318 2733 358 2764 p.
379 2723 590 2763 106—112‚·
614 2722 753 2756 Snorro
770 2722 895 2765 Sturl.,
920 2723 1202 2766 Heimskrinqla,
1227 2724 1382 2759 Harald.
1408 2719 1534 2760 Ῑιανόν.
1561 2736 1588 2760 c.
1614 2727 1742 2768 3—15,
1769 2725 1819 2761 ed.

325 2768 363 2803 C.
382 2769 425 2803 R.
453 2769 571 2812 Unyer
595 2770 858 2812 (Christz'aniae
875 2771 986 2813 1868)
1004 2781 1044 2813 p.
1063 2772 1263 2807 547—558.
1360 2773 1397 2815 2)
1423 2773 1492 2807 IV.
1519 2783 1553 2806 α.
1573 2774 1819 2809 1039—1049.

323 2816 360 2858 3)
387 2815 416 2850 Ι.
445 2826 477 2850 α.
498 2817 743 2853 1049-1061,
865 2818 902 2861 4)
928 2818 973 2852 A.
993 2819 1095 2853 1063.
1122 2818 1296 2851 Robertus
1323 2819 1535 2852 Gertrudem
1567 2820 1712 2852 viduam
1735 2820 1820 2854 Flo-

323 2864 434 2895 rentii
456 2865 591 2896 comitis
617 2874 649 2898 a.
670 2866 772 2900 1061.
799 2866 904 2898 occisi
924 2874 1075 2898 uaeorem
1098 2865 1205 2898 duoeit
1239 2867 1275 2899 et
1300 2865 1350 2899 sic
1374 2866 1588 2900 comitatum
1611 2865 1758 2901 Fresiae
1782 2868 1820 2901 et

322 2907 571 2943 Holdlandiae
596 2910 801 2955 adquisivit,
827 2912 924 2947 Arm.
950 2911 1143 2955 Eqmund„
1169 2912 1232 2947 SS.
1251 2912 1360 2955 XVI,
1382 2925 1420 2957 p.
1438 2915 1507 2949 447
1515 2925 1528 2954 ,·
1552 2914 1648 2949 Ann.
1675 2913 1817 2956 Bland„
1830 2922 1866 2948 45
