2046 3190
420 239 490 274 248
788 241 1059 280 LAMPERTI
1083 246 1336 284 ANNALES.
1382 250 1430 286 A.
1458 254 1561 289 1075.

261 369 405 413 1074s5,
418 362 519 402 tum
561 361 682 405 lesae
715 364 823 406 fidei
855 367 1198 424 archiepiscopo
1231 371 1563 428 improperans,
1607 390 1766 419 necem
1799 378 1842 420 ei
1873 381 1920 422 et

419 421 631 463 omnibus
664 427 807 477 quaea
846 425 942 466 eius
976 430 1128 469 essent
1160 429 1389 481 ultimum,
1432 434 1470 474 si
1502 435 1634 489 copia
1666 436 1808 488 fieret,
1849 451 1919 480 ex·

417 481 685 522 terminium
723 484 1117 527 machinabaturl.
1181 488 1303 531 Item
1335 491 1452 532 alius
1485 494 1670 547 quidam
1705 510 1760 538 ex
1791 497 1919 539 mini-

418 539 523 580 stris
557 540 666 591 eius,
702 555 835 595 quem
864 543 1128 587 Coloniensi
1160 549 1408 592 aecclesiae
1442 549 1652 607 propriab
1689 555 1919 599 industria

420 598 517 653 ipse
551 600 877 654 adquisieratc,
913 617 1137 659 quemque
1169 608 1227 648 ob
1258 609 1345 650 hoc
1377 611 1780 666 indulgentissimo
1807 629 1948 658 sem-⁶

416 671 497 712 per
529 659 702 700 affectu
725 661 931 704 coluerat
954 667 1000 705 et
1023 664 1155 706 bonis
1188 668 1412 719 omnibus,
1449 671 1589 712 etiam
1621 686 1759 728 supra
1789 677 1916 717 nata-

416 717 482 758 les
514 731 619 760 suos
652 719 1028 775 locupletaverat,
1067 729 1256 780 repente
1297 727 1543 771 insolentia
1581 732 1734 774 servili
1766 733 1915 776 elatus

414 777 575 830 iugum
618 779 984 823 aecclesiasticae
1024 784 1258 826 servitutis
1299 787 1421 841 cepit
1454 788 1741 833 detractared
1777 806 1915 848 seque

414 836 462 876 in
510 836 774 880 libertatem
819 840 1024 883 violento
1069 844 1267 896 quodam
1314 846 1412 888 iure
1459 848 1550 889 fori
1597 863 1702 891 cum
1748 865 1916 908 magna

415 895 749 951 archiepiscopi
799 901 1080 943 contumelia
1125 905 1321 946 asseruit
1335 906 1362 945 2.
1436 906 1551 948 Tum
1591 923 1699 951 vero
1744 911 1914 954 crebris
1928 927 1962 954 10

198 969 398 1002 Apoc.10,10.
414 955 639 997 mortibus
672 970 881 999 carorum
914 973 1098 1001 suorum
1136 962 1204 1004 ita
1236 965 1512 1008 amaricatus
1545 969 1615 1009 est
1647 970 1694 1010 et
1724 970 1913 1014 vulnere

237 1029 343 1061 101116,
356 1030 399 1055 15.
415 1014 622 1056 concisus
670 1029 807 1071 super
846 1018 1052 1070 vulnus³,
1103 1024 1156 1062 ut
1204 1036 1389 1065 saxeum
1434 1039 1614 1081 quoque
1661 1031 1822 1083 pectus
1866 1032 1913 1073 et

231 1089 302 1114 Luc.
315 1090 341 1120 «ς,
353 1090 398 1114 48.
415 1086 552 1128 supra
584 1077 762 1129 petram
784 1076 1034 1119 fundatum
1067 1081 1328 1123 aedificium
1350 1087 1595 1128 concutere
1627 1090 1782 1142 posset
1811 1091 1910 1131 tam

295 1126 397 1173 1075.
412 1133 658 1175 vehemens
705 1134 784 1177 ille
831 1137 970 1179 turbo
1015 1140 1351 1194 temptationis.
1419 1144 1493 1185 Ad
1540 1145 1757 1188 ultimum
1802 1148 1912 1191 data

270 1173 399 1239 ιοῖἒῖίῖ
413 1191 637 1235 Satanae⁰
677 1194 725 1234 in
751 1209 934 1238 carnem
957 1195 1165 1252 quoquef
1193 1201 1289 1242 eius
1321 1204 1553 1256 potestate
1567 1204 1595 1255 4,
1630 1205 1784 1249 ulcere
1815 1221 1958 1263 pes-1⁵

412 1251 525 1293 simo
549 1266 789 1306 percussus
812 1257 882 1296 est
913 1256 962 1296 in
994 1260 1188 1312 utroque
1218 1261 1334 1314 pede
1349 1261 1375 1310 ⁵,
1409 1262 1477 1303 ita
1508 1266 1561 1304 ut
1593 1267 1909 1318 putrescentes

409 1311 635 1364 paulatim
669 1326 826 1355 carnes
859 1315 1132 1367 defluerent,
1177 1321 1223 1360 et
1256 1320 1363 1362 hinc
1404 1321 1511 1363 inde
1553 1323 1755 1366 abducta
1787 1328 1906 1378 cute,

410 1371 723 1425 consumptisg
751 1373 976 1425 carnibus,
1002 1376 1110 1417 fedo
1134 1381 1323 1432 aspectu
1346 1393 1448 1421 ossa
1471 1382 1771 1424 nudarentur.
1818 1384 1908 1436 Qui

408 1429 593 1470 morbus
627 1431 773 1484 primo
805 1433 956 1487 pedes,
1001 1431 1136 1476 deinh
1182 1450 1313 1479 crura
1353 1441 1399 1480 et
1439 1439 1616 1482 femora
1655 1442 1908 1486 miserabili

408 1488 543 1529 modo
567 1489 784 1544 depastus
818 1494 899 1540 est,
934 1507 986 1534 ac
1019 1494 1082 1535 sic
1116 1498 1219 1550 post
1252 1497 1518 1540 diuturnam
1550 1503 1955 1546 macerationemzo

254 1563 353 1594 mn,
368 1564 392 1589 τ.
407 1549 654 1601 penetrans
696 1550 754 1590 ad
786 1550 959 1602 vitalia,
1003 1554 1203 1596 animam
1242 1569 1378 1611 super
1417 1561 1660 1613 argentum
1697 1561 1804 1616 igne
1836 1577 1906 1605 ex-

408 1603 686 1648 aminatumi
736 1610 977 1664 probatam
1025 1614 1071 1654 et
1117 1617 1363 1669 purgatam
1409 1618 1672 1673 septuplum
1717 1621 1774 1663 de
1817 1622 1904 1664 hac

188 1651 337 1720 ἷῖξηξῗῦᾂζ
349 1653 395 1716 {52³3
408 1665 543 1707 domo
584 1667 711 1710 lutea
757 1671 1014 1712 transmisit
1062 1673 1120 1714 ad
1162 1674 1348 1716 domum
1395 1690 1488 1718 non
1536 1692 1674 1720 manu
1715 1679 1902 1733 factam,

273 1736 394 1768 (Mart.)
407 1727 642 1767 aeternam
674 1727 723 1768 in
750 1729 901 1770 caelis.
951 1731 1021 1772 De
1050 1746 1140 1786 qua
1171 1747 1219 1775 re
1253 1734 1444 1777 dimidio
1471 1736 1569 1779 fere
1595 1752 1729 1790 anno,
1763 1740 1905 1794 prius-

406 1798 543 1838 quam
587 1786 683 1827 vita
727 1789 968 1831 excederet
982 1790 1008 1840 ⁶,
1059 1794 1235 1833 certum
1283 1807 1387 1835 eum
1434 1796 1610 1838 fecerat
1656 1799 1904 1842 manifesta
1916 1817 1951 1844 2⁵

403 1844 638 1886 revelatio.
682 1832 838 1907 ‘Visus
856 1847 869 1871 ⁷
900 1851 970 1890 est
1003 1851 1123 1892 enim
1156 1852 1244 1894 sibi
1276 1854 1461 1895 domum
1493 1857 1736 1909 quandam,
1777 1859 1903 1901 omni

405 1903 567 1945 decore
608 1905 734 1947 intus
773 1908 819 1948 et
857 1907 970 1949 foris
1011 1911 1402 1964 resplendentem,
1445 1914 1630 1957 intrare.
1694 1916 1755 1958 Et
1796 1931 1901 1960 ecce

402 1961 451 2001 in
483 1963 712 2005 subselliis
745 1965 1040 2009 iudicialibus
1072 1972 1308 2024 tamquam
1341 1973 1399 2013 ad
1433 1971 1708 2016 conciliumk
1743 1976 1902 2019 solem-

401 2020 523 2062 niter
565 2024 742 2064 evocati
783 2026 1047 2068 residebant
1079 2027 1388 2072 Heriberdus¹
1431 2031 1716 2076 Coloniensis
1758 2036 1901 2078 archi·

399 2123 428 2152 a)
448 2123 498 2153 qui
518 2124 558 2153 fr.
633 2124 662 2154 b)
681 2126 787 2157 propia
806 2127 886 2153 ΒΝ.
960 2131 986 2160 c)
1006 2131 1119 2162 aequis.
1140 2132 1219 2158 Bla.
1235 2134 1261 2158 2.
1336 2135 1365 2165 d)
1385 2133 1553 2162 detrectare
1578 2137 1608 2163 V.
1628 2138 1731 2163 solum.
1805 2138 1834 2172 e)
1851 2146 1900 2166 sa·
1912 2145 1948 2172 ω

399 2158 490 2183 thane
509 2159 571 2184 132.
646 2161 670 2191 f)
689 2168 745 2186 om.
765 2161 846 2188 Blb.
930 2163 961 2196 g)
981 2167 1222 2198 consumptisque
1240 2169 1281 2198 fr.
1364 2170 1394 2200 h)
1415 2169 1525 2196 deinde
1544 2171 1624 2198 Blb.
1707 2174 1729 2205 i)
1749 2175 1901 2200 examina-

399 2195 459 2219 tam
469 2194 546 2220 Blb.
603 2195 634 2226 k)
648 2197 801 2222 consillum
811 2198 890 2224 Blb.
904 2213 939 2217 —
952 2200 1107 2232 sollempn.
1119 2202 1146 2226 B
1156 2203 1182 2227 2.
1192 2203 1222 2229 V.
1278 2204 1300 2236 l>
1314 2205 1510 2231 Heriberthus
1523 2208 1550 2232 A
1561 2209 1591 2241 15
1607 2209 1782 2235 Heribertus
1795 2210 1896 2238 132.V.

399 2278 434 2320 1)
452 2277 508 2319 Cf.
526 2288 640 2321 supra
651 2290 691 2322 p.
705 2281 784 2322 196,
803 2291 838 2315 u.
853 2282 883 2316 1.
958 2284 994 2326 2)
1015 2283 1187 2317 Videntur
1204 2286 1252 2318 ad
1267 2296 1346 2319 eum
1357 2289 1539 2330 pertinere
1555 2300 1644 2332 quae
1660 2291 1700 2324 in
1720 2292 1802 2325 Vita
1819 2293 1897 2326 An-

397 2326 503 2358 nonz's
526 2325 578 2368 II,
601 2328 644 2362 10
669 2331 722 2370 (p.
740 2329 828 2370 487)
852 2333 1070 2366 narrantur.
1108 2331 1283 2368 HESSE.
1364 2336 1400 2378 3)
1426 2336 1470 2370 A.
1489 2337 1591 2372 1066.
1609 2337 1690 2372 Iun.
1706 2340 1739 2373 1.
1766 2341 1898 2374 occasus

398 2376 446 2404 est
460 2372 558 2406 Cuuo
576 2374 860 2418 archiepiscopus
879 2376 1114 2420 Tremo-ansae,
1131 2390 1236 2422 nepos
1248 2380 1412 2415 Annonis
1428 2383 1560 2425 (supra
1573 2395 1612 2427 p.
1626 2386 1724 2429 103),
1743 2397 1777 2421 α.
1791 2388 1894 2423 1075.
1909 2398 1944 2424 ³5

396 2418 495 2452 Mau·
509 2422 566 2455 23.
593 2421 780 2462 defunctus
797 2427 846 2456 est
861 2423 978 2467 Anno,
1005 2436 1110 2468 nepos
1134 2428 1211 2460 eius
1233 2429 1443 2462 carissimus
1466 2431 1572 2472 (Vita
1589 2431 1755 2467 Annonis
1769 2433 1843 2476 III,
1859 2435 1893 2477 1,

392 2477 431 2510 p.
448 2468 547 2511 498).
589 2469 703 2503 Paulo
722 2474 803 2512 post
828 2470 912 2504 obiit
929 2472 1178 2507 Herimannus
1196 2476 1308 2517 prior
1323 2476 1602 2521 Sieybu-rqensis,
1628 2480 1663 2512 ei
1684 2481 1896 2516 carissimus

395 2514 502 2555 (Vita
517 2515 680 2549 Annonis
695 2517 768 2559 III,
783 2519 818 2559 2,
831 2529 871 2560 p.
885 2520 984 2561 498).
1058 2522 1094 2564 4)
1113 2521 1228 2555 Paulo
1238 2526 1429 2566 postquam
1447 2526 1552 2559 Anno
1569 2536 1602 2560 a.
1618 2527 1722 2563 1075.
1739 2527 1845 2564 Febr.
1858 2530 1893 2565 2.

395 2564 649 2596 rummandum
674 2564 922 2606 Hersfeldense
955 2568 1122 2610 visitavit,
1159 2579 1272 2603 mense
1296 2570 1400 2606 Febr.
1427 2573 1466 2604 in
1492 2573 1652 2606 morbum
1677 2575 1813 2618 incidit,
1849 2586 1894 2610 ex

394 2618 462 2650 quo
479 2620 593 2643 mense
609 2611 811 2646 Februario
833 2618 977 2648 eoeeunte
993 2616 1170 2649 convaluit
1177 2628 1191 2656 ,·
1217 2617 1299 2650 Vita
1316 2618 1482 2652 Annonis
1498 2620 1551 2662 II,
1567 2622 1623 2656 24.
1638 2623 1694 2664 25,
1709 2633 1750 2665 p,
1761 2624 1831 2659 496
1841 2634 1892 2667 sq.
1905 2635 1940 2661 40

394 2656 431 2698 5)
454 2656 572 2690 Mense
599 2657 668 2694 Oct.
695 2660 854 2700 ἡκακία,-
895 2661 976 2694 Vita
1001 2662 1165 2696 Annonis
1198 2662 1270 2707 III,
1292 2666 1324 2700 5.
1344 2666 1385 2705 6,·
1419 2667 1465 2707 cf.
1503 2669 1601 2710 epist.
1636 2669 1685 2702 ad
1708 2670 1893 2704 Annonem

393 2702 457 2735 hoc
480 2707 632 2748 tempore
656 2705 790 2749 datam,
817 2707 1034 2752 Sudendmf,
1061 2710 1145 2752 Rey.
1172 2710 1224 2752 II,
1244 2722 1284 2754 p.
1302 2714 1350 2747 34
1365 2723 1428 2756 sq„
1455 2725 1514 2750 nr.
1532 2716 1588 2751 28.
1711 2717 1747 2758 6)
1775 2717 1820 2750 Id
1842 2721 1892 2751 est

393 2749 469 2789 fere
485 2761 600 2784 mense
616 2752 734 2795 Iunio,
761 2755 822 2787 sed
846 2755 952 2796 infra
971 2767 1010 2799 p.
1025 2758 1106 2798 250,
1125 2758 1146 2792 Ζ.
1162 2759 1194 2792 6.
1222 2762 1372 2802 tempore
1389 2762 1683 2804 quadram-simae
1707 2764 1829 2806 (Febr.
1845 2766 1891 2800 18

392 2797 540 2840 -Αρφπ
558 2800 599 2836 4)
634 2799 697 2833 hoo
727 2801 864 2841 factum
897 2813 966 2836 esse
999 2804 1105 2839 dimit.
1229 2806 1263 2849 7)
1298 2807 1395 2840 Haec
1419 2811 1598 2853 eoescripta
1623 2814 1706 2844 sunt
1735 2812 1774 2844 in
1807 2811 1890 2845 Vita

391 2843 557 2878 Annom's
582 2846 635 2889 II,
661 2848 720 2889 25,
750 2859 789 2891 p.
807 2850 888 2891 497,
925 2851 1018 2884 unde
1051 2862 1091 2884 ea
1117 2862 1305 2894 pervenere
1330 2855 1378 2886 ad
1402 2865 1544 2890 carmen
1573 2857 1825 2891 Germanicum
1849 2859 1938 2895 in45

393 2890 533 2925 laudem
559 2893 597 2926 S.
618 2894 782 2927 Annonz's
806 2896 938 2929 editum
962 2908 989 2931 σ.
1015 2900 1072 2934 42.
1098 2900 1156 2940 43,
1181 2910 1210 2934 v.
1231 2901 1300 2935 712
1316 2911 1388 2944 sqq.
