1950 3302
666 305 963 345 PRAEFATIO
990 309 1029 347 G.
1047 309 1099 348 Π.
1543 317 1641 354 XXI

119 423 256 478 paulo
277 429 378 479 post
407 425 494 468 alio
526 431 760 471 atramento
791 431 1001 486 subfusco,
1043 434 1118 476 sed
1145 449 1278 478 manu
1309 436 1473 480 scribae
1505 453 1636 483 emen-

128 483 232 526 data
261 488 372 538 sunt,
407 485 498 528 alia
528 487 593 530 vel
623 501 755 542 supra
787 489 925 533 lineas
954 492 1019 534 vel
1049 492 1098 535 in
1129 494 1324 548 maryine
1349 496 1511 552 addita,
1545 499 1637 542 alia

125 540 175 585 in
206 541 343 598 lineis,
377 544 481 588 aliis
511 546 660 602 erasis,
695 553 893 604 correcta,
934 550 1086 604 quibus
1116 553 1310 597 omnibus
1341 560 1450 598 certo
1482 557 1636 602 certius

126 602 391 656 coynoscitur
419 605 584 648 scri-bae
614 611 653 649 et
683 610 966 652 emendatoris
987 625 1162 655 manum
1194 627 1280 656 esse
1312 615 1510 670 auctoris,
1545 617 1635 661 eius

95 662 379 706 badversaria
419 664 488 707 his
524 665 645 718 foliis
681 667 804 710 nobis
833 674 1003 712 servata
1034 685 1121 714 esse
1135 672 1162 713 ¹.
1233 672 1373 717 Codex
1403 674 1635 728 infeliciter

123 733 299 765 manum
329 723 453 766 rudis
484 724 650 768 lectoris
680 741 784 770 saec.
815 727 864 770 X
874 729 921 771 V.
946 744 1107 784 passus
1137 736 1208 785 est,
1249 733 1323 786 qui
1361 735 1495 777 multa
1527 735 1632 780 dilu-

124 779 214 824 cide
235 781 496 838 pulchreque
527 799 578 827 ac
609 791 788 829 correcte
819 787 990 843 scripta,
1025 804 1131 844 quae
1163 791 1248 845 ipsi
1278 793 1422 836 minus
1444 795 1633 849 leyibilia

121 839 384 896 videbantur,
428 843 577 886 delevit
607 859 658 888 ac
689 859 796 899 quae
827 847 912 902 ipsi
942 848 1206 906 videbantur,
1249 851 1362 895 inter
1392 867 1499 907 quae
1530 869 1631 898 non-

121 899 244 943 nulla
274 900 553 958 ineptissima,
586 905 812 959 superlevit
841 907 907 949 vel
936 907 985 951 in
1015 910 1211 964 maryine
1235 912 1300 954 vel
1329 926 1463 967 supra
1494 914 1632 957 lineas

74 972 109 998 10
120 959 240 1011 foede
271 959 415 1015 illevit,
454 963 611 1006 multas
643 964 806 1008 litteras
836 971 1037 1011 vetustate
1068 970 1255 1012 detersas
1285 986 1361 1015 suo
1393 977 1630 1018 atramento

120 1019 350 1074 renovavit,
383 1023 538 1064 menda
570 1024 669 1066 bene
700 1024 870 1079 scriptis
900 1026 1095 1079 inferens
1108 1030 1134 1082 ²,
1175 1043 1281 1083 quae
1312 1031 1480 1075 silentio
1503 1048 1629 1087 prae-

120 1078 296 1122 termisi.
360 1080 435 1123 Ita
466 1082 613 1136 evenit,
646 1087 693 1125 ut
714 1084 871 1138 paucis
898 1086 1001 1129 locis
1021 1101 1145 1130 veras
1166 1089 1371 1144 lectiones,
1406 1106 1500 1134 cum
1522 1093 1628 1136 codi-

119 1151 206 1180 cem
245 1138 326 1182 huc
365 1141 665 1184 transmissum
705 1144 998 1200 exscriberem,
1050 1148 1228 1191 nonnisi
1273 1163 1346 1204 ope
1392 1153 1629 1206 apoyraphz'

117 1196 379 1252 Altahensis,
413 1201 463 1243 de
494 1214 575 1254 quo
595 1216 694 1244 mox
714 1203 887 1258 dicetur,
923 1219 1165 1259 coynoscere
1187 1209 1415 1262 potuerim.
1464 1211 1520 1253 F.
1540 1211 1625 1254 27¹.

71 1269 105 1296 ιε
117 1269 264 1300 novem
295 1262 460 1301 tantum
501 1259 627 1303 lineis
666 1262 848 1317 scriptis,
891 1264 1053 1318 reliquo
1093 1267 1230 1320 spatio
1261 1269 1454 1323 payinae
1495 1285 1626 1314 vacuo

116 1315 272 1371 relicto,
305 1317 447 1361 media
473 1318 521 1362 in
548 1321 756 1364 sententia
777 1321 1024 1377 imperfecta
1044 1325 1185 1369 scriba
1208 1342 1401 1381 pennam
1422 1330 1623 1384 deposuit.

259 1377 333 1420 Ex
363 1379 608 1433 apoyraplio
639 1380 767 1424 liuius
799 1382 966 1437 codicis,
1000 1385 1166 1439 dempta
1198 1391 1384 1430 extrema
1415 1390 1625 1433 sententia

115 1433 373 1491 imperfecta,
407 1437 571 1493 inteyro
603 1440 802 1495 descripti
831 1446 932 1485 sunt
963 1444 1147 1487 codices:

262 1497 343 1552 la)
377 1497 738 1542 Monacensis
770 1500 866 1544 bibl.
899 1502 1042 1556 reyiae
1074 1505 1174 1547 Lat.
1198 1520 1265 1548 nr.
1291 1511 1406 1550 9506
1452 1506 1621 1560 (Altalt.

66 1567 205 1608 sosup.
239 1555 308 1610 6),
340 1557 530 1611 membr.,
563 1559 638 1611 fol.
671 1574 805 1614 max„
838 1561 915 1614 fol.
940 1566 1014 1617 23,
1050 1564 1119 1606 col.
1149 1569 1174 1606 2
1197 1590 1257 1594 —
1277 1567 1352 1619 fol.
1378 1571 1446 1622 28,
1482 1569 1555 1612 col.
1584 1574 1620 1623 1,

113 1612 188 1667 qui
226 1618 287 1657 est
326 1621 504 1670 quartus
544 1622 679 1661 tomus
717 1620 866 1674 mayni
906 1621 1143 1676 leyendarii
1180 1625 1447 1681 Altahensis,
1501 1628 1623 1671 Vitas

112 1677 356 1718 sanctorum
394 1676 602 1720 mensium
648 1678 849 1734 Octobris,
894 1682 1164 1737 Novembris,
1207 1684 1455 1729 Decembris
1495 1688 1621 1731 conti-

112 1746 230 1787 nens,
263 1747 396 1778 manu
427 1750 534 1780 saec.
561 1737 681 1780 XII.
706 1739 886 1793 pulchre
926 1745 965 1783 et
1003 1742 1220 1796 splendide
1260 1746 1431 1800 maynis
1470 1747 1623 1790 litteris

111 1797 314 1836 exaratus
326 1795 356 1836 ³.

64 1867 99 1893 25
260 1853 336 1908 lb)
356 1854 687 1899 Monacensis
704 1857 953 1913 bibl.re9iae
963 1860 1061 1902 Lat.
1071 1865 1297 1904 nr.2·2244
1311 1861 1618 1922 (Wi'ndb.44),

110 1912 295 1965 membr„
329 1913 404 1965 fol.
427 1927 554 1968 max„
588 1929 695 1959 saec.
718 1916 836 1971 XII,
871 1918 1065 1971 quintum
1095 1921 1287 1965 volumen
1308 1924 1457 1978 mayni
1489 1925 1620 1980 leyen-

110 1969 229 2012 darii
258 1971 625 2028 Windberyensis,
660 1975 782 2018 Vitas
806 1981 1049 2020 sanctorum
1080 1979 1166 2023 Oct.
1189 1986 1208 2023 1
1225 1983 1405 2025 —Nov.
1430 1988 1496 2026 17.
1527 1999 1618 2028 con-

110 2028 261 2084 tinens,
294 2030 407 2074 inter
437 2045 544 2086 quas
574 2034 650 2086 fol.
675 2035 880 2078 ὅθ’-68.
915 2037 1056 2080 Vitam
1087 2039 1209 2082 Lulli
1222 2042 1250 2082 3.

252 2090 313 2132 In
344 2091 495 2134 horum
527 2094 706 2136 duorum
738 2095 926 2138 codicum
957 2098 1180 2153 archetypo
1220 2100 1307 2143 iam
1350 2102 1495 2146 omnia
1526 2104 1617 2156 fere

61 2163 96 2190 so
108 2147 401 2192 additamenta
432 2155 471 2194 et
500 2153 812 2197 emendationes
844 2155 999 2199 codicis
1035 2161 1055 2199 1
1091 2164 1258 2214 recepta
1289 2166 1426 2204 erant.
1511 2165 1615 2218 Quo-

107 2220 203 2250 rum
233 2209 382 2252 varias
413 2210 607 2254 lectiones
643 2213 828 2257 alicuius
866 2217 1067 2260 momenti
1106 2220 1322 2274 adnotavi,
1364 2226 1412 2263 ut
1451 2224 1614 2267 demo-n-

105 2270 298 2322 strarem,
340 2282 426 2322 qua
465 2271 632 2315 ratione
673 2275 800 2316 codex
836 2278 856 2316 1
898 2274 946 2318 in
984 2279 1228 2332 apoyrapho
1269 2279 1342 2322 illo
1382 2282 1616 2336 descriptus

105 2325 250 2378 fuerit.
299 2328 449 2371 Etiam
471 2330 654 2384 capitum
676 2332 926 2376 divisionem
957 2334 1006 2378 in
1037 2336 1105 2379 his
1137 2338 1348 2382 codicibus
1373 2340 1614 2384 institutam

105 2385 252 2440 recepi,
287 2401 379 2430 cum
410 2389 790 2434 animadverterem
820 2398 928 2436 recte
964 2395 1021 2438 iis
1053 2396 1154 2439 locis
1186 2398 1328 2452 capita
1361 2399 1505 2455 incipi,
1540 2402 1614 2456 qui

57 2461 92 2487 ⁸⁵
103 2442 153 2487 in
185 2445 322 2490 codice
357 2451 377 2489 1
413 2453 514 2491 nota
550 2451 787 2505 maryinali
825 2459 910 2510 cap
941 2455 1006 2497 vel
1036 2455 1158 2510 siyno
1194 2458 1225 2513 ἡ·
1263 2458 1443 2502 indicati
1474 2466 1611 2504 erant.

104 2583 170 2618 bus
194 2586 246 2619 ita
273 2587 479 2622 litterarum
505 2590 638 2632 formis
662 2592 848 2636 differimt,
876 2598 915 2627 ut
940 2605 1142 2638 coynoscere
1167 2598 1261 2632 mihi
1282 2599 1405 2634 videar
1421 2605 1610 2643 auctorem,

100 2633 390 2675 praecedentibus
422 2638 584 2681 seriptis,
620 2638 759 2674 diutius
793 2641 1018 2685 aliquantulo
1052 2645 1261 2679 meditatum
1295 2658 1382 2690 esse,
1418 2653 1609 2692 autequam

104 2679 233 2714 iterum
257 2682 434 2717 calamum
459 2685 663 2728 adponeret.
759 2689 793 2731 1)
818 2689 918 2731 Quod
941 2692 1048 2724 etiam
1073 2697 1226 2736 apparet
1251 2705 1295 2728 ear
1320 2706 1368 2736 eo,
1394 2697 1487 2738 quod
1510 2698 1608 2740 capi-

104 2729 179 2760 tum
204 2727 333 2763 divisio
356 2731 515 2766 nondum
543 2734 708 2768 instituta
734 2740 794 2778 est,
821 2737 882 2771 sed
906 2738 1096 2782 aliquoties
1113 2741 1151 2773 in
1170 2743 1332 2785 maryt’ne
1350 2743 1417 2786 cas)
1435 2745 1606 2788 scriptum

54 2782 90 2808 4ο
103 2773 157 2807 vel
171 2775 314 2817 scyrium
342 2782 372 2823 ἦ·
400 2779 603 2822 adpositum
621 2786 681 2823 est,
707 2783 837 2826 quibus
860 2795 988 2819 novum
1014 2791 1120 2830 caput
1139 2789 1378 2832 incipiendum
1397 2801 1467 2825 esse
1483 2796 1609 2825 auctor

103 2820 285 2858 indicavit.
324 2825 423 2859 Aliis
438 2826 523 2861 loeis
538 2828 634 2870 forte
650 2831 769 2864 eadem
787 2836 872 2865 nota
890 2835 1055 2876 marqine
1071 2837 1218 2870 rescisso
1231 2838 1354 2880 periit.
1421 2838 1457 2882 2)
1482 2838 1605 2872 Etiam

104 2867 244 2903 litteras
267 2875 511 2916 superpositas
534 2876 718 2910 verborum
747 2879 906 2914 ordinem
932 2882 1142 2915 mutandum
1173 2885 1371 2918 indicantes
1396 2887 1606 2930 complures,

101 2915 176 2958 ipsi
207 2927 279 2951 non
312 2919 518 2965 intellectas,
555 2924 663 2968 impie
697 2927 818 2961 erasit.
941 2929 977 2972 3)
1011 2929 1068 2971 Cf.
1104 2931 1161 2966 ‘N.
1187 2931 1334 2966 Archiv’
1361 2933 1437 2975 IX,
1465 2935 1604 2977 1›.546.

101 2963 172 2999 642
188 2974 259 3008 8q.,·
285 2965 350 3001 SS.
368 2966 456 3010 XV,
476 2970 508 3012 1,
531 2981 570 3014 p.
588 2972 643 3007 18.
661 2973 719 3008 44.
