2014 3184
610 224 774 261 INDEX
799 223 1152 261 LOCUTIONUM.

175 345 412 383 inelementia
459 344 602 390 hyemis
650 344 722 380 hoc
763 355 860 379 anno
884 344 887 372 ἰ

127 394 224 443 iugis
264 393 445 438 solitoque
487 391 650 438 asperior
690 391 860 426 inhor-

126 445 298 479 ruerat
321 443 404 485 284,
417 451 446 477 5.

174 489 247 527 nisi
274 489 376 526 ocius
397 487 676 523 iniunctum
702 486 771 522 sibi
796 497 860 522 ne-

128 538 275 586 gocium
317 537 588 582 exequerentur
627 537 710 579 199,
730 546 776 571 20.
817 555 859 559 -—

128 585 229 632 quod
264 584 461 632 negocium
492 583 555 619 ille
591 582 660 618 sibi
691 611 699 619 .
725 610 736 618 .
764 610 772 618 .
805 581 860 616 in·

127 634 306 671 iunxisset
329 635 453 678 321,1.

175 681 258 728 Ego
291 680 383 716 mihi
417 691 498 715 eam
533 681 678 714 tantum
710 688 861 723 operam

128 729 437 765 iniunxeram
454 729 591 772 340,15.
611 747 654 752 -
673 725 754 772 Ego
771 725 862 760 mihi

127 777 224 813 hanc
239 779 384 813 tantum
401 786 553 822 operam
570 774 712 809 iniunxi
723 775 805 818 348,
815 785 860 810 20.

177 825 232 861 illi
270 835 340 861 nec
375 823 496 871 gratia
536 822 750 867 cuiusquam
791 832 862 856 nec

130 873 215 909 odio
249 873 296 909 ab
329 872 410 908 iure
441 871 488 906 ad
521 869 756 905 iniuriam
795 881 862 904 un-

125 932 242 967 -quam
266 919 400 956 abduci
422 920 570 965 poterat
595 920 676 963 135,
691 929 735 954 ιο.
756 939 799 943 -
824 928 862 952 se

130 998 138 1006 .
157 995 167 1005 .
185 997 195 1006 .
211 979 402 1014 nunquam
426 965 640 1002 retinendae
664 965 762 1002 vitae
787 967 862 1000 stu-

129 1017 192 1052 dio
216 1017 263 1052 ab
286 1016 368 1052 iure
392 1015 439 1051 ad
463 1014 635 1050 iniuriam
661 1013 862 1049 declinatu—
886 1045 888 1061 ξ

129 1075 212 1100 rum
241 1066 362 1109 197,1.
382 1084 425 1089 —-
443 1061 490 1098 In
515 1061 718 1098 iudicandis
744 1061 861 1097 causis

130 1141 139 1150 .
158 1141 168 1150 .
187 1141 195 1150 .
211 1123 282 1148 nec
306 1111 391 1147 odio
415 1122 486 1146 nec
510 1110 630 1157 gratia
646 1109 862 1154 cuiusquam

130 1171 152 1196 a
175 1171 264 1196 vero
289 1159 541 1195 abducebatur
565 1160 647 1203 243,
661 1168 708 1194 35.
728 1178 771 1182 —
795 1168 863 1192 nec

129 1207 215 1244 odio
238 1219 309 1244 nec
325 1207 444 1254 gratia
468 1206 514 1241 ab
530 1206 610 1241 iure
628 1205 675 1240 ad
691 1205 862 1240 iniuriam

130 1255 400 1292 devolvendum
423 1257 507 1299 291,
522 1266 550 1290 1.

178 1306 220 1339 ut
237 1332 246 1341 .
266 1331 275 1340 .
294 1302 502 1340 ,iniussi
526 1313 653 1337 omnes
678 1301 717 1336 in
733 1301 862 1336 domos

130 1362 213 1388 suas
247 1350 437 1387 discedant
472 1351 552 1394 198,
572 1361 616 1386 10.
654 1370 696 1374 —
735 1348 863 1384 iniussi

130 1399 169 1435 in
193 1410 258 1434 sua
281 1399 424 1435 rediere
448 1401 531 1442 299,
545 1409 591 1435 30.

178 1446 227 1483 Se
253 1476 261 1484 .
288 1474 296 1483 .
323 1475 332 1485 .
358 1457 428 1483 nec
453 1457 497 1481 ea
525 1445 674 1481 levitate
699 1455 721 1480 a
744 1455 861 1490 puero

130 1495 244 1531 vitam
267 1494 554 1530 instituisse
581 1495 700 1538 196,ι.
726 1514 768 1518 —
795 1492 863 1527 sub

130 1542 245 1578 nimia
278 1542 491 1579 austeritate
525 1541 638 1576 vitam
667 1540 863 1575 instituens

133 1593 272 1636 137,15.
311 1611 353 1616 -
389 1601 475 1626 cum
501 1617 510 1626 .
537 1615 546 1624 .
574 1617 582 1626 .
608 1588 862 1624 honestissime

168 1665 177 1674 .
204 1667 212 1675 .
238 1638 351 1674 vitam
385 1637 619 1673 instituerent
647 1639 790 1682 203,1o.
819 1657 862 1662 —-

129 1697 227 1732 papa
250 1689 326 1722 tam
353 1685 486 1721 eximie
513 1713 521 1722 .
549 1713 558 1722 .
586 1713 593 1722 .
620 1684 734 1719 vitam
759 1684 863 1719 insti-

129 1734 259 1770 tuebat
282 1736 366 1779 288,
379 1746 424 1771 20.

179 1784 359 1828 quatenus
392 1792 458 1817 suo
492 1780 684 1826 specialius
715 1779 862 1815 insti-

130 1832 359 1866 tueretur
383 1829 552 1874 exemplo
578 1830 716 1872 311,15.
737 1848 780 1853 -—
799 1828 864 1872 qui

130 1878 168 1913 in
204 1906 212 1914 .
240 1906 248 1915 .
277 1906 285 1915 .
319 1876 543 1912 monasterio
575 1876 622 1911 ad
654 1876 863 1921 exemplum

130 1925 208 1961 eius
232 1925 519 1961 instituebantur
542 1927 625 1969 323,
639 1935 684 1960 20.

178 1973 364 2020 principes
398 2002 406 2010 .
434 1999 443 2008 .
471 1999 479 2008 .
514 1972 561 2007 ad
590 1971 863 2007 instituen-

130 2021 234 2056 dam
259 2021 297 2056 in
323 2019 451 2056 Galliis
477 2020 592 2055 divini
616 2019 759 2055 servicii
786 2030 863 2054 sco·

130 2069 204 2104 lam
222 2098 230 2106 .
242 2097 250 2105 .
263 2097 271 2106 .
289 2068 489 2104 monachos
507 2068 710 2103 evocabant
731 2069 863 2109 133‚15.

133 2137 174 2142 —-
214 2116 368 2152 feminas
409 2115 537 2151 ascivit
585 2115 632 2150 ad
671 2114 864 2150 instituen-

130 2164 215 2200 dam
252 2164 291 2199 in
330 2164 459 2200 Galliis
500 2162 676 2198 castitatis
714 2173 757 2197 ac
798 2174 864 2208 pu-

131 2212 278 2248 dicitiae
296 2213 434 2248 scolam
459 2213 541 2255 309,
555 2221 583 2248 ὅ.
604 2231 645 2236 -—
665 2209 864 2246 monachos
888 2213 890 2218 '

131 2262 346 2303 evocantes,
385 2270 518 2294 novam
565 2258 679 2293 divini
721 2257 864 2293 servicii

130 2308 270 2344 scolam
296 2336 304 2344 .
331 2335 340 2343 .
368 2336 376 2344 .
402 2307 641 2342 instituerunt
665 2307 746 2350 245,
762 2317 789 2342 5.

179 2351 282 2391 cuius
306 2355 404 2391 vitae
437 2353 863 2399 institutionisque
888 2350 890 2379 Ι

130 2403 325 2450 lugubrem
352 2402 556 2449 tragediam
582 2430 590 2439 .
619 2430 627 2438 .
656 2430 663 2438 .
691 2401 863 2447 vulgave-

130 2454 214 2486 rant
237 2453 321 2496 270,
339 2463 384 2488 20.
406 2471 447 2476 —
473 2449 642 2486 deferens
667 2461 791 2484 secum
817 2448 862 2484 (le

129 2499 205 2534 vita
241 2502 278 2534 et
302 2498 532 2534 institutione
566 2508 684 2543 papae
711 2497 862 2531 scenicis
887 2492 889 2537 ξ

130 2545 314 2592 figmentis
373 2546 599 2582 consimilem
657 2544 861 2590 tragediam
886 2564 888 2575 s

129 2597 212 2638 253,
226 2605 272 2631 20.
300 2614 343 2620 —
369 2593 613 2640 Replicabant
631 2621 638 2629 .
659 2621 668 2629 .
686 2619 695 2629 .
714 2603 861 2626 omnem
886 2599 887 2638 ᾖ

130 2641 227 2677 vitae
251 2641 348 2688 regis
373 2641 640 2676 institutionem
657 2642 795 2683 277‚20.
817 2659 857 2663 ——
885 2644 887 2681 j

131 2701 214 2724 cum
251 2693 355 2724 actus
391 2689 468 2725 eius
507 2698 726 2731 omnemque
765 2686 860 2720 vitae
884 2682 887 2726 ἒ

129 2737 401 2772 institucionem
451 2736 589 2782 optime
633 2733 861 2780 cognovisset
884 2730 886 2786 Ἰ

129 2786 212 2828 208,
227 2795 271 2821 ιο.
299 2805 342 2810 -
369 2784 432 2830 qui
457 2794 604 2820 omnem
628 2782 725 2816 vitae
757 2791 859 2814 meae

132 2860 140 2868 .
175 2860 182 2868 .
217 2860 224 2868 .
256 2831 529 2867 institucionem
562 2859 569 2866 .
601 2857 610 2866 .
638 2855 646 2863 .
678 2830 861 2862 noverunt

130 2882 272 2924 295,15.
300 2900 341 2904 —
369 2878 541 2923 Plerique
570 2906 576 2913 .
604 2905 612 2912 .
641 2904 648 2912 .
676 2876 752 2910 eius
780 2903 787 2910 .
815 2903 822 2910 .
852 2903 858 2910 .

1570 227 1641 262 443

967 345 1007 381 V.
1034 345 1147 381 Mart.
1173 346 1206 380 3.
1246 343 1366 379 media
1390 344 1522 388 hieme,
1548 355 1642 390 quae

911 392 1018 427 solito
1043 392 1207 437 asperior
1231 392 1243 426 i
1254 404 1277 427 n
1288 392 1312 426 h
1324 403 1345 427 0
1356 404 1375 427 r
1385 404 1403 427 r
1414 404 1436 426 u
1448 403 1467 427 e
1478 404 1496 427 r
1507 403 1528 427 a
1538 396 1563 428 t.

959 488 1059 531 Sulp.
1092 487 1165 523 Sev.
1192 488 1292 524 Dial.
1328 488 1407 530 III,
1437 490 1492 524 18.
1529 499 1641 533 nego-

911 535 1005 570 tium
1030 534 1098 570 tibi
1122 535 1238 569 nostri
1263 534 1398 570 doloris
1424 535 1640 582 iniungo.

914 603 957 608 —
983 582 1072 618 Sall.
1092 583 1169 618 Cat.
1186 584 1244 618 43.
1270 593 1376 616 suum
1402 584 1555 629 quisque
1580 595 1643 620 ne-

909 629 1053 676 gotium
1083 632 1355 674 exsequeretur.

959 678 1046 721 Περ.
1064 678 1100 712 S.
1118 679 1248 714 Bmed.
1273 679 1332 714 48.
1363 677 1554 713 Fratribus
1579 706 1587 713 .
1606 708 1613 715 .
1635 708 1642 715 .

912 725 994 760 talis
1029 736 1142 771 opera
1166 728 1230 760 aut
1254 737 1312 760 ars
1337 725 1643 772 iniungatur.

960 821 1056 858 Boet.
1075 822 1105 865 I,
1124 823 1158 858 4.
1185 820 1398 866 Numquam
1423 833 1482 857 me
1501 823 1546 858 ab
1563 822 1643 858 iure

913 869 960 904 ad
984 869 1218 904 iniuriam
1244 869 1436 914 quisquam
1472 870 1643 907 detraxit.

913 938 958 943 —-
984 918 1102 954 Amm.
1128 918 1245 952 Marc.
1271 918 1405 961 XXII,
1432 920 1465 960 9,
1492 921 1525 955 9.
1559 930 1643 952 nus·

912 975 1023 1011 quam
1047 977 1069 1000 a
1093 976 1181 1001 vero
1207 965 1397 1002 abductus.

960 1302 1038 1337 Liv.
1064 1301 1116 1345 II,
1143 1302 1202 1344 48,
1228 1303 1282 1337 10.
1309 1300 1436 1335 domos
1461 1300 1546 1335 inde
1572 1299 1644 1334 dis·

912 1349 1059 1385 cedunt.

960 1445 1049 1481 Sall.
1077 1445 1153 1481 Cat.
1180 1446 1237 1480 31.
1276 1443 1327 1478 ita
1365 1455 1403 1479 se
1438 1443 1484 1478 ab
1519 1443 1642 1478 adule-

912 1492 1050 1528 scentia
1074 1493 1188 1528 vitam
1214 1491 1510 1528 instituisse.

969 1782 1009 1817 V.
1036 1781 1148 1817 Mart.
1177 1782 1232 1816 10.
1272 1779 1333 1824 qui
1363 1779 1408 1813 ad
1435 1778 1643 1822 exemplum

913 1829 1012 1864 beati
1035 1828 1202 1876 magistri
1231 1827 1642 1862 instituebantur.
