2014 3184
508 186 779 223 LAMPERTI
803 186 1057 223 ANNALES.
1108 187 1156 223 A.
1185 189 1287 224 1076.
1591 189 1662 224 263

292 311 446 353 Missis
495 310 642 366 igitur
688 311 1045 365 circumquaque
1093 310 1276 352 nunciis
1324 324 1482 352 omnes
1529 310 1660 365 regni
1676 316 1779 351 1076.

149 371 380 428 principes
401 371 452 413 in
473 372 804 426 pentecostena
821 370 1113 412 Wormaciae
1138 370 1226 412 sibi
1249 383 1488 412 occurrere
1511 370 1658 421 iussit,

149 431 261 488 quid
291 431 420 474 facto
443 444 559 486 opus
591 432 724 481 esset,
748 429 994 472 ,communi
1017 429 1222 480 consilio,
1257 432 1311 470 ut
1338 430 1659 484 pretendebat,

150 491 505 534 deliberaturus.
571 490 762 532 Statuta
794 490 868 532 die
902 489 1096 532 caeteris
1135 489 1289 544 amplo
1323 489 1435 530 satis
1467 502 1660 531 numero
1676 506 1750 531 Man·
1762 507 1806 532 15.

119 551 518 601 mammantibus,
564 550 724 592 nullus
770 550 932 592 aderat
980 549 1352 604 supradictorum
1395 549 1584 599 ducum,
1635 563 1661 590 a

150 611 318 666 quibus
368 611 437 653 rei
483 610 698 666 publicae
746 609 1006 665 periculum
1053 609 1319 660 timebatur,
1371 611 1417 651 et
1466 623 1656 663 quorum

149 671 442 727 potissimum
484 670 783 721 auctoritate,
828 669 866 711 si
907 683 979 712 res
1011 668 1293 724 tranquillae
1327 671 1499 719 essent,
1545 682 1660 709 sum-

150 745 273 773 mam
313 730 607 787 publicorum
649 730 946 785 negociorum
995 729 1178 784 disponi
1227 731 1511 784 oportuerat.
1586 728 1661 769 Ita

152 793 406 834 conventus
427 790 508 833 ille
531 790 804 846 principum,
840 791 1020 831 cassata
1041 789 1285 831 voluntate
1307 788 1442 843 regis,
1477 787 1661 829 nullum

105 865 139 890 ιο
151 851 318 894 habuit
359 851 578 893 effectum
594 849 623 891 ¹.
687 849 865 892 Iterum
904 849 953 890 in
991 843 1176 890 nataleb
1215 848 1365 890 sancti
1397 847 1526 890 Petri
1558 860 1661 902 apo·
1675 863 1741 888 Iun.
1755 863 1799 888 29.

152 910 260 953 stoli
302 910 571 965 Mogontiae
620 923 696 952 eos
741 909 913 960 adesse,
957 908 1120 950 addita
1159 908 1251 949 iam
1294 908 1447 950 edicto
1493 907 1663 949 obnixa

152 970 538 1026 supplicationess,
586 969 808 1024 precepit.
873 968 963 1010 Sed
1011 965 1097 1010 ne(l
1149 970 1262 1009 tunc
1311 967 1498 1022 quidem
1545 966 1662 1021 quis-

151 1045 289 1086 quam
331 1044 489 1072 eorum
530 1029 603 1072 vel
645 1028 986 1084 supplicantem
1028 1027 1258 1070 attendite
1299 1027 1370 1069 vel
1412 1026 1662 1082 precipien-

152 1093 260 1139 tem,
294 1090 509 1132 omnibus
550 1089 688 1144 plane
731 1089 790 1130 ad
821 1087 1089 1130 rebellionis
1122 1087 1329 1128 studium
1362 1085 1662 1128 immobiliter

107 1163 139 1190 15
152 1150 400 1194 obstinatis
414 1149 442 1190 2.
506 1149 605 1204 Ipsi
645 1148 725 1203 qui
766 1149 1078 1190 convenerant
1118 1147 1229 1189 feda
1270 1146 1508 1188 simultate
1551 1160 1578 1187 a
1615 1159 1662 1186 se

152 1211 351 1253 invicem
383 1209 685 1251 dissidebant.
749 1208 850 1249 Iam
883 1207 1006 1250 enim
1040 1206 1220 1249 solutus
1253 1219 1434 1248 carcere
1473 1219 1554 1246 suo
1589 1204 1663 1246 Sa·
1678 1219 1860 1252 A120c.2o,⁷.

154 1265 316 1312 tanasf
352 1283 447 1311 non
488 1268 637 1310 solum
679 1267 920 1323 corporali,
964 1267 1044 1309 sed
1082 1269 1128 1308 et
1162 1265 1396 1321 spirituali
1429 1267 1665 1306 armatura

154 1329 486 1386 obpugnabat&
526 1342 688 1384 pacem
730 1327 1103 1377 ecclesiasticam,
1148 1328 1195 1368 et
1236 1339 1431 1380 quorum
1474 1338 1666 1379 corpora

153 1389 412 1446 iugulabat‚
446 1389 623 1430 animas
657 1401 851 1442 quoque,
885 1400 943 1429 ne
975 1387 1025 1428 in
1057 1388 1298 1428 aeternum
1330 1385 1551 1434 viverent,
1596 1397 1665 1425 ex-

106 1450 368 1505 zotinguere
400 1448 658 1504 satagebat.

298 1503 422 1551 Utoh
459 1508 701 1564 episcopus
733 1505 1055 1549 Treverensis3
1085 1505 1233 1547 Roma
1274 1518 1422 1559 nuper
1457 1515 1666 1545 reversus

156 1569 494 1612 communicare
520 1567 711 1610 nolebat
737 1567 952 1621 episcopo
975 1565 1264 1620 Mogontino,
1299 1564 1514 1618 episcopo
1538 1561 1666 1604 Colo—

156 1628 334 1671 niensi*
366 1630 414 1671 et
447 1627 550 1669 aliis
582 1641 720 1682 quam
753 1625 978 1681 pluribus,
1013 1625 1092 1679 qui
1118 1624 1243 1679 apud
1274 1637 1430 1678 regem
1463 1636 1544 1677 pre
1572 1635 1666 1663 cae-

155 1689 268 1731 teris
309 1687 483 1729 assidui
525 1689 671 1737 erant,
714 1688 761 1728 et
793 1699 988 1740 quorum
1029 1698 1109 1726 rex
1142 1683 1296 1725 omnia
1328 1682 1533 1724 faciebat
1565 1695 1666 1722 con-

108 1762 143 1788 25
157 1748 274 1799 silio,
308 1747 566 1790 obtendens
599 1748 646 1788 et
678 1759 755 1788 eos
789 1747 835 1787 et
868 1745 1020 1799 ipsum
1051 1757 1207 1798 regem
1245 1741 1668 1784 excommunicatos

157 1821 255 1851 esse
288 1822 315 1849 a
345 1807 554 1848 Romano
594 1805 826 1861 pontifice.
891 1803 990 1845 Sibi
1030 1805 1200 1853 tamen,
1244 1802 1367 1856 quod
1407 1801 1560 1856 ipsum
1592 1800 1668 1841 Vix

158 1867 347 1910 summis
389 1866 604 1922 precibus
651 1863 908 1913 extorserit,
951 1862 1184 1904 indultam
1226 1875 1323 1904 esse
1372 1859 1667 1914 colloquendi

157 1930 342 1969 tantum
384 1926 505 1981 regis
546 1925 796 1975 licentiam,
839 1923 970 1964 nulla
1012 1924 1167 1978 preter
1199 1922 1313 1963 haec
1345 1921 1394 1962 in
1427 1920 1543 1970 cibo,
1586 1914 1657 1960 ini

159 2043 188 2075 a)
208 2043 348 2076 pentheo.
369 2043 395 2068 B
407 2043 449 2068 1⁸.
461 2042 487 2067 2.
580 2039 612 2074 b)
630 2041 672 2066 εἰσ
691 2040 754 2067 ΔΙ.
774 2040 893 2072 B1⁸·⁰;
914 2038 966 2065 na}
983 2039 1052 2071 B2;
1075 2038 1168 2064 natali
1188 2036 1269 2064 Blb.
1357 2038 1383 2067 c)
1403 2035 1586 2068 supplicacio
1605 2035 1668 2060 132.

111 2081 146 2106 30
159 2078 191 2110 d)
210 2086 263 2104 nec
283 2077 364 2104 131¹».
430 2079 458 2109 e)
477 2075 612 2103 adtendit
630 2077 694 2102 ΒΞ.
770 2076 792 2109 f)
811 2075 952 2102 sathanas
973 2074 1054 2101 Bib.
1066 2075 1092 2100 2.
1158 2075 1190 2106 g)
1209 2080 1342 2106 oppugn.
1363 2073 1416 2098 132
1435 2072 1523 2098 solus.
1580 2071 1610 2102 h)
1629 2071 1670 2095 sic

159 2115 188 2141 λ.
203 2116 223 2140 ι.
244 2121 350 2140 omnes.
425 2114 446 2147 ἰ)
465 2116 496 2139 et
514 2113 596 2139 131⁸.

158 2200 256 2242 reglis
270 2199 370 2243 epist.
389 2198 570 2242 Antonino
585 2197 743 2242 episcopo
766 2195 997 2238 Brioeinenst]
1021 2194 1155 2236 datam,
1184 2193 1260 2228 LL.
1279 2193 1331 2233 II,
1350 2194 1382 2233 1,
1403 2203 1443 2234 p.
1462 2191 1508 2226 48
1515 2202 1528 2230 ,·
1555 2188 1668 2231 Jaffd,

158 2246 255 2283 Bibl.
275 2247 314 2289 V,
341 2258 376 2291 p.
396 2247 464 2281 106
482 2256 568 2289 sqq„
594 2255 654 2280 nr.
672 2245 737 2286 49)
770 2254 842 2278 mm
872 2246 1022 2287 propter
1046 2241 1267 2275 rebellionem
1293 2240 1480 2273 swanum
1517 2238 1670 2270 indictus

158 2298 219 2337 est,
245 2295 306 2329 sed
324 2298 362 2328 ut
378 2294 420 2328 de
437 2293 683 2327 Hildebrando
707 2303 731 2325 a
755 2292 833 2325 sede
859 2291 1048 2334 apostolica
1074 2289 1252 2323 deiciendo
1269 2290 1513 2324 tracta-retm·;
1538 2289 1570 2318 et
1596 2286 1669 2317 iam

113 2349 147 2375 ³5
159 2346 241 2377 ante
275 2342 404 2376 obitum
439 2342 594 2386 episcopi
625 2340 861 2374 Traiectensis
894 2339 1003 2383 (Apr.
1031 2338 1096 2379 27)
1131 2337 1226 2370 hunc
1259 2339 1459 2369 omn-entum
1499 2333 1670 2366 indictum

159 2401 229 2424 esse
253 2390 381 2424 ibidem
407 2393 569 2434 apparet.
674 2388 708 2431 1)
733 2387 818 2421 Vide
842 2386 941 2431 apud
967 2385 1211 2426 Bet-tholdum,
1238 2394 1397 2427 quanam
1423 2392 1462 2415 re
1487 2383 1671 2414 conventus

162 2438 315 2472 indictus
339 2438 388 2470 ad
412 2438 562 2470 irritum
579 2437 723 2471 venerit.
759 2435 816 2477 Cf.
836 2435 932 2469 Ama.
950 2434 980 2466 Y
983 2433 1097 2476 bury„
1121 2432 1188 2466 SS.
1206 2431 1311 2472 XVI,
1333 2442 1370 2473 p.
1390 2431 1472 2464 436.
1546 2430 1583 2469 2)
1598 2427 1671 2460 Nec

160 2485 202 2520 de
237 2489 403 2519 concentu
437 2485 645 2527 Μοῃοηίίηο
679 2483 808 2527 Lamp.
846 2482 1044 2526 quidquam
1080 2481 1169 2514 certi
1203 2481 1417 2523 compertum
1456 2475 1603 2509 hahebat
1641 2478 1670 2508 et

162 2534 290 2566 inania
315 2532 420 2566 verba
442 2542 511 2576 pro
535 2532 628 2565 veris
647 2531 802 2574 profert.
854 2529 909 2571 Cf.
937 2528 1120 2562 Ber-thom.
1148 2527 1264 2570 (Arm.
1290 2526 1327 2559 S.
1354 2525 1488 2564 Blasii)
1519 2534 1558 2565 p.
1578 2523 1671 2561 284,-

115 2587 151 2612 40
165 2581 223 2615 ‘N·
237 2580 391 2613 Archiv'
409 2579 518 2617 XIX,
535 2591 572 2623 p.
588 2580 669 2615 197.
705 2578 758 2612 De
775 2577 951 2611 dediticiis
969 2577 1021 2609 ibi
1036 2576 1169 2619 elapsis
1186 2575 1314 2608 Brimo
1335 2583 1361 2607 c.
1377 2574 1435 2607 85.
1510 2571 1546 2613 3)
1563 2570 1672 2610 Quem

166 2627 436 2662 Hildebrandus
467 2627 597 2660 callide
631 2626 702 2660 sibi
734 2626 931 2664 Μίεζαν-(ιι,-
969 2625 1014 2665 cf.
1052 2623 1222 2665 (r'reyorii
1257 2622 1342 2663 Κεφ
1381 2619 1461 2661 ΙΙΙ,
1496 2619 1557 2659 12,
1599 2617 1622 2652 l.
1649 2617 1671 2652 Ι.

161 2687 198 2719 p.
216 2676 286 2710 226
305 2685 356 2717 sq.
391 2674 512 2707 datam
539 2684 653 2708 mense
678 2674 816 2707 Martio
842 2673 893 2706 vel
917 2672 1033 2715 Apm
1069 2671 1092 2703 I
1097 2671 1134 2713 V,
1155 2672 1189 2711 2,
1224 2681 1260 2713 p.
1279 2669 1360 2703 244.
1414 2667 1563 2700 Minime
1588 2665 1673 2698 haec

164 2732 254 2766 quae
287 2725 485 2765 sequuntur
518 2722 557 2754 in
591 2725 757 2755 conventu
788 2721 998 2763 Moyaemtino
1032 2722 1112 2751 acta
1146 2721 1242 2759 sunt,
1278 2720 1316 2749 ut
1343 2713 1561 2748 Giesebrecht
1596 2712 1671 2754 III,

162 2781 199 2814 p.
217 2770 300 2805 376.
317 2770 473 2812 scripsit,
499 2769 571 2811 sed,
598 2772 636 2801 ut
656 2769 761 2810 infra
778 2780 814 2812 p.
834 2769 915 2807 ⁴264,
935 2767 958 2801 l.
977 2767 1082 2801 4-6.
1095 2769 1208 2808 patet,
1236 2765 1273 2796 in
1291 2764 1496 2796 ‘maim-sum
1513 2761 1672 2803 depe'nye‘t

117 2825 152 2851 45
167 2817 294 2861 Lamp.
320 2820 450 2850 statum
477 2826 600 2849 rerum
626 2816 734 2849 medii
757 2816 848 2849 anni
875 2815 976 2850 1076.
1099 2813 1137 2855 4)
1161 2811 1339 2853 Hildolfo,
1366 2820 1436 2843 non-
1461 2809 1673 2842 nominarim

164 2865 473 2905 excommunicato,
498 2863 569 2905 sed,
595 2864 681 2906 quia
707 2864 786 2906 reyi
808 2861 1099 2903 communicabat,
1127 2870 1197 2904 pro
1223 2859 1518 2893 excommunicato
1542 2855 1673 2890 habito.
