1968 3164
229 394 331 428 1065.

186 441 275 465 Mart.
288 441 332 465 27.

164 1429 267 1459 (Mart.
282 1428 340 1458 28).

131 1726 235 1750 Μαίη).
249 1726 291 1755 12,
300 1724 343 1748 26.

192 2550 280 2581 (Apr.
294 2549 350 2580 12).

345 285 391 320 98
713 276 981 314 LAMPERTI
1007 273 1265 310 ANNALES.
1316 273 1361 308 A.
1391 272 1493 308 1065.

348 404 526 446 toribus
559 401 796 456 excepturi
828 400 996 441 forent.
1061 398 1149 439 Per
1180 397 1327 437 hanca
1367 394 1654 436 occasionem
1694 390 1852 446 paulu-

349 465 446 505 lum
488 463 544 504 ab
587 462 724 503 armis
766 462 813 501 et
859 452 1146 500 incursione¹'
1194 454 1434 496 vacatione
1478 453 1607 501 data,
1657 450 1853 492 nuncius

350 523 476 565 venit
523 522 571 562 in
619 523 770 562 castra
817 519 875 559 ad
917 517 1211 564 christianos,
1257 514 1420 555 missus
1463 512 1519 553 ab
1562 511 1634 552 his
1680 509 1759 564 qui
1803 509 1854 551 in

351 595 598 637 parasceue
631 579 843 621 omnibus
876 576 1052 618 amissis
1085 574 1198 615 nudi
1231 576 1278 615 et
1312 572 1455 614 saucii
1487 584 1631 625 usque
1656 568 1853 611 Ramulo

352 639 723 696 pertenderant¹.
777 638 823 678 Is
857 635 1164 677 amaritudine
1198 635 1244 675 et
1278 634 1405 674 metu
1438 629 1662 672 confectis
1694 628 1885 670 menti-5

354 702 437 742 bus
478 713 696 753 magnum
738 696 900 738 attulit
941 693 1253 748 refrigerium,
1297 691 1506 732 indicans
1549 689 1710 730 ducem
1758 701 1854 742 pre-

355 761 504 801 dictae
539 757 761 805 civitatis,
805 756 914 796 licet
947 767 1196 808 paganum,
1233 750 1388 792 divino
1420 751 1597 798 tamen,
1641 749 1694 788 ut
1726 748 1854 802 puta-

355 820 503 867 batur,
553 817 776 857 instinctu
820 814 1095 861 animatum,
1140 825 1243 852 cum
1291 808 1558 863 ingentibus
1606 806 1749 861 copiis
1796 805 1855 847 ad

355 879 476 932 ipsos
518 876 779 918 liberandos
821 873 1050 914 advenire.
1113 870 1210 911 Nec
1252 869 1396 910 latere
1444 866 1597 921 potuit
1639 865 1855 907 Arabitas

356 935 699 978 advenientium
732 933 934 974 hostium
967 932 1105 972 fama.
1170 928 1428 981 Statimque
1466 938 1644 974 omnes,
1687 924 1856 966 aversis
1869 935 1904 962 ιο

356 997 412 1038 ab
456 996 649 1036 aliorum
693 991 1037 1047 oppugnatione
1079 989 1137 1030 ad
1180 1002 1226 1029 se
1258 987 1380 1041 ipsos
1413 984 1656 1026 salvandos
1688 983 1855 1038 cogita-

356 1055 578 1103 tionibus,
622 1052 836 1108 precipiti
883 1051 1016 1103 fuga,
1061 1062 1150 1102 quo
1192 1048 1442 1100 quemquec
1489 1057 1591 1098 spes
1632 1042 1856 1084 evadendi

356 1115 563 1163 vocabat,
598 1113 882 1154 dilabuntur.
938 1109 993 1149 In
1017 1122 1070 1150 ea
1092 1105 1415 1161 trepidatione,
1450 1103 1559 1145 dum
1583 1101 1663 1143 alii
1684 1101 1743 1143 ad
1765 1101 1857 1143 alia

358 1174 561 1216 curanda
593 1171 914 1215 discurrerent,
950 1181 1068 1208 unus
1095 1167 1353 1207 vinctorum
1386 1162 1543 1212 evasit,
1577 1175 1716 1216 opera
1747 1174 1856 1202 usus

358 1232 598 1274 Sarraceni
621 1230 871 1278 cuiusdam,
906 1242 1040 1282 quem
1064 1227 1227 1267 ducem
1255 1222 1433 1264 itineris
1461 1220 1700 1263 christiani
1722 1220 1856 1262 habe·
1871 1230 1905 1257 1⁵

358 1293 491 1342 bant,
535 1293 668 1332 tanto
710 1289 914 1330 omnium
957 1286 1134 1335 dolore,
1178 1286 1311 1325 tanto
1353 1281 1550 1336 gemitu,
1594 1282 1647 1320 ut
1688 1279 1745 1321 ab
1788 1292 1854 1329 eo,

358 1352 486 1393 cuius
513 1348 806 1403 indulgentia
829 1346 1041 1388 dimissus
1063 1345 1229 1393 fuerat,
1263 1342 1338 1382 vix
1361 1353 1523 1381 manus
1544 1334 1855 1380 inhiberentd.

357 1411 453 1452 Nec
496 1409 644 1450 multo
686 1410 789 1462 post
832 1407 923 1447 dux
964 1405 1083 1458 ipse,
1127 1405 1180 1443 ut
1221 1400 1492 1442 nunciatum
1533 1399 1709 1448 fuerat,
1753 1411 1857 1439 cum

358 1470 562 1511 exercitu
603 1466 790 1508 advenit
805 1467 831 1515 ⁵2,
875 1464 1153 1518 pacificeque
1194 1462 1242 1502 in
1284 1459 1454 1500 atrium
1495 1460 1547 1498 ae
1595 1456 1858 1499 christianis

358 1530 596 1582 susceptus
639 1528 720 1575 est,
765 1523 995 1578 suspensis
1035 1523 1191 1562 tamen
1233 1518 1445 1560 omnibus
1491 1517 1614 1558 inter
1652 1529 1779 1570 spem
1811 1517 1906 1558 etzo

358 1589 544 1637 metum,
570 1600 626 1627 ne
649 1586 770 1626 forte
794 1597 887 1624 non
905 1581 1087 1623 sublata
1105 1579 1355 1627 calamitas,
1381 1577 1461 1618 sed
1478 1571 1652 1617 hostisf
1673 1577 1858 1616 tantum

358 1649 564 1687 mutatus
598 1647 729 1693 esset,
764 1646 810 1685 et
833 1643 1021 1696 propter
1051 1639 1305 1681 novitatem
1334 1636 1400 1678 rei
1423 1634 1614 1676 difficile
1637 1633 1858 1676 credenti-

359 1707 455 1755 bus,
488 1705 610 1759 quod
633 1704 856 1744 Satanasg
883 1701 1087 1741 Satanan
1109 1698 1266 1746 cicere,
1291 1697 1378 1737 hoc
1405 1696 1474 1736 est
1497 1706 1703 1748 paganus
1725 1706 1858 1748 paga-

358 1780 469 1806 num
492 1764 548 1805 ab
571 1762 870 1804 infestatione
892 1757 1265 1801 *christianorum
1288 1754 1500 1796 cohibere
1517 1751 1672 1794 vellet.
1704 1751 1859 1793 Primo
1873 1759 1968 1792 '21⁷2

359 1824 563 1866 omnium
595 1823 773 1863 vinctos
815 1820 901 1861 sibi
942 1816 1197 1872 presentari
1233 1814 1380 1855 iussit.
1444 1811 1568 1864 Quos
1601 1825 1705 1853 cum
1737 1822 1908 1865 aspe-ffls

359 1884 499 1924 xisset
541 1884 587 1924 et
628 1895 743 1935 quae
785 1880 912 1920 facta
951 1878 1138 1918 fuerant
1180 1874 1339 1916 ordine
1381 1872 1605 1921 audisset,
1640 1869 1860 1911 maximas

361 1942 623 1984 christianis
656 1939 828 1994 gratias
855 1937 949 1991 egit
982 1950 1064 1990 pro
1097 1933 1338 1987 magnifice
1372 1931 1512 1986 gestis
1543 1930 1680 1971 rebus
1712 1930 1759 1970 et
1791 1942 1860 1970 ex-

361 2000 579 2055 pugnatis
620 1999 686 2040 rei
726 1997 938 2052 publicae
987 1993 1218 2036 acerrimis
1266 1991 1497 2039 hostibus,
1547 1989 1624 2043 qui
1666 2001 1861 2042 regnum

362 2053 685 2100 Babiloniumh
721 2057 813 2097 iam
845 2069 926 2109 per
952 2054 1122 2094 multos
1155 2064 1298 2093 annos
1330 2048 1525 2090 assiduis
1556 2046 1862 2102 populationi-

362 2119 447 2160 bus
487 2117 786 2158 infestassent
828 2116 874 2155 et
915 2125 1104 2166 magnas
1145 2110 1414 2164 plerumque
1447 2107 1688 2148 adversum
1720 2119 1767 2147 se
1798 2105 1910 2146 in-ao

363 2179 561 2218 structas
609 2175 729 2216 acies
776 2172 1015 2214 commisso
1063 2169 1312 2211 certamine
1354 2160 1696 2208 obtrivissenti.
1758 2163 1862 2205 Tra·

364 2237 485 2277 ditos
518 2248 593 2276 eos
627 2232 894 2275 custodibus
931 2230 1028 2284 regi
1061 2220 1454 2269 Babiloniorumh·
1471 2225 1486 2249 3
1526 2224 1651 2265 vivos
1692 2222 1862 2264 servari

363 2294 583 2349 precepit.
647 2293 766 2346 Ipse,
801 2291 991 2343 accepta
1023 2302 1049 2328 a
1081 2285 1344 2328 christianis
1381 2285 1555 2337 quanta
1586 2282 1862 2323 convenerat

364 2353 560 2408 pecunia
573 2352 600 2400 4,
645 2365 799 2392 secum
840 2362 916 2390 eos
956 2345 1152 2388 Ramulo
1195 2343 1424 2398 perduxit.
1487 2341 1604 2382 Inde
1651 2339 1862 2381 adhibito

365 2413 429 2454 eis
463 2411 781 2466 expeditorum
812 2408 1029 2448 iuvenum
1061 2403 1282 2459 presidio,
1325 2415 1383 2442 ne
1423 2414 1513 2454 qua
1545 2399 1695 2440 denuo
1727 2398 1862 2440 latro·
1876 2410 1911 2439 ³5

364 2486 474 2512 num
515 2469 776 2511 incursione
817 2465 1202 2520 periclitarentur,
1245 2473 1388 2514 usque
1430 2458 1745 2500 Ierosolimam
1786 2470 1862 2499 eos

365 2530 556 2585 perduci
601 2527 748 2569 iussit.
820 2524 951 2566 Nihil
999 2523 1214 2575 deinceps
1261 2518 1555 2560 difficultatis
1600 2517 1650 2557 in
1697 2515 1861 2567 eundo,

366 2657 395 2689 a)
415 2664 470 2682 om.
491 2655 572 2680 Blb.
646 2653 677 2686 b)
697 2651 912 2678 incursionibus
932 2650 958 2675 A
970 2651 995 2675 1.
1008 2650 1049 2674 1⁸.
1133 2646 1160 2679 c)
1179 2647 1200 2671 f.
1222 2646 1377 2677 quocfique
1396 2645 1422 2668 B
1434 2643 1478 2669 lb.
1565 2641 1596 2676 d)
1615 2642 1763 2668 inhiberet
1781 2641 1861 2667 Blb.

367 2692 394 2725 e)
422 2699 478 2717 om.
505 2692 568 2716 Al.
581 2692 622 2715 1⁸.
715 2689 739 2722 f)
764 2691 784 2713 t.
806 2688 836 2713 h.
856 2687 919 2712 B2.
1011 2684 1042 2717 g)
1067 2683 1208 2709 sathanas
1234 2681 1381 2706 sathanan
1405 2679 1523 2704 Blb.2.
1621 2678 1651 2711 h)
1671 2678 1777 2711 Babyl.
1797 2676 1863 2703 Al.

367 2728 388 2760 i)
408 2727 604 2752 obtinuissent
622 2726 649 2750 Β
662 2726 703 2750 1⁸.
1876 2708 1913 2734 4⁰

370 2834 404 2876 1)
436 2833 559 2875 Supra
579 2843 618 2875 p.
646 2833 710 2874 94,
738 2831 760 2865 Ζ.
789 2831 833 2864 10
849 2839 922 2871 sqq.
1031 2825 1067 2868 2)
1091 2824 1167 2857 Hoc
1200 2822 1351 2856 secunda
1382 2821 1479 2862 feria
1514 2820 1696 2864 paschatis
1729 2819 1864 2860 factum

367 2891 437 2914 esse
454 2881 549 2913 Arm.
567 2878 691 2912 Altah.
715 2882 746 2911 et
770 2877 965 2910 Marianus
988 2873 1161 2914 referunt.
1259 2870 1294 2912 3)
1318 2869 1391 2912 Alp
1415 2868 1565 2902 Arslan.
1661 2866 1698 2910 4)
1722 2866 1863 2898 Maria-

368 2938 459 2961 nus:
485 2925 623 2969 accepit
650 2924 866 2968 quingentos
891 2919 1065 2955 bisantios
1090 2927 1228 2952 aureos.
