1968 3164
133 386 240 429 (1072
253 384 284 431 t»

178 862 280 896 1073.

122 1347 162 1373 Is.
175 1349 218 1380 30,
231 1350 275 1374 20.

301 263 369 298 160
655 265 924 303 LAMPERTI
948 269 1201 308 ANNALES.
1250 273 1297 309 A.
1326 275 1428 311 1073.

299 385 639 441 presidiumque
693 403 825 430 suum
877 391 1172 446 imposuerat.
1254 395 1544 439 Liuneburca
1602 413 1794 455 quoque,

298 441 546 498 oppidumb
593 448 842 490 maximum
884 449 1069 493 Ottonis
1117 453 1246 495 ducis
1287 455 1517 507 Saxonici,
1562 458 1703 500 situm
1747 459 1798 501 in

299 504 496 546 confinio
531 505 762 548 Saxonum
796 511 842 550 et
875 509 1175 559 Luticiorum,
1220 519 1526 569 occupaverat
1542 517 1566 563 ¹,
1610 518 1796 562 milites-

297 577 384 616 que
426 563 698 607 lectissimos
740 581 843 608 cum
875 569 1143 612 Eberhardo
1190 572 1284 615 filio
1317 574 1574 617 Eberhardi
1615 577 1796 620 comitis

297 622 354 664 de
386 622 662 666 Ellenburcss
701 627 995 681 imposuerat,
1031 626 1141 671 *non
1173 631 1311 673 aliam
1344 634 1400 675 ob
1434 635 1672 687 rationem,
1706 637 1826 679 nisi⁵
1882 683 1906 693 ‚-
1943 681 1946 683 Α

297 682 419 734 quod
461 684 614 725 omnia
656 699 771 739 quae
813 688 1008 741 predicti
1042 689 1171 731 ducis
1202 691 1390 733 fuerant
1430 694 1479 734 in
1515 697 1795 749 potestatem
1809 687 1953 753 *ama-¹

296 741 467 794 regiam
510 742 608 785 iure
650 745 898 787 deditionis
940 761 1021 801 per
1051 748 1272 804 Magnum
1312 751 1458 794 filium
1491 754 1588 796 eius
1618 755 1796 799 venisse
1947 756 1955 771 ⁷

297 803 720 854 argumentabatur.
793 805 901 846 Alia
941 809 1095 861 preter
1141 809 1254 851 haec
1297 824 1432 864 quam
1480 812 1680 866 plurima
1725 829 1795 858 ex-

295 861 449 901 truere
482 875 722 915 aggressus
755 865 921 915 fuerat,
956 867 1035 907 sed
1069 881 1172 908 eum
1205 869 1261 910 ab
1294 869 1479 925 incepto
1505 875 1695 926 repente
1721 873 1795 916 ob—

295 916 424 959 orta*l
463 920 688 962 bellorum
721 925 971 978 tempestas
1004 927 1247 968 revocavit.
1809 947 1843 974 ιο

437 979 776 1023 Herimannuse
827 983 973 1026 frater
1021 985 1149 1027 ducis
1197 986 1411 1030 Saxonici
1456 989 1548 1031 iam
1600 991 1790 1046 pridem,

294 1039 541 1092 antequam
574 1054 652 1081 rex
686 1040 883 1084 Saxonia
916 1044 1201 1098 effugaretur
1215 1047 1241 1096 ²,
1281 1045 1573 1091 Liuneburcf
1609 1050 1793 1095 obsede-

293 1098 365 1137 rat
407 1098 667 1153 militesque
709 1101 841 1155 regis,
885 1103 1101 1156 quoniam
1143 1107 1315 1148 temere
1346 1107 1540 1162 ingressi
1572 1109 1795 1154 alimenta

293 1170 385 1197 non
417 1157 665 1209 habebant,
701 1161 858 1214 paucis
882 1162 1044 1204 diebus
1076 1164 1135 1205 ad
1165 1165 1447 1208 deditionem
1481 1169 1646 1223 coegit.
1693 1169 1791 1213 Nec

292 1218 448 1257 tamen
490 1217 724 1260 dimittere
764 1220 909 1262 victos
957 1224 1038 1263 aut
1085 1224 1247 1277 punire
1289 1225 1492 1278 volebat,
1542 1228 1622 1270 sed
1668 1229 1792 1272 intra
1805 1244 1841 1273 ιε

291 1275 513 1329 oppidum
561 1277 775 1331 diligenti
823 1281 1050 1332 custodia,
1094 1296 1151 1324 ne
1200 1284 1476 1338 effugerent,
1526 1287 1790 1331 observatos

291 1335 542 1376 secundum
585 1338 888 1391 prophetamg
923 1354 1041 1394 pane
1083 1344 1183 1383 arto
1224 1344 1271 1384 et
1308 1358 1426 1397 aqua
1458 1345 1585 1387 brevi
1616 1349 1789 1390 susten-

290 1393 433 1441 tabat,
478 1395 757 1450 mittensque
799 1398 858 1438 ad
899 1413 1053 1453 regem
1085 1402 1335 1453 mandavit,
1378 1405 1443 1454 ut,
1487 1404 1525 1445 si
1557 1418 1674 1457 suos,
1709 1407 1788 1462 qui

289 1452 632 1503 obsidebantur,
656 1455 782 1497 vivos
802 1457 1145 1513 incolumesque
1167 1461 1369 1515 recipere
1386 1462 1539 1514 vellet,
1563 1464 1786 1520 Magnum

287 1511 445 1552 fratris
479 1513 549 1553 sui
581 1514 727 1555 filium
751 1516 985 1559 deditione
1018 1518 1276 1562 absolveret
1307 1521 1484 1576 sibique
1506 1523 1837 1576 remitteret;2o

287 1570 335 1610 ni
366 1570 415 1611 id
446 1572 634 1623 faceret,
669 1588 715 1615 se
750 1575 805 1616 de
838 1576 909 1617 his
940 1578 1176 1632 tamquam
1209 1579 1265 1621 de
1298 1580 1521 1633 hostibus,
1561 1583 1639 1636 qui
1670 1584 1784 1626 fines

287 1630 460 1672 alienos
493 1634 654 1673 contra
685 1633 810 1688 leges
841 1635 1127 1687 invasissent,
1170 1638 1299 1680 iuxta
1336 1639 1461 1694 leges
1492 1642 1644 1695 gentis
1676 1656 1786 1686 suae

287 1690 484 1744 capitale
517 1692 795 1746 supplicium
828 1697 1133 1750 sumpturum.
1197 1697 1291 1739 Diu
1331 1712 1422 1750 rex,
1463 1700 1573 1754 quid
1611 1703 1782 1757 ageret,

286 1749 566 1803 ambigebat.
620 1751 933 1794 Inhumanum
966 1755 1143 1798 scilicet
1174 1756 1273 1799 fore
1301 1758 1487 1810 sciebat,
1521 1759 1560 1801 si
1591 1761 1684 1803 suis
1716 1775 1787 1804 ex—

284 1811 432 1850 trema
472 1811 745 1854 necessitate
778 1813 1101 1856 circumventis
1142 1830 1235 1857 non
1267 1817 1540 1860 consuleret.
1597 1819 1688 1862 Sed
1718 1834 1837 1864 re-ee

284 1869 480 1922 putabat
522 1873 720 1921 econtra,
765 1874 989 1925 quantum
1030 1875 1287 1917 rationibus
1329 1877 1422 1918 suis
1459 1878 1701 1933 deperiret,
1743 1880 1783 1922 si

284 1941 400 1978 eum,
445 1929 501 1970 de
540 1930 670 1970 cuius
701 1930 895 1972 interitu
937 1933 1024 1974 sibi
1054 1934 1204 1975 tocius
1238 1935 1461 1978 Saxoniae
1494 1937 1782 1981 dominatum

283 1986 519 2040 pollicitus
559 1988 732 2039 fuerat,
780 1990 1036 2034 dimitteret
1084 1993 1244 2047 suique
1292 1997 1550 2049 compotem
1589 1997 1778 2050 faceret,

282 2047 523 2099 presertim
556 2061 659 2088 cum
682 2050 870 2103 prepter
890 2053 1096 2093 recentes
1127 2052 1331 2104 iniurias,
1366 2055 1531 2108 quibus
1553 2069 1658 2098 eum
1687 2057 1781 2098 iam

282 2104 512 2146 triennio3
542 2105 591 2145 in
614 2108 824 2148 custodia
855 2109 1067 2150 habitum
1100 2112 1342 2163 afflixerat,
1377 2114 1561 2168 gravius
1587 2115 1839 2165 caetea-ism:

281 2206 310 2239 a)
340 2207 508 2232 Luineburc
532 2208 601 2241 A1;
634 2209 796 2234 Luiniburc
821 2211 905 2243 B183
940 2212 1103 2244 Lunuburg
1127 2213 1214 2247 B1b3
1248 2215 1403 2241 Luneburc
1428 2217 1513 2250 B105
1547 2217 1696 2244 Lunibure
1714 2219 1742 2244 B
1750 2201 1778 2246 2.

282 2242 312 2274 b)
331 2243 449 2274 opidum
467 2243 546 2268 1310.
559 2244 575 2268 2
594 2251 688 2276 saepe.
772 2246 798 2277 c)
818 2246 983 2279 Ellenburg
1001 2247 1082 2272 Blb.
1103 2249 1155 2281 P.;
1177 2250 1347 2275 ellenburck
1366 2252 1444 2278 1310.
1526 2252 1555 2285 d)
1574 2253 1678 2279 aborta
1695 2254 1776 2280 131⁸.

281 2280 308 2309 e)
333 2279 521 2304 Hel-mannus
540 2279 603 2304 132.
697 2279 719 2313 f)
744 2281 914 2307 Luineburc
938 2283 965 2307 A
977 2283 1001 2307 1.
1021 2283 1048 2307 Β
1060 2284 1091 2307 1³²
1110 2284 1139 2309 h.
1154 2285 1190 2318 l.;
1220 2286 1392 2318 Luineburg
1419 2286 1505 2320 B1b3
1534 2289 1695 2320 Luneburg
1713 2289 1776 2315 32.

281 2314 312 2346 g)
331 2314 519 2345 propheciam
538 2315 565 2339 B
576 2315 617 2340 1³.

279 2398 393 2430 nescio
419 2408 468 2429 au
485 2397 612 2441 Lamp.
631 2403 661 2431 et
678 2398 806 2432 Bruuo
830 2400 974 2433 eandem
998 2412 1072 2433 rem
1089 2402 1220 2444 dicant,
1249 2407 1289 2436 ut
1308 2403 1524 2437 &eleseu-eom
1549 2404 1570 2439 Ζ.
1590 2405 1612 2440 l.
1633 2416 1673 2448 p.
1693 2406 1774 2442 166.
1788 2412 1835 2442 35‘

276 2446 529 2488 praesumpsit.
572 2446 667 2478 Nam
692 2446 755 2479 hoc
780 2451 936 2480 castrum
962 2448 1060 2481 haud
1079 2450 1211 2491 procul
1235 2450 1279 2483 ab
1295 2451 1505 2492 Hersfeldia
1530 2453 1637 2485 situm
1661 2453 1775 2494 fuisse

279 2492 383 2532 infru
405 2503 442 2535 p.
463 2494 542 2527 174.
562 2497 672 2535 patet.
711 2494 853 2537 (Itaque
877 2496 1007 2529 conicio
1032 2496 1125 2529 illud
1149 2498 1256 2530 situm
1273 2497 1387 2538 fuisse
1411 2499 1449 2531 in
1475 2503 1588 2532 monte
1604 2499 1771 2544 Meisner,

279 2538 341 2571 ubi
363 2539 531 2582 hodieque
555 2541 640 2573 villa
666 2541 871 2575 Vockerode.
916 2542 972 2583 Cf.
997 2543 1053 2578 (Ν.
1072 2544 1219 2576 Archiv’
1236 2545 1342 2587 XIX,
1364 2556 1403 2588 p.
1424 2547 1492 2582 190
1508 2547 1578 2590 sq.)
1617 2547 1718 2588 Quod
1739 2549 1776 2582 si

277 2596 398 2619 verum
435 2591 536 2629 esset,
577 2598 662 2620 sane
698 2589 909 2633 notandum,
949 2591 1117 2632 quomodo
1153 2591 1244 2624 ham:
1278 2603 1355 2624 rem
1388 2593 1515 2636 Lamp.
1553 2595 1771 2631 narraverit.
1890 2606 1923 2646 ᾗ

279 2634 313 2676 1)
339 2634 383 2668 A.
404 2635 506 2669 1072.
533 2639 672 2668 mortuo
692 2635 811 2669 Ottone
836 2637 920 2670 duce
944 2638 1073 2680 (Mart.
1092 2639 1157 2680 28)
1181 2643 1213 2672 et
1237 2639 1373 2681 Mayno
1397 2640 1474 2682 filio
1498 2642 1574 2675 eius
1597 2643 1637 2674 in
1661 2645 1822 2678 custo-40
1879 2649 1921 2691 ⁴5

276 2681 375 2713 (liam
392 2682 510 2724 misso,
530 2687 570 2715 ut
586 2693 629 2715 εκ
642 2683 826 2717 Bruuouis
842 2695 869 2719 ε.
883 2686 940 2719 21.
958 2685 1087 2718 elucere
1103 2685 1250 2720 videtur.
1278 2686 1334 2728 Cf.
1351 2687 1570 2730 W‘ayemaun
1588 2689 1609 2723 Z.
1625 2689 1647 2724 l.
1660 2701 1699 2733 p.
1714 2690 1770 2726 19.
1875 2695 1882 2699 ”
1900 2693 1903 2697 ’

276 2729 312 2771 2)
337 2726 424 2760 dum
441 2739 506 2762 rex
524 2740 543 2762 e
560 2727 692 2763 finibus
710 2730 781 2763 suis
795 2731 1051 2774 (Herimanni)
1068 2731 1193 2766 fuisset
1211 2744 1385 2778 egressus,
1410 2735 1536 2769 Bruno
1552 2746 1578 2771 ο.
1597 2737 1654 2771 21.
1697 2735 1772 2777 Quo

276 2778 410 2817 tempus
426 2776 588 2809 indicari
602 2778 752 2820 videtur,
771 2789 839 2821 quo
856 2789 922 2812 rex
939 2780 979 2812 in
996 2779 1171 2813 Bawam'a
1189 2785 1222 2814 et
1237 2780 1366 2814 Suevia
1383 2787 1546 2816 moratus
1562 2787 1620 2826 est,
1639 2783 1771 2819 Mart.-

275 2821 356 2856 qu.
376 2833 408 2856 a.
426 2825 528 2858 1073.
554 2824 623 2857 Sed
639 2825 776 2858 obstare
792 2826 931 2860 videtur
947 2827 1022 2860 dies
1037 2827 1148 2870 (Amy.
1169 2828 1231 2869 15)
1249 2828 1355 2869 iufra
1373 2840 1396 2862 a
1413 2829 1603 2874 Lamperto
1619 2830 1770 2864 adnota-

275 2872 342 2903 tus.
416 2870 452 2912 3)
470 2870 593 2914 Supra
606 2882 646 2914 p.
662 2873 742 2914 149,
762 2872 783 2908 Ζ.
800 2874 832 2908 6.
849 2875 924 2916 ipse
936 2873 1065 2916 Lamp.
1082 2878 1170 2908 recte
1185 2876 1281 2908 dixit
1297 2886 1363 2919 per
1379 2875 1576 2912 biennium.
1603 2877 1647 2912 A.
1664 2878 1766 2913 1071.
1779 2887 1817 2912 45

274 2917 404 2957 (mense
423 2916 540 2960 Iun-io,
569 2919 644 2951 vide
667 2929 782 2962 sup-ra
803 2932 840 2964 p.
866 2922 945 2963 127,
970 2932 1006 2956 n.
1027 2923 1064 2960 1)
1087 2921 1247 2964 Maynus
1271 2924 1311 2956 iu
1334 2925 1530 2957 custodiam
1554 2925 1683 2958 missus
1707 2928 1767 2960 est.
