2046 3190
278 364 379 398 1075.

250 791 324 817 Nor.
336 792 380 817 30.

194 1445 219 1469 1.
232 1444 304 1469 Tim.
316 1444 342 1475 3,
356 1445 381 1470 7.

275 1800 343 1825 Dec.
356 1801 382 1824 1.

393 237 463 271 240
763 232 1031 268 LAMPERTI
1055 231 1308 268 ANNALES.
1357 232 1405 268 A.
1433 234 1536 269 1075.

393 358 533 398 immo
574 358 718 398 hauta
764 357 953 411 gravate
999 355 1216 397 adversus
1258 369 1362 397 eum
1407 354 1746 396 accusationem
1784 354 1894 397 reci-

394 431 502 471 pere
534 416 791 465 videbatur,
835 429 888 457 eo
919 415 1153 462 videlicet,
1196 417 1250 455 ut
1282 414 1490 469 plerique
1530 413 1894 469 interpretaban—

393 479 472 517 tur
486 476 512 526 1,
546 476 805 525 intendens,
842 477 896 516 ut
928 488 1009 529 per
1041 474 1178 515 huius
1211 474 1515 515 deiectionem
1545 474 1621 514 via
1652 473 1740 515 sibi
1771 475 1893 528 pate·

395 530 552 577 fieretb
592 535 650 576 ad
683 534 1073 576 Wormaciensem
1107 533 1372 588 episcopum
1404 535 1451 574 et
1485 532 1599 574 alios
1630 532 1892 580 nonnullos,

395 594 561 649 quibus
607 595 656 635 in
703 594 929 635 ultionem
981 593 1203 647 pristinae
1251 592 1525 634 defectionis
1576 591 1668 632 iam
1715 591 1924 646 pridem5

395 668 573 695 summa
604 667 690 708 ope
724 652 1027 695 calumniam⁴3
1058 653 1234 693 struere
1266 651 1566 693 sentiebatur.
1620 651 1774 706 Igitur
1795 664 1893 706 pro-

393 713 545 755 fectus
584 713 859 766 Babenberg
898 707 1183 766 Ri’ipertumd
1231 709 1569 752 Goslariensem
1610 710 1894 765 prepositum

395 774 443 813 in
474 772 647 813 natalie
687 771 836 813 sancti
868 771 1082 812 Andreae
1115 769 1313 824 apostoli
1345 783 1427 824 pro
1460 783 1513 811 eo
1545 769 1750 810 ordinari
1779 769 1894 812 fecit

396 832 660 887 episcopum
676 832 702 877 2,
737 831 886 871 virum
912 830 1135 884 pessimae
1164 828 1516 870 existimationis
1547 828 1597 869 in
1621 827 1806 883 popu10,
1840 841 1894 871 eo

395 891 517 945 quod
538 890 637 944 regi
658 889 1043 931 familiarissimus
1067 890 1113 930 et
1135 888 1347 929 omnibus
1370 888 1468 929 eius
1499 887 1685 929 secretis
1717 898 1943 943 semper'io

394 951 586 991 intimus
609 950 775 991 fuisset
807 951 854 990 et
886 948 1104 998 omnium,
1139 961 1256 1001 quae
1287 961 1367 989 rex
1397 960 1639 1002 perperam
1667 948 1714 988 et
1740 949 1896 1002 preter

394 1010 567 1064 regiam
609 1008 1001 1063 magnificentiam
1041 1007 1090 1047 in
1129 1020 1179 1048 re
1221 1006 1408 1061 publica
1439 1006 1674 1061 gessisset,
1717 1005 1894 1061 potissi-

396 1083 496 1110 mus
536 1069 748 1110 incentor
789 1067 994 1110 extitisse
1036 1067 1292 1121 putaretur.
1355 1065 1416 1106 Et
1463 1065 1634 1107 milites
1675 1059 1889 1120 quidemf

396 1129 614 1170 acerrime
661 1128 840 1168 factum
891 1126 1235 1181 improbabant,
1291 1125 1414 1179 quod
1467 1124 1662 1176 scilicet,
1709 1124 1894 1166 vivente

396 1188 546 1242 priore
588 1187 802 1242 episcopo
834 1199 918 1228 nec
952 1185 1170 1227 canonice
1213 1185 1271 1226 ad
1303 1184 1546 1226 sinodumg
1581 1185 1771 1226 evocato
1808 1194 1944 1226 necus

396 1247 615 1289 canonice
653 1246 931 1294 adiudicato,
975 1245 1093 1285 alius
1131 1244 1190 1285 ad
1223 1238 1608 1286 adulterandumll
1645 1242 1893 1284 aecclesiae

396 1305 792 1360 Babenbergensis
825 1304 1087 1345 castitatem
1119 1303 1497 1357 superordinatus
1528 1302 1694 1344 fuisset
1726 1301 1893 1356 episco-

395 1380 492 1420 pus.
559 1365 725 1406 Clerici
766 1366 939 1414 autem,
984 1363 1071 1404 etsi
1112 1376 1188 1404 eos
1226 1376 1363 1415 quam
1403 1361 1598 1403 maxime
1635 1360 1894 1402 offenderet

395 1438 590 1479 persona
621 1423 823 1465 ordinati
837 1423 852 1447 3
907 1417 1056 1463 haudi
1098 1435 1206 1463 sane
1248 1421 1419 1462 bonum
1457 1420 1777 1462 testimonium
1817 1420 1893 1461 ha·

396 1485 508 1526 bens
550 1484 606 1524 ab
648 1483 720 1523 his
762 1482 840 1536 qui
879 1481 993 1522 foris
1035 1482 1178 1530 erant,
1221 1479 1458 1521 malebant
1497 1482 1650 1521 tamen
1695 1478 1942 1533 qualem-zo

396 1539 619 1596 cumquek
645 1541 816 1583 habere
838 1555 976 1595 quam
1002 1535 1152 1590 euml,
1187 1540 1403 1581 adversus
1435 1552 1571 1593 quem
1603 1538 1758 1580 sedem
1789 1551 1892 1593 apo-

395 1602 606 1644 stolicam
648 1600 1015 1656 appellaverant,
1065 1601 1112 1640 et
1154 1598 1283 1640 cuius
1322 1598 1446 1640 vitae
1492 1597 1891 1652 institutionisque

395 1662 677 1716 lugubrem¹¹¹
703 1660 961 1714 tragediam
992 1660 1093 1699 toto
1125 1657 1314 1698 mundin
1351 1657 1488 1698 huius
1520 1657 1706 1699 theatro
1732 1657 1892 1698 decan-

396 1722 586 1762 tandam
618 1719 934 1774 vulgaverant,
969 1718 1219 1772 recipere0.

539 1780 730 1820 Postera
762 1779 853 1827 die,
898 1792 1003 1818 cum
1043 1777 1102 1818 ad
1144 1776 1409 1830 eligendum
1442 1775 1719 1817 Fuldensem
1758 1774 1942 1816 abba-2⁶

396 1842 491 1882 tem
531 1853 612 1881 rex
644 1852 748 1880 cum
789 1836 1074 1892 principibus
1116 1835 1378 1884 assedisset,
1421 1834 1608 1889 grandis
1640 1836 1740 1876 erat
1770 1834 1894 1875 inter

397 1899 588 1940 abbates
630 1900 677 1939 et
718 1897 984 1946 monachos,
1028 1895 1107 1949 qui
1148 1908 1203 1936 ex
1243 1894 1433 1936 diversis
1473 1893 1586 1935 locis
1625 1893 1892 1948 frequentes

397 1958 726 2005 confluxerant,
761 1955 1057 1997 concertatio.
1103 1954 1355 2007 Tamquam
1387 1953 1679 1995 solemniterp
1710 1952 1892 1993 ,indicto

397 2030 543 2070 agone
577 2015 747 2069 singuli
779 2028 861 2069 pro
892 2014 1015 2055 virili
1047 2013 1258 2068 portione
1291 2013 1538 2062 currentes,
1582 2011 1700 2053 alius
1731 2023 1893 2052 aureos

396 2077 575 2116 montes
589 2074 617 2124 4,
652 2074 770 2114 alius
800 2073 1011 2126 ingentia
1033 2073 1257 2114 beneficia
1289 2085 1344 2113 ex
1375 2085 1485 2125 agro
1508 2070 1742 2119 Fuldensi,
1775 2069 1943 2111 aliusw

398 2134 533 2175 solito
565 2132 842 2187 impensiora
871 2132 920 2171 in
951 2145 1048 2172 rem
1070 2131 1304 2185 publicam
1333 2130 1524 2172 servicia
1545 2129 1891 2184 promittebant,

396 2207 481 2235 nec
513 2205 696 2247 prorsus
727 2191 776 2231 in
803 2190 1116 2245 promittendo
1138 2190 1325 2230 modum
1352 2191 1433 2230 aut
1455 2188 1728 2230 modestiam
1749 2187 1894 2229 ullam

397 2319 426 2353 a)
451 2319 530 2345 haud
550 2320 574 2344 A
587 2320 612 2344 1.
633 2317 714 2343 Blb.
782 2316 813 2350 b)
832 2317 888 2342 sibi
906 2317 1002 2341 vieret
1021 2316 1119 2340 eadem
1133 2322 1221 2338 manu
1234 2322 1310 2339 corr.
1331 2314 1414 2339 fieret
1433 2313 1514 2339 ΒΗ).
1571 2315 1597 2345 c)
1616 2313 1814 2344 calumpniam
1827 2313 1856 2338 h.
1871 2312 1892 2338 l.

396 2356 458 2382 Bl.
472 2356 499 2380 2.
565 2353 596 2386 d)
615 2355 778 2385 Rupertum
799 2353 825 2377 A
840 2353 865 2377 l.
887 2352 997 2376 B1wc.
1063 2350 1090 2382 e)
1110 2350 1163 2376 nat
1184 2351 1249 2383 B2;
1271 2350 1369 2374 natale
1389 2350 1457 2382 Al,
1479 2349 1638 2374 nativitate
1656 2349 1719 2373 131.
1787 2348 1812 2379 f)
1831 2347 1894 2379 qui-

398 2392 465 2416 dam
484 2390 565 2416 Blb.
639 2390 668 2422 g)
688 2396 753 2421 syn.
775 2388 838 2413 Al.
858 2388 936 2412 ΒΗ.
949 2388 975 2412 2.
1049 2386 1081 2418 h)
1100 2384 1325 2411 adulterandam
1344 2386 1371 2410 Α
1383 2386 1408 2410 1.
1474 2386 1494 2414 i)
1514 2385 1588 2410 haut
1605 2384 1684 2410 Blss.
1739 2382 1772 2416 k)
1792 2383 1892 2414 quale·
1906 2385 1942 2412 35

398 2434 515 2457 cunque
535 2427 560 2450 A
572 2427 598 2450 1.
663 2424 684 2457 l)
704 2432 771 2449 cum
789 2424 815 2448 A
827 2425 851 2450 1.
915 2423 955 2454 m)
974 2422 1128 2454 lugebrem
1146 2422 1224 2447 Bia.
1289 2420 1321 2453 n)
1339 2419 1450 2445 mundo
1469 2421 1547 2445 Bla.
1605 2419 1634 2452 o)
1653 2419 1701 2444 et&
1721 2419 1790 2444 add.
1810 2417 1891 2444 Blb.

398 2462 427 2494 ο)
447 2462 598 2493 sollempn.
618 2461 670 2485 B?
689 2467 774 2491 saepe
792 2466 881 2484 manu
901 2459 1005 2483 altera.

400 2558 434 2600 1)
461 2557 553 2590 Sane
578 2556 674 2589 solus
698 2555 826 2598 Lamp.
853 2558 927 2586 tam
951 2553 1052 2586 stulte
1077 2556 1108 2586 et
1132 2552 1347 2584 calumniose
1370 2550 1433 2582 hoc
1458 2551 1712 2593 interpretatus
1736 2553 1795 2584 est.
1835 2548 1891 2590 Cf.

398 2614 513 2646 supra
526 2615 563 2646 p.
581 2604 659 2645 194,
679 2613 714 2637 n.
732 2604 765 2636 4.
840 2601 877 2646 2)
897 2601 1126 2634 Consentiunt
1144 2598 1337 2631 Gebehard.
1356 2597 1484 2632 salisb.
1502 2607 1529 2631 ο.
1547 2598 1605 2638 34,
1624 2597 1703 2632 Lib.
1722 2597 1753 2638 I,
1765 2607 1805 2639 Ρ.
1822 2597 1892 2631 279

399 2656 460 2692 (ex
490 2660 558 2693 quo
587 2651 693 2692 Huyo
716 2650 874 2690 Flavin„
909 2648 972 2682 SS.
1002 2647 1105 2689 VIII,
1135 2657 1175 2688 p.
1201 2646 1301 2688 431),
1338 2645 1519 2679 Berthold.
1554 2646 1668 2686 (Ann.
1694 2644 1730 2679 S.
1757 2643 1942 2684 musano

396 2710 433 2741 p.
451 2699 533 2739 279,
561 2699 624 2740 qui
647 2697 751 2730 addit
774 2707 794 2729 a
819 2694 1036 2740 Mogontino
1063 2693 1244 2737 episcopo.
1321 2693 1357 2735 3)
1385 2692 1578 2725 canonicos
1594 2691 1894 2733 Babenberqenees

399 2756 476 2778 cum
502 2745 660 2787 Ruperto
685 2745 840 2787 episeopo
864 2744 992 2785 optime
1016 2740 1239 2775 concordasse
1273 2743 1408 2773 constat
1431 2739 1592 2782 huncque
1617 2739 1744 2771 bonam
1768 2747 1893 2770 memo-

398 2793 495 2824 riam
521 2791 768 2833 Babenberyae
801 2791 995 2833 reliquisse.
1045 2789 1127 2822 Non
1162 2787 1203 2820 ob
1235 2788 1347 2820 aliam
1377 2797 1533 2828 causam,
1568 2796 1676 2828 quam
1700 2785 1793 2828 quod
1816 2784 1894 2817 Ru-

395 2843 522 2881 pertus
545 2840 623 2881 ‹reyi
647 2838 875 2880 fidelissimus
900 2838 1022 2880 fuerit,
1050 2835 1177 2878 Lamp.
1205 2835 1237 2867 ei
1259 2835 1487 2867 maledioeisse
1511 2834 1660 2867 videtur.
1769 2832 1807 2875 4)
1833 2830 1891 2872 Cf.

397 2896 513 2928 supra
532 2897 571 2928 p.
592 2887 671 2927 133,
696 2896 731 2919 n.
752 2887 782 2920 1.
1905 2887 1942 2914 45
