2014 3184
610 232 774 270 INDEX
799 234 1155 273 LOGUTIONUM.
1566 241 1636 277 417

130 352 190 387 ter
207 352 246 386 et
262 352 409 387 contem
436 350 503 386 tim
521 351 651 396 legatis
668 352 858 398 respondit

129 398 391 482 lligg'giditum
416 447 472 480 est
495 448 637 490 216,20.
675 466 718 473 —
773 457 859 492 psos

167 520 177 530 .
204 517 214 529 .
244 492 306 528 vix
340 493 580 548 contemptim
615 521 624 529 .
657 522 666 530 .
703 522 711 530 .
747 505 860 540 super

130 539 310 576 electione
334 539 412 576 eius
437 540 620 576 consuluit
644 543 726 586 257,
740 552 769 578 5.

178 634 253 671 tela
286 636 643 680 contorquent,
684 646 771 671 saxa
807 635 858 671 ia-

130 682 233 718 ciunt
258 683 340 728 188,
354 693 399 720 10.

176 741 245 776 per
272 731 398 766 omnia
429 729 611 766 familiare
646 730 715 766 sibi
749 741 858 766 con-

129 777 391 814 tubernium
407 780 574 823 prestare
590 777 709 813 voluit
721 779 859 823 3ll,10.

84 846 87 848 —
131 845 175 852 -
213 836 235 860 a
275 825 518 862 contubernio
559 836 642 870 suo,
684 836 758 870 quo
798 836 859 861 me

128 871 305 908 hactenus
337 872 492 909 caeteris
528 871 743 908 familiarius
775 884 858 918 per-

128 919 284 956 fruitum
317 920 458 966 optime
492 921 607 956 nostis
642 922 724 965 167,
745 931 773 957 5.
813 940 857 946 -

129 966 310 1004 Gonvictu
342 978 427 1004 meo
457 967 674 1003 familiarius
705 968 859 1004 caeteris

128 1014 202 1050 iam
224 1015 289 1051 diu
311 1014 511 1061 perfruitus
537 1015 736 1051 certissime
761 1016 859 1051 nosti

130 1063 212 1107 315,
222 1073 270 1100 85.
296 1083 340 1089 —
367 1063 430 1108 qui
457 1091 464 1100 .
493 1092 500 1100 .
528 1091 536 1100 .
562 1062 632 1098 Dei
648 1062 859 1099 fruerentur

129 1109 370 1146 contubernio
396 1112 532 1155 308,15.
558 1131 601 1136 —
625 1110 750 1155 ibique
768 1123 857 1156 pau-

128 1168 253 1193 carum
280 1185 289 1195 .
315 1186 325 1195 .
351 1186 360 1195 .
392 1158 590 1194 mulierum
616 1159 856 1195 contubernio

127 1208 235 1241 utens
253 1207 335 1251 333,
347 1216 394 1242 ιο.
422 1225 466 1232 -
489 1217 557 1251 per
573 1217 655 1241 eam
672 1218 744 1251 qua
759 1218 856 1242 mor·

128 1252 264 1288 talibus
288 1253 442 1289 caeteris
466 1252 682 1288 familiarius
708 1265 746 1289 es
770 1265 858 1290 usus

126 1300 413 1336 benivolentiam
438 1312 560 1337 meam
584 1303 668 1346 316,
681 1313 727 1339 20.

175 1359 302 1384 omnes
328 1377 336 1385 .
363 1373 374 1384 .
400 1374 409 1384 .
444 1360 467 1384 a
490 1349 662 1384 convictu
686 1351 855 1385 contu-

126 1395 383 1442 bernioque
417 1407 483 1432 suo
508 1398 679 1432 amoveat
711 1398 795 1442 281,
809 1409 855 1434 20.

125 1445 252 1489 283,1.
280 1463 323 1470 —
349 1455 441 1489 quos
466 1444 528 1480 ille
564 1470 572 1480 .
600 1470 609 1480 .
637 1473 645 1481 .
680 1455 702 1479 a
727 1447 855 1480 contu-

126 1490 272 1528 bernio·
289 1491 367 1527 eius
404 1494 591 1528 amoverat
629 1494 711 1537 300,
728 1503 773 1530 ι5.
810 1512 853 1518 -

127 1549 219 1584 qnos
245 1567 254 1576 .
273 1539 449 1586 ..legati
475 1567 484 1576 .
504 1568 512 1576 .
532 1565 540 1574 .
567 1551 589 1574 a
613 1540 855 1575 contubernio

127 1587 206 1622 eius
230 1589 514 1633 segregaverant
537 1589 620 1631 301,
636 1598 680 1624 10.

175 1645 259 1670 cum
299 1634 403 1680 gravi
444 1634 746 1670 contumelia
786 1634 855 1669 rei-

127 1681 320 1717 ciebantur
358 1683 439 1726 146,
457 1692 503 1718 25.
549 1701 592 1707 ——
631 1692 715 1716 cum
752 1681 856 1726 gravi

126 1729 351 1765 contumelia
375 1731 461 1764 sunt
483 1728 622 1774 repulsi
649 1731 729 1773 159,
744 1740 788 1765 ιο.
810 1749 854 1754 -

127 1788 212 1813 cum
237 1776 462 1812 contumelia
496 1775 542 1811 de
576 1775 717 1820 palacio
749 1775 855 1811 eicie-

126 1825 236 1860 batur
251 1826 335 1878 246,
348 1835 394 1861 20.
414 1844 458 1850 —
482 1823 680 1868 statimque
705 1823 856 1858 abiectis

127 1883 212 1908 cnm
227 1871 333 1918 gravi
349 1871 572 1907 contumelia
586 1870 718 1917 legatis
734 1873 818 1916 252,
826 1882 853 1907 5.

130 1939 173 1946 -
215 1922 443 1966 grassantem
492 1919 538 1954 ab
580 1918 854 1964 obpugnatione

127 1966 274 2003 aedium
315 1977 400 2002 cum
448 1965 670 2002 contumelia
718 1966 855 2011 repulit

127 2016 211 2060 276,
228 2026 274 2052 so.

176 2061 367 2108 Principes
408 2061 546 2098 crebris
595 2061 853 2097 conventi-

127 2109 251 2145 culis
288 2109 478 2156 agitabant
513 2111 611 2154 71,1.
652 2129 694 2135 —
727 2109 855 2144 crebra

127 2157 384 2194 conventicula
406 2156 527 2192 facere
561 2159 620 2202 80,
635 2169 662 2194 ι.
699 2177 742 2182 -
778 2167 854 2192 cre-

126 2205 194 2240 bra
224 2204 479 2240 conventicula
512 2204 697 2240 faciebant
730 2206 812 2249 101,
826 2215 854 2240 5.

125 2254 211 2297 228,
223 2263 270 2289 25.
289 2272 332 2278 —
351 2251 576 2288 clandestina
601 2251 855 2287 conventicula

126 2299 255 2335 crebro
280 2298 465 2335 faciebant
490 2301 570 2343 148,
584 2310 630 2335 20.
658 2319 700 2325 —
727 2299 856 2334 crebra

164 2372 173 2382 .
200 2372 210 2382 .
244 2347 498 2383 conventicula
531 2346 671 2382 faciunt
711 2348 794 2391 213,
808 2357 854 2383 35.

127 2414 174 2421 -
214 2395 344 2430 crebra
383 2394 639 2430 conventicula
679 2393 854 2429 facientes

125 2443 209 2486 233,
224 2454 251 2478 1.
288 2461 331 2468 —
358 2441 498 2478 collatis
522 2453 591 2487 per
615 2441 746 2477 crebra
769 2452 854 2477 con-

126 2488 313 2524 venticula
336 2489 494 2525 consiliis
519 2491 602 2533 262,
616 2499 662 2525 25.

173 2547 242 2572 nec
275 2536 328 2571 ita
361 2537 588 2572 centimanus
621 2536 725 2582 gigas

127 2583 308 2629 stupentis
331 2583 459 2629 populi
484 2584 608 2618 oculos
632 2584 671 2618 in
689 2594 726 2618 se
745 2585 854 2627 atque

126 2640 193 2665 ora
217 2633 540 2667 converteret
570 2632 710 2673 100‚10.

175 2876 195 2901 c
204 2876 226 2901 o
235 2877 262 2900 n
270 2877 295 2900 v
304 2866 318 2900 i
328 2877 348 2902 c
358 2868 375 2901 t
384 2878 408 2901 u
419 2876 436 2900 s
461 2877 491 2900 v.
517 2864 811 2900 contubernium.

421 398 513 434 acile
544 401 583 434 et
614 401 761 434 contem
789 399 858 435 tim
909 426 918 436 .
945 428 954 437 .

907 353 1058 390 turbare
1074 356 1241 400 poterat3
1267 357 1325 400 35,
1344 359 1378 393 3.
1396 357 1636 402 contemptim

982 428 990 438 .
1017 401 1190 438 audiebat
1213 402 1348 448 minas3
1373 403 1444 447 IX,
1465 406 1523 440 41.
1550 415 1637 440 con-

907 449 1079 493 temptim
1121 448 1167 484 de
1207 449 1384 486 Romanis
1425 451 1636 497 loquentes;

908 495 1036 539 XXV,
1059 498 1115 533 36.
1142 496 1232 532 haec
1257 498 1499 543 contemptim
1525 498 1637 535 duces

908 542 1168 588 increpabant3
1210 544 1426 589 XXXVII,
1455 547 1511 582 10.
1549 557 1635 582 con-

908 589 1107 635 temptim
1096 602 1135 625 ιιι
1152 602 1190 626 se
1204 591 1478 627 contionantem
1492 593 1636 630 dixisse.

957 638 1062 681 Very.
1076 638 1164 675 Aen.
1179 639 1262 681 VII,
1275 641 1354 676 165.
1372 640 1512 684 spicula
1533 651 1637 676 con-

908 685 1167 729 torquent3
1193 686 1285 729 XII,
1305 689 1386 725 266.
1389 651 1528 722 ptelum
1554 699 1637 724 con-

908 732 1016 767 torsit
1039 732 1078 767 in
1102 732 1229 770 hostis.

954 780 994 816 V.
1013 781 1126 814 Mart.
1145 783 1177 817 3.
1200 780 1260 815 cui
1285 781 1636 817 contubernium

907 825 1088 862 familiare
1113 828 1335 872 praestabat.
1364 849 1406 854 —
1434 830 1534 875 Sulp.
1561 831 1635 866 Sev.

908 875 977 920 Ep.
995 877 1030 911 2.
1057 886 1130 919 quo
1157 886 1225 922 ego
1250 876 1348 911 illius
1365 877 1462 912 bono
1481 877 1540 912 vel
1558 889 1636 922 spe-

908 921 1049 957 cialiter
1072 922 1206 958 fruitus
1231 935 1323 960 sum.
1358 944 1400 949 —
1435 925 1520 970 Sap.
1546 926 1581 969 8,
1602 927 1635 961 3.

908 970 1190 1006 contubernium
1215 970 1354 1007 habens
1378 971 1458 1008 Dei.

953 2439 1044 2474 Hor.
1061 2440 1181 2474 earm.
1197 2439 1248 2481 II,
1263 2441 1296 2481 7,
1314 2440 1369 2474 14.
1391 2444 1421 2473 et
1439 2439 1511 2479 III,
1525 2441 1560 2481 4,
1574 2441 1632 2475 69.

905 2486 1132 2521 centimanus
1158 2485 1267 2530 Gyes.
1296 2506 1337 2510 —
1367 2487 1436 2522 Cic.
1459 2487 1535 2520 Cat.
1560 2487 1584 2519 I
1590 2487 1631 2529 V,

907 2536 938 2578 1,
959 2535 990 2570 1.
1029 2533 1149 2569 Video
1185 2561 1193 2569 .
1221 2561 1228 2569 .
1259 2561 1266 2568 .
1301 2532 1339 2566 in
1373 2544 1433 2567 me
1468 2532 1631 2567 omnium

904 2583 1066 2615 vestrum
1117 2586 1182 2614 ora
1229 2582 1339 2623 atque
1387 2580 1511 2614 oculos
1554 2590 1631 2614 esse

905 2638 1180 2663 conversos.
1219 2646 1261 2651 —
1299 2627 1428 2662 lustin.
1455 2628 1493 2667 V,
1518 2628 1553 2670 4,
1574 2628 1631 2663 10.

904 2675 942 2709 in
967 2675 1065 2709 hunc
1090 2674 1214 2709 oculos
1239 2673 1365 2708 civitas
1390 2673 1568 2716 universa,
1594 2673 1631 2707 in

904 2722 1003 2756 hunc
1043 2731 1218 2765 suspensa
1257 2729 1322 2755 ora
1358 2720 1548 2755 convertit.
1588 2739 1629 2744 ——-

905 2770 985 2804 Div.
1002 2768 1169 2810 XXVII,
1187 2769 1245 2804 34.
1273 2767 1452 2802 convertit
1478 2778 1542 2801 ora
1565 2766 1630 2800 ho·

905 2815 1047 2850 minum
1075 2815 1113 2849 in
1139 2825 1198 2859 se;
1233 2814 1355 2857 XLV,
1383 2816 1416 2857 9,
1452 2813 1632 2848 convertit

905 2863 942 2897 in
969 2873 1006 2897 se
1032 2861 1195 2896 omnium
1222 2861 1345 2896 oculos
1370 2861 1592 2904 animosque.

1273 2933 1319 2967 27
