2046 3190
244 374 347 408 1075.

229 420 349 452 (Maio).

362 255 432 289 214
731 253 1000 290 LAMPERTI
1024 255 1278 293 ANNALES.
1327 257 1374 294 A.
1403 260 1506 294 1075.

363 377 410 417 et
451 375 714 417 eventilatis
746 377 970 428 omnibus,
1014 391 1131 432 quae
1170 380 1303 420 tanto
1346 379 1466 421 malo
1498 380 1753 422 remedium
1784 381 1863 423 ali-

361 435 484 488 quod
522 435 732 489 polliceri
763 436 1052 478 videbantur.
1117 437 1234 480 Cum
1271 439 1402 480 nulla
1439 453 1632 494 usquam
1670 440 1863 483 humani

361 494 522 534 auxilii
563 508 664 549 spes
706 495 926 546 eluceret,
970 498 1185 538 statuunt
1231 498 1513 540 unanimiter
1559 513 1586 540 a
1626 499 1726 542 Deo
1773 499 1862 542 sibi

362 553 576 608 deinceps
609 555 891 608 querendum
926 569 1022 597 esse
1055 556 1324 608 subsidium,
1369 558 1447 611 qui
1488 558 1612 600 solus
1652 561 1750 600 tam
1787 559 1861 601 ob-

360 613 579 653 stinatam
620 613 740 668 regis
781 614 1073 657 ferocitatem
1115 615 1321 658 emollire
1363 619 1409 658 et
1449 631 1545 659 rem
1585 617 1894 673 implicitam5

361 672 574 726 expedire
607 674 791 726 queata.
856 673 1029 716 Iubent
1071 689 1191 729 ergo,
1235 677 1289 716 ut
1320 690 1403 730 per
1432 678 1581 718 totam
1614 676 1860 719 Saxoniam

361 733 407 772 et
438 727 751 786 Turingiamb,
796 733 1016 787 depositis
1049 733 1322 776 cultioribus
1354 735 1684 788 indumentis0,
1727 751 1859 780 sacco

360 791 406 831 et
447 790 592 832 laneis
629 789 931 841 vestianturd,
976 793 1077 834 cibo
1120 795 1166 834 et
1207 795 1321 848 potu
1362 795 1550 836 statutis
1583 795 1744 838 diebus
1786 796 1859 838 ab·

359 850 574 900 stineant,
609 852 846 904 sumptuse
875 851 922 892 in
956 866 1179 906 pauperes
1211 866 1293 907 pro
1320 867 1402 895 sua
1434 854 1624 908 quisque
1656 868 1705 897 re
1731 855 1859 896 fami-

358 908 461 949 liari
503 909 745 950 conferant
787 912 834 952 et
874 924 956 965 per
993 911 1237 953 aecclesias
1278 913 1414 954 nudis
1456 913 1650 968 pedibus
1692 914 1910 956 (liseur-10

357 970 510 1010 rentes
563 968 714 1010 Deum
767 970 999 1011 communi
1051 970 1383 1014 lamentatione
1436 973 1752 1028 deprecentur,
1805 976 1860 1015 ut

359 1041 546 1068 manum
578 1042 720 1078 suam,
764 1024 909 1082 quaef
946 1029 1147 1071 humano
1185 1030 1355 1085 ubique
1389 1034 1595 1074 cessante
1628 1032 1859 1075 adiutorio

358 1086 455 1127 sola
486 1086 577 1127 iam
610 1087 755 1142 possit
787 1088 1007 1143 opitulari
1048 1090 1252 1144 undique
1293 1091 1534 1142 conclusis,
1578 1092 1636 1133 ad
1669 1093 1859 1147 ereptio-

358 1160 462 1187 nem
495 1160 652 1187 eorum
685 1148 917 1189 extendat.
971 1148 1188 1191 Preterea
1219 1149 1384 1204 placet,
1418 1153 1472 1191 ut
1495 1151 1581 1202 die,
1616 1165 1706 1206 quo
1738 1151 1858 1207 regis

358 1206 584 1247 exercitus
643 1206 774 1247 iuxta
835 1207 1069 1261 publicam
1130 1208 1433 1251 indictionem
1494 1211 1542 1251 in
1594 1210 1909 1266 Bredingen1⁵

358 1265 686 1306 coadunandus
728 1267 1004 1318 conveniret,
1047 1267 1136 1322 ipsi
1171 1268 1221 1308 in
1261 1268 1362 1309 loco
1402 1269 1480 1323 qui
1513 1269 1683 1311 dicitur
1713 1270 1858 1325 Lupe-

357 1327 469 1364 zeng
514 1338 590 1365 sex
638 1324 824 1366 milibus
872 1325 929 1367 ab
978 1326 1042 1367 eis
1090 1326 1312 1381 disparati
1360 1330 1511 1369 castra
1556 1328 1762 1371 locarent
1810 1331 1858 1371 et

355 1382 524 1424 iterum
557 1385 695 1437 atque
727 1384 896 1426 iterum
918 1385 1127 1439 repetitis
1153 1386 1568 1440 supplicationibus
1601 1401 1732 1430 aures
1759 1388 1856 1430 eius

357 1443 403 1482 et
450 1442 709 1497 principum
759 1443 855 1485 eius
903 1443 1233 1496 obtundentes,
1280 1446 1319 1486 si
1360 1446 1640 1498 evincerent,
1683 1447 1856 1501 gratias

356 1500 468 1551 Deo,
518 1501 588 1542 sin
629 1504 802 1553 autem,
851 1503 900 1543 in
942 1503 1102 1545 eodem
1149 1503 1249 1546 loco
1290 1505 1551 1547 venientem
1599 1506 1905 1560 prestolati,2o

356 1559 539 1601 collatis
572 1561 714 1615 signis
747 1561 991 1615 equissimo
1023 1562 1167 1604 iudici
1198 1563 1298 1605 Deo
1329 1578 1425 1606 rem
1459 1565 1814 1608 committerent.

498 1620 838 1674 Superveniunt
870 1621 1010 1663 etiam
1042 1622 1150 1664 hinc
1182 1622 1482 1674 Luticiorum,
1526 1624 1634 1666 hinc
1666 1624 1854 1667 Poleno-

354 1693 455 1719 rum
535 1679 710 1730 nuncii,
761 1694 889 1721 suam
935 1681 1120 1735 utrique
1165 1695 1370 1736 operam,
1418 1683 1563 1724 socias
1603 1697 1766 1726 manus
1806 1686 1854 1727 et

355 1751 486 1792 pares
528 1739 586 1780 ad
631 1742 816 1789 cuncta,
860 1754 976 1794 quae
1018 1740 1130 1783 belli
1177 1741 1355 1783 artibus
1402 1743 1701 1797 transigenda
1747 1743 1852 1795 sint,
1924 1798 1928 1801 Δ

354 1797 530 1838 animos
557 1798 852 1852 pollicentes3
887 1801 934 1841 et
955 1800 1078 1854 quod
1110 1801 1261 1855 parati
1293 1801 1386 1842 sint
1409 1802 1495 1852 die,
1530 1797 1685 1856 quemi
1721 1802 1854 1845 Saxo·
1866 1817 1902 1844 25

470 1674 488 1700 11

353 1869 434 1897 nes
467 1857 824 1911 designaverint,
868 1861 1149 1901 armatorum
1182 1860 1335 1914 copias
1367 1875 1501 1914 quam
1535 1861 1755 1903 maximas
1788 1858 1854 1904 *in
1866 1871 1987 1905 *2222
2023 1870 2038 1931 ζ.

354 1915 599 1956 Saxoniam
632 1917 830 1967 mittere,
864 1914 983 1969 velk,
1018 1919 1056 1959 si
1088 1919 1175 1960 hoc
1207 1919 1385 1970 malint,
1426 1922 1587 1961 contra
1617 1920 1774 1962 Danos
1806 1924 1853 1963 et

353 1974 466 2014 alias
499 1977 673 2028 gentes,
718 1990 829 2029 quas
860 1977 1103 2031 vulgatum
1145 1980 1243 2020 erat
1284 1979 1343 2019 ad
1383 1979 1684 2034 irruptionem
1719 1979 1852 2022 Saxo-

352 2032 455 2074 niae
499 2047 525 2073 a
565 2047 674 2087 rege
717 2035 989 2077 sollicitatas
1032 2050 1140 2087 esse,
1185 2034 1430 2080 stationesl
1471 2038 1690 2093 iugesque
1723 2053 1851 2082 excu-

352 2091 449 2132 bias
492 2095 645 2145 agant,
688 2095 742 2133 ut
783 2094 869 2135 hac
910 2097 1041 2148 parte
1084 2096 1410 2138 sollicitudinis
1452 2099 1702 2140 exonerent
1737 2098 1852 2140 alias
1865 2115 1901 2141 ³0

351 2153 598 2204 occupatos
614 2150 642 2191 ¹.
705 2151 808 2193 Hoc
850 2153 1019 2194 nuncio
1061 2155 1302 2207 paululum
1343 2157 1560 2198 recreatis
1592 2157 1755 2198 animis
1789 2157 1851 2199 di-

351 2209 506 2263 gressi,
541 2212 765 2263 quantum
786 2212 1006 2266 temporis
1029 2215 1266 2266 supererat
1298 2228 1440 2267 usque
1463 2216 1522 2256 ad
1545 2216 1666 2258 diem
1689 2216 1850 2257 coadu-

348 2268 493 2309 nandi
525 2269 765 2320 exercitus,
799 2269 848 2310 in
878 2270 1062 2312 ieiuniis
1095 2274 1141 2313 et
1163 2272 1333 2325 vigiliis
1366 2273 1569 2327 exigunt,
1605 2274 1848 2316 aecclesias

350 2327 570 2369 indefessi
601 2328 827 2379 obsident,
862 2329 909 2369 in
942 2330 1093 2371 cinere
1114 2330 1386 2373 volutantur
1418 2334 1464 2372 et
1491 2331 1654 2383 cilicio,
1688 2335 1847 2375 noctes

350 2386 540 2440 perinde
588 2401 640 2428 ac
688 2387 785 2429 dies
832 2389 1044 2442 precibus
1085 2389 1343 2440 insumunt,
1387 2391 1568 2431 nullum
1617 2393 1846 2445 postremo
1861 2408 1899 2434 35<

349 2445 584 2499 religionis
617 2459 774 2500 genus,
808 2448 931 2501 quod
963 2448 1022 2488 ad
1053 2448 1328 2502 placandum
1353 2448 1504 2490 Deum
1537 2450 1848 2493 ecclesiastica

349 2505 599 2546 traditione
632 2508 948 2560 comparatum
981 2507 1053 2557 sit,
1096 2508 1459 2561 pretermittunt.
1523 2508 1612 2550 Sed
1643 2510 1712 2551 ira
1744 2510 1844 2561 Dei,

348 2641 377 2673 a)
398 2646 508 2673 queant
526 2643 603 2671 1312,
615 2644 640 2670 2.
713 2644 743 2674 b)
763 2645 854 2671 Thur.
875 2645 972 2672 Β1.2.
1041 2646 1068 2675 c)
1088 2645 1284 2678 vestimentis,
1306 2646 1404 2670 eadem.
1424 2654 1513 2671 mann
1532 2654 1673 2679 superscr.
1693 2646 1767 2673 indu
1785 2649 1848 2677 132.

348 2676 378 2707 d)
397 2678 570 2710 induantur,
592 2679 690 2704 eadem
710 2687 798 2704 mmm
816 2687 957 2711 supet-scr.
977 2680 1147 2706 vestiantur
1165 2680 1244 2707 Blb.
1318 2681 1346 2714 e)
1365 2685 1498 2713 sumptos
1518 2683 1578 2710 132.
1649 2684 1671 2714 f)
1691 2684 1845 2717 qui-BIQ

348 2713 407 2743 qua
420 2716 489 2743 post
508 2721 582 2741 corr,
602 2722 661 2745 qua
680 2715 742 2742 B2.
832 2715 862 2748 g)
888 2716 1027 2747 Lupesen
1047 2714 1126 2743 Blb.
1218 2716 1248 2747 h)
1273 2717 1451 2748 polonorum
1475 2718 1537 2745 ΒΣ).
1628 2719 1648 2750 i)
1675 2726 1763 2750 quam
1782 2719 1844 2746 132.
1858 2722 1896 2747 40

347 2747 379 2780 k)
398 2747 458 2773 Sed
476 2748 556 2776 Bib.
629 2750 651 2781 1)
674 2757 727 2777 om.
747 2751 774 2774 B
786 2750 811 2778 2,

348 2853 382 2895 1)
409 2853 494 2887 Iure
518 2854 601 2888 haec
624 2856 755 2897 refellit
780 2856 826 2892 Ε.
844 2856 966 2898 Meyer
983 2867 1023 2900 p.
1041 2858 1098 2892 40.
1137 2857 1262 2890 Demos
1286 2852 1370 2890 tunc
1388 2859 1574 2892 Willzelmo
1598 2860 1845 2903 reinnyliae

345 2899 474 2933 bellum
501 2902 664 2935 intulisse
687 2904 812 2936 monui
833 2914 949 2947 supra
967 2914 1007 2947 p.
1028 2905 1107 2946 164,
1132 2915 1168 2939 n.
1186 2907 1220 2940 3.
1272 2905 1327 2946 Cf.
1348 2916 1388 2948 p.
1409 2907 1488 2941 163.

2035 1516 2046 1527 ,ιι
2036 1442 2046 1506 ..m
2038 1411 2046 1433 4-
2031 1302 2046 1398 mimz)

2036 1678 2046 1720 ’.Α
2027 1528 2046 1596 ''⁴:ss

2014 2351 2046 2569 *maumas
2026 2276 2032 2319 ·*
2024 2219 2026 2221 ·

2041 2891 2044 2892 ,
2039 2857 2046 2878 „;.
2044 2837 2046 2843 .
2029 2766 2046 2828 *ah-'i‘
