2014 3184
347 219 417 254 426

346 346 435 369 num
471 335 516 369 ab
549 346 636 381 rege
668 338 814 381 sumpto
839 335 948 371 inicio
974 347 1071 372 com-

345 382 545 417 macularet
577 382 755 427 populum
782 385 862 428 109,
876 394 921 419 25.
949 386 1070 427 110,1.

396 429 440 464 ab
466 429 586 474 armis,
617 441 710 474 quae
737 456 744 465 .
772 431 999 476 ..pessimo
1025 459 1034 468 .
1061 459 1070 468 .

346 477 567 521 exemplo
602 477 838 522 sumpsissent
874 479 994 523 154,1.
1026 499 1068 504 -

345 534 437 558 neve
462 526 538 558 tam
554 524 753 569 pessimum
779 525 987 570 exemplum
1005 553 1014 561 .
1033 554 1040 562 .

345 571 391 605 ad
415 574 580 616 posteros
605 583 687 606 suos
704 572 861 606 inultum
886 573 1069 607 transmit-

344 621 465 652 terent
492 621 570 662 157,
585 630 631 655 30.
659 639 700 644 —
727 619 925 664 pessimum
948 631 1068 655 exem-

344 665 446 710 plum
481 666 630 700 emulati
667 669 746 711 186,
762 678 787 702 1.
817 687 859 691 -—
884 669 960 701 tam
989 678 1068 712 pes—

345 712 435 747 simo
461 724 558 747 nunc
575 714 743 758 exemplo
767 714 951 758 periturus
974 714 1070 751 foret

343 762 425 803 266,
441 771 484 796 10.
505 780 547 785 —
567 763 733 805 acceptas
750 772 772 795 a
788 760 900 796 fratre
919 761 1069 797 iniurias

343 807 499 851 pessimo
518 808 684 852 exemplo
702 808 819 842 ultum
843 807 915 843 iret
930 811 1012 854 327,
1024 820 1068 846 15.

390 948 534 984 Placuit
562 977 570 985 .
598 975 606 984 .
633 977 641 987 .
667 949 809 996 insigne
833 950 903 986 hoc
929 950 1068 986 facinus

342 996 475 1042 insigni
500 996 620 1041 aliquo
646 998 867 1043 exemplo
892 998 1069 1034 vindicari

342 1047 400 1088 87,
418 1055 460 1080 10.
482 1064 523 1069 —-
543 1047 584 1078 ut
608 1044 788 1090 insignem
822 1045 916 1080 hanc
941 1048 1068 1081 contu-

342 1091 488 1126 meliam
505 1091 637 1138 insigni
651 1092 773 1136 aliquo
788 1093 956 1138 exemplo
970 1094 1067 1129 elue-

341 1141 424 1173 rent
451 1141 530 1183 102,
546 1150 590 1175 30.

390 1197 500 1229 quam
527 1187 710 1220 servatum
740 1186 787 1221 ad
812 1198 877 1222 sua
901 1190 1068 1232 tempora

341 1232 518 1267 honorem
557 1261 566 1269 .
599 1261 606 1269 .
641 1261 648 1270 .
688 1234 848 1269 sinerent
882 1234 1067 1270 fedissimo

341 1280 410 1315 hoc
429 1291 449 1314 e
461 1292 485 1314 x
496 1291 562 1314 em
573 1281 653 1325 plo
671 1281 911 1316 contaminari
928 1285 1010 1327 209,
1021 1295 1066 1319 30.

343 1348 387 1352 —
413 1338 480 1362 nec
506 1327 661 1362 aliorum
695 1329 903 1374 principum
928 1329 1066 1364 fedissi—

341 1385 402 1408 mo
421 1378 742 1419 corrumperentur
759 1377 928 1421 exemplo
945 1379 1027 1421 265,
1038 1388 1065 1412 5.

390 1422 608 1456 conterritus
640 1424 763 1457 tamen
793 1423 894 1458 ducis
921 1451 928 1460 .
949 1452 956 1460 .
976 1450 984 1459 .
1011 1435 1066 1459 re-

341 1468 437 1503 centi
463 1469 666 1514 exemplo
692 1472 824 1514 137‚25.
853 1491 894 1495 —
923 1473 1066 1506 conter-

340 1515 430 1549 ritus
446 1516 585 1550 recenti
599 1517 766 1562 exemplo
781 1528 907 1552 eorum
924 1520 1006 1561 264,
1021 1530 1065 1555 35.

344 1583 386 1586 —
414 1565 455 1596 ut
481 1591 488 1599 .
518 1592 524 1599 .
553 1590 560 1599 .
586 1575 659 1598 non
677 1564 796 1608 ipsum
822 1564 978 1609 denique
1005 1565 1065 1601 de-

340 1612 495 1645 terreret
517 1621 642 1645 recens
665 1612 875 1656 exemplum
901 1641 909 1648 .
929 1638 937 1647 .

342 1657 442 1702 scopi
467 1659 548 1701 241,
562 1669 589 1693 5.

387 1704 425 1738 in
458 1715 498 1739 re
532 1705 681 1739 militari
707 1705 904 1740 admodum
930 1717 1065 1742 exer-

341 1751 525 1786 citatus
552 1754 650 1796 59,5.
679 1773 720 1777 —
747 1753 834 1787 viris
860 1779 868 1788 .
896 1782 938 1790 ..

338 1798 504 1833 militaris
539 1799 750 1844 disciplinae
783 1800 903 1835 studio
929 1802 1064 1837 exerci-

339 1846 423 1880 tatis
451 1848 570 1890 116,1.

385 1893 474 1927 belli
499 1894 664 1938 expensis
682 1894 839 1928 erarium
864 1895 959 1941 regis
985 1907 1064 1931 ex-

337 1939 558 1974 haustum
593 1940 713 1975 fuerat
746 1943 888 1986 226,10.
923 1963 965 1967 —
1001 1954 1062 1978 ex—

337 1986 467 2021 hausto
510 1988 755 2031 superioribus
796 1988 901 2023 bellis
946 1990 1062 2025 milite

337 2035 419 2077 262,
434 2045 478 2070 30.

384 2127 484 2172 longi
500 2127 639 2162 itineris
652 2128 777 2163 labore
795 2140 814 2163 e
824 2141 848 2162 x
858 2129 883 2163 h
894 2141 914 2163 a
924 2141 948 2163 u
959 2142 974 2164 s
985 2132 1001 2164 t
1011 2142 1035 2164 u
1046 2142 1061 2164 s

337 2176 394 2218 65,
408 2185 453 2211 20.
474 2195 515 2199 —
539 2175 664 2210 labore
690 2178 727 2210 et
750 2176 871 2210 inedia
896 2177 1062 2211 exhausti

337 2223 400 2266 95,
423 2232 468 2258 25.
519 2243 561 2247 —
611 2222 796 2257 laboribus
845 2223 1061 2258 exhaustum

339 2271 477 2313 123,15.
498 2290 540 2293 —
563 2272 647 2313 post
670 2270 805 2304 multos
830 2271 929 2305 terra
952 2271 1060 2304 mari-

336 2326 406 2359 que
431 2316 573 2351 labores
591 2319 671 2361 310,
687 2329 730 2353 ιο.
751 2338 792 2342 -—
816 2317 964 2352 tandem
982 2318 1060 2352 diu-

335 2365 444 2396 turna
472 2363 559 2398 cede
585 2363 767 2399 exhaustis
793 2367 909 2408 78,15.
937 2386 978 2389 —
1005 2365 1059 2399 in-

335 2410 436 2444 colae
470 2411 542 2444 loci
565 2411 690 2445 multis
716 2411 973 2446 certaminibus
999 2423 1059 2447 ex-

333 2456 454 2490 hausti
474 2460 552 2502 122,
567 2469 611 2494 30.
632 2479 674 2483 —
692 2458 722 2492 is
738 2459 868 2493 morbo
887 2461 924 2494 et
940 2461 1059 2494 aetate

335 2503 530 2538 exhaustus
566 2507 774 2549 134‚10.-
805 2506 914 2551 longa
949 2506 1058 2541 etiam

334 2551 539 2596 egritudine
557 2552 752 2586 exhaustus
777 2555 857 2596 215,
869 2565 915 2590 20.
935 2574 977 2578 —-
997 2565 1057 2588 ex-

333 2597 470 2632 haustis
477 2599 688 2633 lassitudine
697 2600 908 2644 corporibus
921 2602 1056 2646 217,10.

335 2665 377 2669 —
403 2647 486 2689 post
519 2647 653 2680 multos
688 2646 837 2681 sudores
866 2647 969 2682 irrita
994 2659 1057 2692 spe

333 2691 527 2726 exhaustos
552 2695 633 2735 326,
648 2703 674 2728 5.
701 2695 782 2737 346,
798 2705 841 2730 10.
881 2697 884 2699 ’

379 2739 607 2783 arbitrantes,
633 2739 671 2773 id
688 2720 787 2784 quod
810 2752 867 2775 res
894 2741 1056 2787 exige-

330 2785 411 2819 bat
438 2788 517 2830 158,
532 2798 576 2822 20.
597 2807 639 2811 -
658 2790 768 2832 ratus,
793 2787 832 2822 id
849 2788 947 2832 quod
963 2791 1054 2823 tem-

330 2843 398 2876 pus
424 2833 594 2877 exigebat
618 2836 699 2878 264,
711 2845 755 2870 30.

957 1640 965 1649 .
992 1613 1065 1658 epi-

967 1754 1066 1789 omni

832 217 996 253 INDEX
1019 217 1368 256 LOOUTIONUM.

1168 432 1246 467 Liv.
1273 432 1346 476 III,
1373 435 1432 476 35,
1456 435 1490 469 8.
1527 432 1566 467 id
1589 433 1710 478 ipsum
1733 433 1846 479 pessi-

1119 489 1180 513 mo
1216 480 1457 524 exemplo3
1495 481 1562 524 IV,
1597 483 1659 525 13,
1694 482 1726 517 1.
1764 491 1846 518 rem

1120 525 1247 560 utilem
1294 527 1452 571 pessimo
1494 527 1674 572 exemplo,
1718 526 1848 573 peiore
1920 505 1964 547 ³3·

1119 573 1269 608 consilio
1304 576 1359 609 est
1395 573 1605 620 adgressus,
1648 575 1689 618 V,
1718 577 1782 620 29,
1810 577 1843 613 7.

1118 620 1275 665 pessimo
1293 621 1462 666 exemplo
1487 621 1627 656 innoxii
1651 649 1660 658 .
1688 650 1696 658 .
1723 633 1847 659 ,oon-

1119 667 1301 712 demnati3
1326 669 1374 712 X,
1391 670 1446 705 15.
1473 679 1511 704 se
1535 679 1639 704 suam
1662 649 1844 705 rationem

1192 715 1383 759 ‚pessimo
1408 715 1577 770 exemplo
1602 727 1677 751 non
1699 715 1847 753 habitu-

1118 773 1221 805 rum·
1258 763 1388 806 XLII,
1413 764 1446 799 8.
1482 762 1640 808 pessimo
1675 763 1847 818 exemplo

1118 787 1278 852 venisse3
1317 810 1369 854 II,
1396 811 1455 854 45,
1485 813 1517 847 1.
1551 810 1731 846 memoria
1761 821 1846 856 pes-

1119 856 1200 890 simi
1230 856 1399 901 proximo
1424 857 1523 892 bello
1548 868 1653 892 exem
1653 857 1706 903 pli
1728 859 1846 894 terre-

1118 903 1191 939 bat.
1220 923 1262 928 —
1291 904 1350 947 Cf.
1375 906 1551 950 posteros,
1577 904 1706 940 ultum.

1165 951 1244 987 Liv.
1262 952 1450 996 XXVIII,
1468 953 1527 988 42.
1551 951 1693 998 insigne
1709 951 1845 988 utrius·

1118 1009 1189 1042 que
1203 998 1372 1034 fortunae
1389 999 1661 1044 exemplum3
1677 999 1843 1045 XLKS.

1117 1046 1328 1127 Ξῗῗρὲἵ.
1351 1046 1492 1130 5¹5ss⁰5
1517 1045 1843 1130 {⁸¹23ssssss

1198 1119 1206 1127 .
1331 1121 1338 1129 .
1486 1119 1496 1137 ‚
1542 1122 1549 1130 .

1117 1139 1211 1175 hanc
1235 1120 1496 1186 insignem.’-
1523 1141 1580 1183 Cf.
1607 1140 1758 1177 facinus.

1165 1424 1243 1460 Liv.
1269 1424 1456 1467 XXVIII,
1482 1425 1540 1460 42.
1574 1425 1740 1460 consules
1763 1426 1841 1460 tam

1117 1471 1255 1552 ggffinti
1280 1471 1502 1516 exemplo
1530 1499 1537 1507 .
1558 1499 1565 1508 .
1585 1499 1593 1507 .
1619 1471 1840 1507 documento

1165 1707 1234 1742 Cic.
1261 1707 1366 1742 Font.
1396 1708 1450 1751 14,
1469 1709 1525 1743 31.
1560 1706 1598 1741 in
1622 1717 1663 1742 re
1687 1707 1839 1743 militari

1221 1753 1536 1790 exercitatus.

1160 1895 1238 1931 Liv.
1258 1896 1370 1938 V‚20,
1384 1897 1418 1931 5.
1441 1895 1581 1930 aerario
1598 1895 1836 1931 exhausto

1112 1941 1236 1984 bellis3
1273 1943 1407 1986 XXII,
1439 1944 1496 1978 32.
1531 1942 1711 1978 aerarium
1739 1943 1836 1979 bello

1113 1989 1305 2025 exhauriri.
1334 2009 1376 2014 —
1404 1990 1506 2033 Sulp.
1532 1990 1605 2026 Sev.
1633 1990 1735 2026 Dial.
1758 1991 1834 2035 III}

1113 2038 1168 2072 11.
1192 2036 1367 2071 exhausto
1393 2036 1640 2081 superioribus
1663 2037 1835 2083 principi-

1110 2084 1178 2117 bus
1201 2083 1256 2118 rei
1279 2083 1446 2128 publicae
1471 2084 1620 2120 aerario.

1158 2131 1274 2164 Amm.
1302 2132 1415 2166 Marc.
1441 2131 1585 2176 XXXI,
1607 2133 1663 2175 13,
1689 2133 1723 2168 5.
1754 2142 1834 2167 ex-

1109 2176 1135 2209 h
1146 2187 1200 2210 au
1211 2188 1226 2210 s
1237 2177 1275 2211 ti
1299 2177 1424 2212 labore
1442 2180 1479 2212 et
1493 2178 1676 2222 periculis.
1695 2199 1738 2203 —
1755 2179 1833 2215 Lio.
1889 2216 1895 2220 ,
1939 2195 1942 2196 ’
1962 2208 1965 2219 2

1109 2223 1252 2267 XXVI,
1283 2226 1340 2260 31.
1379 2225 1504 2259 multis
1537 2228 1636 2259 terra
1669 2225 1835 2270 marique

1110 2269 1293 2304 exhaustis
1322 2271 1527 2314 laboribus,
1560 2273 1747 2316 XXXIII,
1772 2274 1831 2309 39.

1109 2318 1206 2350 terra
1245 2317 1410 2361 marique
1450 2320 1552 2352 tanta
1590 2318 1752 2362 pericula
1790 2329 1834 2355 ac

1108 2363 1251 2398 labores
1276 2364 1502 2407 exhausisse3
1526 2365 1650 2408 XXX,
1669 2367 1727 2401 44.
1753 2365 1832 2401 diu-

1108 2410 1184 2445 tino
1202 2410 1299 2445 bello
1317 2411 1511 2447 exhaustis
1532 2431 1575 2436 -—
1594 2411 1680 2445 Sall.
1698 2413 1779 2456 Iuy.
1797 2415 1831 2450 9.

1107 2458 1235 2492 morbo
1261 2460 1370 2501 atque
1397 2460 1515 2492 aetate
1539 2457 1735 2496 confectus.

1151 2742 1281 2777 lustin.
1307 2743 1458 2787 XVIII,
1478 2746 1511 2787 6,
1532 2746 1566 2779 4.
1593 2743 1622 2778 si
1646 2754 1704 2777 res
1729 2743 1828 2778 exi-

1103 2791 1203 2834 gat,
1232 2789 1462 2834 XXXVIII,
1491 2793 1525 2834 9,
1554 2793 1609 2827 10.
1635 2792 1745 2835 prout
1769 2801 1827 2824 res

1102 2836 1161 2870 vel
1185 2838 1329 2880 tempus
1356 2864 1363 2872 .
1392 2865 1399 2872 .
1428 2865 1436 2873 .
1462 2837 1650 2883 exegisset.
1672 2857 1714 2862 -—
1733 2837 1826 2872 Sall.
