1968 3164
523 212 794 248 LAMPRRTI
818 212 1072 248 ANNALES.
1123 213 1170 249 A.
1200 216 1301 250 1065.
1628 214 1674 250 95

163 335 369 379 hostium
410 337 458 378 et
499 335 742 377 maceriam
786 335 1124 377 defendendam
1164 334 1360 389 impigre
1394 335 1671 386 discurrunt,
1691 335 1792 370 1065.

164 396 214 438 et
244 394 440 451 primam
473 394 659 449 quidem
693 394 957 436 certaminis
999 393 1249 448 procellam
1292 394 1498 448 lapidum
1531 395 1670 444 iactu,
1690 381 1831 408 M“'''‘²⁵'

163 456 219 496 nt
240 454 501 510 predictum
523 455 606 503 est,
631 454 905 496 sustinuere.
946 453 1094 495 Deina
1124 467 1227 494 cum
1252 453 1436 494 barbari
1459 468 1672 508 magnam

163 513 364 557 telorum
396 513 567 555 nubem
598 513 647 554 in
670 515 821 554 castra
853 513 1168 562 coniecissent,
1204 516 1250 554 et
1282 513 1370 567 ipsi
1403 513 1673 567 plerumque

134 572 464 629 simpressione
510 573 560 614 in
607 585 684 614 eos
730 572 859 614 facta
906 571 1077 626 clipeos
1130 574 1176 614 et
1229 572 1408 626 gladios
1462 573 1673 614 manibus

164 645 323 676 eorum
364 633 410 674 vi
451 632 772 681 extorsissent,
816 645 909 674 non
950 631 1099 673 solum
1140 631 1231 672 iam
1274 632 1519 674 maceriam
1552 633 1674 674 tueri

165 691 429 742 sufficiunt,
483 691 563 734 sed
615 686 788 746 portisb
848 691 990 733 etiam
1047 691 1282 732 interdum
1336 705 1575 746 erumpere
1628 694 1674 734 et

164 765 370 807 pugnam
392 751 673 793 comminus⁰
713 750 936 792 lacessere
969 750 1155 792 audent.
1210 749 1416 802 Quorum
1450 751 1674 805 impetum

96 851 99 853 .
166 811 278 853 dum
308 810 486 853 Arabes
527 809 658 852 nullo
699 810 791 851 iam
834 810 954 860 loco,
998 809 1129 851 nulla
1170 810 1267 851 acie
1309 811 1536 852 sustinere
1579 824 1675 865 pos-

118 885 154 912 10
165 871 291 920 sent,
331 869 575 912 consilium
608 870 797 911 tandem
831 865 885 910 ad
922 869 1230 910 tumultuaria
1263 871 1583 923 congressione
1617 870 1675 911 ad

165 929 454 972 obsidionem
485 931 674 971 vertunt
706 931 752 971 et
785 928 940 970 inedia
972 931 1111 983 atque
1144 928 1418 971 lassitudine
1451 930 1675 971 conficere

165 988 515 1044 aggrediuntur,
558 1002 671 1042 quos
712 988 836 1030 ferro
868 1001 1132 1042 expugnare
1165 1002 1258 1030 non
1291 991 1520 1042 poterant.
1585 989 1675 1030 Ita-

166 1061 255 1103 que
286 1047 660 1097 multitudinem,
704 1050 819 1102 quae
859 1047 1300 1102 superabundabant
1313 1043 1345 1097 f,
1386 1048 1675 1102 conglobatis

166 1106 344 1150 scilicet
392 1107 576 1149 circiter
616 1107 715 1148 XII
756 1106 965 1157 milibus,
1016 1107 1295 1161 partiuntur,
1345 1109 1397 1148 ut
1446 1107 1526 1148 alii
1573 1107 1676 1149 aliis

119 1166 366 1209 mvicissim
398 1166 458 1208 ad
490 1166 881 1222 obpugnationisg
917 1166 1123 1207 studium
1161 1167 1462 1208 succedentes
1499 1167 1675 1208 nullam

165 1225 261 1268 illis
301 1225 375 1268 vel
416 1225 659 1280 paululum
702 1220 986 1280 respirandi¹¹
1034 1226 1213 1280 copiam
1254 1226 1484 1276 facerent,
1536 1227 1676 1281 suspi-

166 1287 347 1336 cantes,
390 1285 514 1340 quod
554 1287 744 1340 propter
783 1285 987 1339 inopiam
1029 1299 1182 1327 rerum
1215 1281 1466 1333 omniumi,
1511 1286 1677 1340 quibus

165 1346 264 1387 vita
294 1345 499 1386 humana
530 1345 779 1387 sustentari
814 1344 945 1394 solet,
970 1344 1221 1386 dimicandi
1254 1344 1457 1387 laborem
1482 1359 1573 1386 non
1597 1346 1677 1386 diu

165 1403 430 1447 tolleraturi
469 1403 639 1446 forent.
704 1403 780 1445 Ita
825 1404 1066 1445 christiani
1114 1406 1214 1446 toto
1256 1417 1526 1459 parasceue,
1576 1407 1677 1446 toto
1694 1414 1903 1439 Mart-254⁷-

118 1459 392 1510 zosabbatok
428 1466 589 1506 sancto
629 1476 774 1518 usque
807 1463 866 1504 ad
898 1463 1091 1505 terciam
1122 1463 1220 1505 fere
1253 1464 1414 1506 horam
1447 1464 1677 1518 paschalis

168 1523 261 1566 diei
301 1523 400 1565 sine
430 1523 771 1565 intermissione
803 1523 1217 1577 oppugnabantur;
1262 1536 1345 1565 nec
1388 1524 1452 1565 eis
1495 1523 1677 1565 hostilis

166 1581 440 1638 improbitas
470 1581 544 1625 vel
576 1582 809 1624 modicum
840 1583 1061 1636 temporis
1094 1585 1341 1637 punctum,
1385 1596 1475 1636 quo
1513 1583 1677 1625 saltem

168 1641 316 1684 somni
342 1641 638 1697 perceptione
661 1655 853 1696 corpora
874 1644 1147 1691 recrearent,
1182 1642 1469 1696 indulgebat.
1524 1638 1667 1683 Nam¹

168 1700 324 1744 cibum
371 1702 419 1744 et
466 1703 628 1756 potum
676 1704 812 1751 neem,
862 1703 1055 1743 mortem
1105 1714 1184 1756 pre
1238 1701 1383 1742 oculis
1437 1701 1675 1751 habentes,

119 1759 496 1803 „desiderabant
535 1773 639 1810 nec,
681 1761 719 1801 si
751 1773 1029 1814 magnopere
1063 1760 1415 1810 desideraretur,
1460 1761 1570 1814 quid
1609 1774 1677 1802 su-

168 1822 360 1870 merent,
393 1819 599 1861 omnium
631 1819 791 1874 inopes
829 1819 1111 1861 habebantu.
1175 1818 1383 1874 Cumque
1421 1819 1494 1861 die
1533 1820 1677 1861 tercio
1695 1828 1783 1853 Mart·
1799 1829 1842 1853 ²7-

168 1878 327 1921 labore
359 1881 407 1920 et
438 1877 594 1920 inedia
627 1878 840 1920 exhausti
872 1878 931 1919 ad
964 1881 1220 1920 extremum
1253 1879 1589 1933 pervenissent,
1630 1882 1677 1921 et

168 1937 313 1980 fortia
333 1937 604 1992 plerumque
627 1940 844 1980 conatos⁰
871 1937 1018 1979 virtus
1050 1938 1223 1981 ieiunio
1255 1938 1457 1980 infracta
1488 1938 1676 1979 frustra-

169 1998 311 2047 retur,
354 1996 543 2051 quidam
575 2009 630 2039 ex
661 2010 854 2039 numero
886 1997 1245 2052 presbiterorum
1277 1997 1551 2040 exclamavit
1584 2012 1677 2039 non

122 2057 296 2099 sorecte
327 2069 405 2098 eos
436 2068 595 2111 agere,
638 2056 762 2110 quod
802 2056 852 2097 in
892 2056 1031 2098 armis
1063 2058 1157 2098 suis
1190 2057 1293 2111 plus
1326 2071 1463 2111 quam
1495 2058 1543 2098 in
1577 2057 1676 2099 Deo

170 2115 271 2171 spei
301 2129 355 2157 ac
385 2115 562 2158 roboris
594 2118 820 2170 ponerent
852 2118 899 2158 et
932 2115 1258 2166 calamitatem,
1293 2131 1429 2171 quam
1439 2120 1458 2146 1‘
1496 2131 1550 2158 eo
1583 2131 1676 2171 per-

170 2174 388 2218 mittente
427 2174 720 2226 incidissent,
767 2175 963 2230 propriis
1010 2175 1184 2218 viribus
1232 2176 1500 2231 propulsare
1549 2190 1677 2218 cona-

168 2235 352 2285 rentur;
386 2235 631 2290 propterea
651 2233 834 2289 placere
866 2234 967 2285 sibi,
1002 2237 1054 2276 ut
1086 2248 1134 2277 se
1167 2235 1403 2284 dederent,
1438 2235 1677 2290 presertim

171 2306 276 2336 cum
317 2293 535 2335 triduana
575 2293 667 2335 iam
709 2293 994 2336 abstinentia
1025 2294 1304 2336 militaribus
1337 2295 1474 2336 rebus
1507 2308 1583 2336 eos
1615 2295 1678 2335 in-

122 2351 311 2403 mutiles
352 2365 537 2408 prorsus
578 2353 869 2395 reddidisset.
938 2353 1045 2395 Non
1086 2367 1183 2396 esse
1225 2354 1325 2396 Deo
1367 2353 1581 2396 difficile.
1626 2356 1678 2394 ut

171 2411 344 2454 deditis
384 2411 450 2454 eis
487 2414 536 2454 et
567 2411 625 2454 ab
658 2412 792 2454 hoste
824 2412 910 2454 sub
942 2413 1103 2467 iugum
1137 2413 1285 2455 missis
1318 2413 1676 2454 misericordiam

170 2472 422 2526 prestaret,
465 2470 544 2526 qui
575 2484 681 2514 suos
713 2471 914 2514 totiensq
952 2472 1093 2514 etiam
1124 2473 1174 2514 in
1205 2472 1372 2514 ultima
1404 2472 1678 2513 necessitate

171 2529 413 2572 conclusos
438 2529 713 2572 mirabiliter
744 2530 998 2574 liberasset.
1051 2531 1116 2573 Ut
1138 2532 1225 2573 hoc
1248 2544 1428 2586 quoque
1461 2531 1675 2571 inferret:

171 2587 391 2631 barbaros
438 2602 727 2644 nequaquam
779 2593 969 2645 propter
1014 2590 1165 2645 ipsos?
1218 2590 1493 2632 occidendos
1546 2591 1677 2630 tanto

124 2727 203 2760 wa)
222 2725 340 2754 Deinde
360 2728 441 2755 Διί.
461 2727 543 2754 Bit.
563 2728 598 2755 P.
664 2728 695 2761 b)
715 2732 815 2762 portas
834 2729 916 2755 ΒΗ).
974 2731 1002 2760 e)
1022 2730 1154 2755 cominus
1175 2730 1237 2754 132.
1294 2727 1326 2757 d)
1345 2735 1401 2753 om.
1424 2727 1503 2753 1311».
1560 2727 1588 2758 e)
1608 2727 1677 2758 quin

174 2762 201 2788 Β
212 2763 255 2789 1⁸.
311 2762 336 2796 f)
354 2761 575 2796 „upon-haband.
589 2764 686 2790 131.2.
747 2766 780 2798 g)
799 2771 930 2797 oppugn.
945 2766 1004 2790 Al.
1021 2765 1132 2791 31⁸2.
1183 2765 1214 2795 h)
1236 2763 1400 2795 respuendi
1415 2763 1491 2788 ΒΗ).
1550 2764 1570 2791 i)
1583 2763 1678 2787 omui-

173 2797 230 2824 bus
247 2797 275 2824 Β
288 2799 315 2825 l.
379 2797 412 2831 k)
430 2799 549 2833 sabbatii
571 2799 640 2832 A13
661 2799 765 2825 sabano
785 2799 876 2833 Blb3
897 2801 1043 2826 sabbatho
1063 2801 1126 2826 ΒΣ.
1196 2801 1216 2830 l)
1238 2800 1300 2824 Non
1321 2799 1379 2823 hun
1400 2799 1461 2824 Bl.
1531 2799 1570 2829 111)
1591 2799 1679 2822 mim'o

173 2833 231 2859 dol.
250 2833 330 2866 31⁸,
356 2834 433 2860 dun
451 2833 532 2861 81¹².
554 2834 587 2860 P.
613 2835 675 2869 (um
693 2842 751 2861 non
770 2833 889 2867 desim).
981 2837 1011 2867 n)
1037 2836 1225 2862 habebantur
1247 2836 1272 2860 B
1285 2833 1327 2860 lb.
1419 2839 1448 2865 ο)
1474 2837 1595 2859 (tonatim
1616 2834 1677 2858 Bt.

173 2868 206 2902 p)
225 2876 261 2901 ῳ
277 2869 374 2903 (quin)
393 2869 472 2896 ΒΡ.
545 2870 576 2903 q)
596 2870 684 2896 toties
704 2871 729 2895 A
742 2871 755 2896 l
775 2877 907 2904 ampon-
926 2872 1037 2897 tociens
1059 2871 1082 2896 Β
1095 2873 1119 2897 1.
1132 2872 1147 2896 2
1167 2878 1286 2902 semper.
1374 2871 1399 2900 r)
1418 2877 1468 2895 eo·-
1489 2870 1564 2896 131⁸.
