1942 3198
260 227 473 265 XXXVIII
786 218 1080 258 PRAEFATIO
1106 218 1143 254 O.
1161 217 1229 253 [V.

260 363 388 403 usque
419 350 477 390 ad
507 362 546 389 a.
567 350 666 388 994.
689 344 942 398 exscriptum
971 345 1031 384 est
1061 340 1112 382 ab
1145 337 1375 381 annalistis
1397 332 1757 378 Hildesheimensi

261 413 299 452 et
325 404 718 462 Quedlinburqensi.
777 403 882 445 Tum
913 414 1008 443 vero
1041 413 1091 441 ex
1123 397 1259 440 codice
1290 395 1512 449 archetypo
1543 392 1757 447 exemplam

264 465 412 520 (usque
444 467 502 508 ad
531 479 571 507 a.
596 464 703 518 982)
743 460 994 516 descriptum
1024 462 1095 511 est,
1138 457 1187 499 in
1217 469 1296 510 quo
1327 453 1538 497 nonnulla
1569 451 1757 494 breviata

262 530 300 569 et
338 526 559 568 immutata
598 526 708 565 sunt.
770 520 917 563 Huius
957 516 1245 573 apoyraphum
1285 517 1454 556 auctum
1489 526 1519 554 a
1553 510 1757 555 monacho

261 582 560 637 Hersfeldensi
591 581 752 625 duabus
783 578 940 622 notulis
971 593 1011 620 a.
1043 580 1142 618 983.
1177 577 1276 616 984.
1310 577 1347 615 et
1377 585 1462 614 uno
1494 571 1581 614 loco
1611 584 1632 613 e
1658 567 1788 613 Vitas

272 642 478 699 Wiqberti
517 641 720 696 exscripto
755 637 833 691 (ad
863 653 903 680 a.
930 641 1010 679 747
1008 638 1034 691 )
1069 635 1252 678 delatum
1288 636 1347 675 est
1377 631 1426 674 in
1456 627 1758 672 monasterium

272 703 665 756 Weissenburqense
696 698 833 752 ibique
855 711 947 740 cum
967 694 1198 738 annalibus
1219 691 1345 734 huius
1366 689 1446 733 loci
1467 687 1719 742 descriptum
1729 686 1758 729 ¹.

264 764 324 806 In
364 760 593 816 exemplari
631 760 704 802 illo
735 754 1034 810 Hersfeldensi
1073 752 1237 796 adiecta
1268 750 1413 806 primo
1453 752 1555 792 nota
1592 762 1634 790 a.
1657 749 1757 800 983,

255 826 404 877 postea
425 821 647 864 subiuncta
678 822 737 861 est
769 814 1039 868 continuatio,
1072 827 1202 867 usque
1233 812 1292 854 ad
1321 826 1362 853 a.
1385 813 1510 852 1039.
1527 806 1760 851 maximam

254 885 424 936 pasrtem
448 894 499 922 ex
520 878 765 921 Annalibus
786 872 1221 919 Hildeslieimensibus
1251 869 1496 922 maioribus,
1529 866 1603 922 qui
1628 865 1760 920 peria
1773 881 1808 910 ιο

263 944 364 982 runt
378 941 404 993 2,
453 940 686 991 desumpta,
730 934 886 990 paucis
925 932 1036 976 notis
1076 929 1450 983 Hersfeldensibus
1488 924 1758 970 intermixtis.

264 999 429 1041 Eadem
450 995 763 1040 continuatione
783 1007 911 1047 usque
933 994 991 1035 acl
1011 1007 1051 1034 a.
1075 995 1185 1033 1039
1197 988 1262 1044 (2)
1275 990 1302 1043 3,
1325 985 1559 1030 immutatis
1578 985 1765 1038 fortasse.

264 1058 525 1112 quibusdam,
559 1054 718 1098 additis
737 1054 801 1096 vel
822 1051 999 1105 omissis,
1033 1050 1160 1094 etiam
1185 1047 1319 1092 codici
1337 1047 1561 1100 archetypo
1581 1043 1759 1097 adiectae,

265 1117 333 1159 liic
373 1117 499 1159 codex
537 1114 586 1156 in
624 1112 925 1156 monasterium
955 1110 1186 1153 Altaliense
1227 1108 1388 1150 delatus
1424 1109 1495 1158 est,
1537 1103 1677 1157 ibique
1707 1102 1761 1148 ab

265 1175 484 1218 annalista
514 1172 741 1216 Altaliensi
772 1170 1016 1223 exscriptus.
1079 1167 1314 1220 Exemplar
1345 1163 1577 1208 breviatum
1605 1166 1644 1205 et
1673 1161 1762 1204 imm
1775 1175 1810 1202 ιο

265 1247 394 1287 usque
425 1234 483 1275 ad
512 1247 549 1274 a.
576 1235 701 1273 1039.
725 1232 946 1272 deductum
964 1228 1098 1270 solum
1122 1226 1172 1268 in
1191 1222 1446 1267 monasterio
1462 1220 1762 1274 Hersfeldenci

265 1291 470 1335 remansit
509 1290 646 1344 ibique
687 1289 814 1332 etiam
844 1291 943 1342 post
982 1301 1022 1328 a.
1050 1289 1176 1328 1040.
1208 1283 1346 1326 nescio
1377 1295 1506 1336 usque
1545 1282 1604 1323 ad
1641 1293 1763 1334 quem

267 1365 429 1394 annum
460 1349 728 1392 continuatus
759 1361 845 1390 esse
875 1346 1081 1388 videtur&
1139 1344 1234 1386 Hoc
1265 1341 1478 1395 exemplar
1508 1341 1762 1394 Lampertue

267 1409 503 1462 exscripsit,
546 1408 672 1450 liuius
712 1405 1000 1460 apoqraphum
1039 1417 1168 1457 usque
1209 1403 1267 1444 ad
1305 1416 1346 1443 a.
1375 1403 1500 1442 1075.
1539 1398 1763 1441 mininmm

267 1467 541 1520 Hersfeldiae
563 1466 850 1509 continuatum
863 1465 878 1490 5
909 1463 957 1506 in
983 1461 1222 1506 coenobium
1238 1461 1520 1512 Hasunqense
1543 1461 1811 1511 portatumm

268 1531 328 1570 est
366 1526 504 1579 ibique
543 1529 710 1568 auctum
749 1528 787 1566 et
826 1522 1127 1574 continimtum,
1169 1534 1219 1562 ex
1259 1533 1340 1573 quo
1380 1520 1544 1561 demum
1581 1514 1763 1570 excerpti

268 1590 367 1628 sunt
389 1585 584 1627 Annales
621 1581 899 1627 Ottenburani
909 1582 937 1622 6.

412 1644 558 1697 Neque
577 1657 673 1685 vero
693 1642 828 1684 solum
844 1640 1083 1683 Annalium
1099 1636 1469 1690 Hersfelclensium
1486 1635 1699 1689 exemplar
1713 1633 1762 1678 in

261 1703 409 1757 priore
421 1706 547 1756 parte
563 1702 714 1755 Lamp.
726 1699 958 1753 exscripsit,
981 1700 1055 1741 sed
1066 1711 1211 1752 pauca
1232 1696 1398 1750 quidem
1412 1696 1425 1720 ⁷
1446 1709 1496 1738 ex
1512 1693 1762 1737 Ann.Altar

268 1797 343 1828 iam
368 1806 400 1829 a.
416 1797 495 1831 973.
514 1794 656 1828 desiisse
671 1793 858 1836 crederent,
885 1793 1027 1836 ideoque
1051 1793 1090 1825 in
1114 1801 1240 1834 qraves
1255 1789 1484 1832 difficultates
1501 1790 1761 1830 immerserunt,
1775 1798 1811 1826 π

269 1853 359 1886 quas
384 1842 450 1875 alii
475 1842 589 1884 aliter,
616 1851 732 1875 omnes
757 1841 854 1882 falso
879 1840 998 1874 tollere
1021 1841 1140 1873 conati
1162 1842 1257 1874 sunt.
1333 1839 1367 1881 1)
1394 1837 1480 1870 Vide
1503 1836 1613 1878 infra
1634 1845 1661 1870 c.
1676 1834 1762 1871 VII.

269 1889 307 1934 2)
333 1890 394 1922 Ex
410 1889 505 1924 Ann.
524 1888 624 1924 Hild.
642 1887 850 1930 maioribus,
875 1897 947 1920 non
972 1897 1015 1920 ex
1041 1887 1098 1919 his
1123 1896 1210 1930 quos
1234 1885 1402 1918 habemus
1428 1885 1523 1918 Ann.
1541 1882 1655 1925 Hild„
1679 1882 1765 1916 haee

269 1937 449 1980 exscripta
482 1946 552 1969 esse
586 1935 810 1969 ostenderunt
843 1935 890 1969 H.
923 1934 1112 1975 Bresslau,
1154 1934 1212 1968 (Ν.
1238 1931 1390 1966 Archiv'
1429 1931 1484 1974 II,
1516 1942 1552 1975 p.
1581 1931 1648 1966 541
1740 1944 1761 1972 ι,

270 1983 410 2016 Lorenz
435 1983 457 2018 l.
476 1983 498 2017 l.
519 1994 558 2025 p.
577 1984 621 2018 37
639 1993 690 2025 sq.
741 1982 809 2015 Sed
834 1982 928 2014 Ann.
947 1981 1047 2015 Hild.
1065 1982 1248 2014 maiorum
1268 1981 1376 2024 prior
1394 1989 1488 2022 pars
1514 1989 1547 2013 a.
1562 1940 1762 2014 984—qu0.

271 2040 315 2063 ex
345 2030 439 2064 Anu.
466 2029 564 2064 Hild.
599 2030 756 2072 antiquis
790 2030 934 2070 nostris,
969 2029 1034 2071 qui
1066 2038 1098 2062 a.
1128 2029 1207 2063 994.
1243 2027 1424 2068 desinunt,
1459 2025 1598 2058 duabus
1631 2024 1812 2062 coaevieao

270 2076 435 2110 manibus
461 2077 504 2108 ab
529 2086 562 2111 a.
581 2076 794 2112 995—999.
821 2076 1020 2108 continuati
1042 2078 1142 2116 sunt,
1168 2074 1345 2116 descripta
1370 2076 1458 2108 erat.
1518 2073 1645 2116 Itaque
1668 2071 1763 2114 haec,

270 2134 349 2157 cum
374 2133 495 2156 eorum
519 2123 653 2164 fontem
677 2123 879 2164 habeamus,
905 2123 944 2155 in
961 2122 1056 2157 Ann.
1074 2121 1262 2164 Lamperti
1285 2124 1316 2154 et
1338 2119 1594 2161 Weissenbury.
1612 2119 1765 2152 minori-

270 2170 335 2203 bus
361 2170 488 2203 litteris
513 2170 745 2212 exprimenda
770 2170 905 2204 curavi.
1015 2169 1051 2211 3)
1080 2168 1193 2210 Usque
1217 2167 1266 2200 ad
1289 2177 1390 2210 quem
1415 2177 1552 2199 annum
1576 2166 1660 2199 haec
1683 2175 1766 2199 con—

269 2218 424 2250 tinuatio
447 2218 487 2249 in
511 2217 622 2250 codice
645 2216 706 2249 illo
731 2216 908 2259 descripta
930 2219 963 2249 et
987 2215 1032 2248 ab
1062 2214 1246 2248 annalista
1271 2213 1460 2246 Altahensi
1491 2214 1672 2256 exscripta
1703 2213 1763 2254 sit,

271 2265 379 2297 nimis
413 2263 552 2306 quidem
585 2264 732 2297 dubium
766 2267 815 2297 est
848 2273 908 2295 nec
938 2266 1028 2296 certo
1058 2263 1172 2294 statui
1194 2271 1300 2304 posse
1324 2260 1472 2294 videtur.
1581 2261 1619 2303 4)
1651 2259 1812 2303 Usquam

270 2311 319 2344 ad
349 2321 382 2346 α.
403 2311 505 2346 1044.
531 2311 730 2351 minimum,
765 2320 844 2343 cum
875 2310 1001 2353 Lamp.
1038 2313 1070 2342 et
1102 2310 1198 2344 Ann.
1235 2307 1413 2342 Ottenlmr.
1448 2317 1557 2350 usque
1591 2306 1639 2339 ad
1671 2306 1766 2340 huno

272 2367 407 2390 annum
431 2357 646 2400 concordent,
673 2361 712 2390 ut
736 2361 825 2390 recte
841 2357 1023 2390 adnotavit
1040 2356 1085 2391 E.
1100 2355 1306 2397 Steindorff,
1325 2354 1467 2388 ‘Jahrb
1482 2353 1660 2387 Heinrich
1676 2353 1764 2388 1112!

271 2404 302 2447 I,
326 2415 363 2448 p.
383 2405 463 2457 163,
490 2415 525 2438 n.
545 2406 577 2438 3.
639 2404 800 2438 Maxime
833 2404 1030 2437 notandum
1064 2407 1113 2436 est
1147 2402 1242 2435 Ann.
1277 2401 1457 2435 Ottenbwr.
1483 2411 1516 2435 a.
1537 2402 1649 2436 1042:
1682 2399 1767 2435 Rex

272 2450 472 2494 Unganam
497 2450 610 2484 intrat
635 2461 748 2494 usque
775 2450 821 2484 ad
845 2450 1008 2484 Dravum
1033 2448 1196 2492 fluvium,
1230 2448 1295 2481 ubi
1317 2447 1480 2482 Dravum
1504 2449 1575 2481 sive
1599 2457 1622 2480 a
1646 2447 1767 2481 scriba

271 2498 503 2540 Hasunqensi
532 2499 603 2530 sive
634 2498 679 2531 ab
713 2497 950 2531 Ottenburano
988 2500 1194 2540 corruptum
1227 2499 1276 2528 est
1309 2506 1353 2528 ex
1386 2505 1500 2537 usque
1533 2493 1581 2528 ad
1612 2493 1813 2528 fluviumw

271 2543 411 2587 Raban,
438 2549 478 2577 ut
502 2544 628 2587 Lamp.
655 2544 756 2577 habet
780 2545 887 2586 infra
907 2554 945 2587 p.
961 2545 1017 2586 58,
1045 2553 1124 2576 cum
1149 2543 1207 2576 ille
1230 2543 1348 2575 scriba
1372 2541 1466 2574 hunc
1490 2542 1642 2584 fluvium
1665 2542 1766 2584 iquo-

270 2596 381 2627 raret.
502 2591 538 2635 5)
563 2591 782 2633 Quibusdam
806 2593 900 2624 notis
925 2593 1030 2624 etiam
1056 2601 1098 2624 ex
1123 2590 1313 2632 Lamperti
1335 2588 1499 2632 operibus
1529 2589 1692 2631 sumptis,
1725 2591 1766 2621 ut

271 2640 401 2682 opinor
409 2649 422 2678 ,⁴
455 2639 501 2680 cf.
529 2638 589 2672 (Ν.
615 2638 762 2672 Archiv’
788 2637 896 2679 XIX,
917 2649 957 2681 p.
977 2638 1057 2679 187,
1082 2648 1117 2672 n.
1138 2639 1170 2672 1.
1244 2637 1279 2680 6)
1305 2636 1430 2669 Etiam
1453 2635 1503 2668 ad
1525 2635 1623 2670 Anu.
1646 2635 1683 2669 Y
1681 2635 1768 2668 bwr-

267 2695 389 2728 qenses
414 2685 530 2728 (1⁷22),
566 2684 630 2720 SS.
656 2685 763 2726 XVI,
785 2696 824 2728 p.
842 2686 913 2721 435
929 2695 992 2728 sq„
1020 2688 1051 2718 et
1075 2684 1302 2718 Prumienses
1327 2683 1548 2716 brevissimos
1573 2682 1662 2725 (R),
1698 2681 1766 2717 SS.

272 2731 356 2773 XV,
373 2734 408 2773 2,
429 2744 466 2775 p.
487 2733 578 2767 1292
595 2742 658 2775 sq„
685 2735 716 2765 et
732 2732 1160 2771 Maurimonasterienses,
1182 2730 1246 2765 SS.
1261 2730 1334 2771 ΙΙΙ,
1349 2741 1387 2773 p.
1402 2731 1470 2764 152
1483 2740 1568 2773 sqq„
1591 2729 1766 2772 quaedam
1777 2735 1814 2762 45

272 2788 316 2811 ex
340 2779 519 2819 Hersfeld.
545 2783 687 2822 sumpta
716 2782 963 2822 pervenerunt.
1050 2778 1085 2820 7)
1113 2779 1157 2813 A.
1184 2779 1263 2812 741.
1292 2778 1371 2812 742.
1399 2778 1466 2812 751
1494 2779 1602 2820 (quae
1625 2776 1768 2810 Lormae

268 2826 604 2907 gbgfibfflerggglm
638 2826 733 2860 Ann.
770 2824 1081 2866 Hersfeldensibus
1110 2824 1328 2865 vindicavit).
1362 2825 1442 2859 974.
1469 2825 1549 2859 977.
1576 2823 1657 2859 978.
1683 2823 1765 2859 991.

345 2899 352 2906 .
427 2884 459 2907 o.
558 2899 565 2906 .
