2014 3184
638 226 802 264 INDEX
826 222 1178 262 LOOUTIONUM.

161 355 305 395 221‚10.
339 370 386 377 -—
419 348 510 384 nihil
537 376 544 384 .
572 373 581 383 .
608 375 615 384 .
646 346 733 382 satis
766 347 888 380 tutum

235 427 245 438 .
277 398 459 444 putabant
488 397 571 440 234,
583 405 612 432 5.
638 415 685 420 —
709 405 778 429 nec
802 393 890 428 satis

161 428 286 484 initum
310 445 380 482 sibi
402 443 558 491 putabat
583 445 704 487 322,1.

1597 219 1669 255 485

885 561 943 597 U.

212 637 301 674 dum
317 636 479 682 privatas
503 645 586 670 suas
611 632 761 668 iniurias
777 631 815 666 in
837 641 893 666 re-

165 697 251 732 gem
287 683 467 720 ulcisci
499 682 639 718 vellent
675 682 763 724 265,
783 690 813 715 5.
848 699 892 704 —

166 744 277 780 quam
318 733 485 776 acceptas
527 741 548 765 a
589 728 702 764 fratre
743 726 894 762 iniurias

163 781 323 828 pessimo
340 779 510 824 exemplo
527 779 646 814 ultum
670 776 742 811 iret
757 777 893 819 327,15.

214 829 261 864 ab
301 830 448 871 tenero,
489 828 531 861 ut
571 825 686 868 aiunt,
735 833 894 869 ungue

166 879 249 921 277,
262 887 309 913 20.
335 877 416 919 307,
429 885 457 911 5.
483 876 566 918 350,
579 884 626 910 25.

213 923 416 968 Postquam
444 951 451 959 .
479 951 486 959 .
515 948 524 957 .
548 923 716 966 tyronem
749 918 795 954 de
820 917 893 953 sin-

166 972 263 1020 gulis
279 970 326 1006 ad
342 981 550 1016 unguem
567 967 742 1004 instruxit
758 968 893 1010 317,10.

240 1031 324 1055 cum
352 1047 360 1056 .
387 1047 395 1055 .
423 1046 430 1054 .
458 1018 632 1053 cunctum
657 1015 787 1050 domus
814 1043 821 1050 .
849 1041 859 1051 .
886 1042 893 1049 .

166 1067 339 1104 decorem
379 1065 427 1101 ad
466 1075 627 1111 unguem
674 1062 898 1098 elaborasset

170 1118 251 1160 331,
262 1126 308 1152 25.
333 1115 416 1159 347,
431 1124 475 1150 15.

216 1161 316 1208 quod
348 1161 444 1197 hanc
469 1160 612 1196 unice
638 1169 783 1203 semper
807 1156 896 1192 dile—

166 1211 285 1248 xerim
309 1211 392 1255 317,
405 1219 433 1246 5.

216 1258 357 1304 regiam
393 1256 622 1292 maiestatem
662 1282 670 1290 .
697 1281 706 1290 .
733 1279 766 1298 .,
805 1262 897 1297 quae

169 1306 363 1343 unicum
387 1303 543 1340 antehac
559 1301 728 1338 omnibus
753 1299 898 1335 afflictis

168 1353 354 1400 refugium
388 1363 466 1388 esse
491 1350 732 1386 consueverat
757 1349 838 1392 146,
852 1359 897 1384 20.

171 1423 215 1429 —
248 1400 514 1437 validissimum
547 1397 657 1440 illud,
691 1395 791 1441 quod
817 1421 825 1430 .
853 1423 861 1431 .
890 1423 898 1430 .

168 1449 322 1486 ultimae
346 1458 492 1493 semper
505 1444 733 1481 necessitatis
749 1442 899 1478 unicum

172 1504 251 1534 esse‘
285 1495 487 1542 presidium
525 1491 712 1529 consuevit
749 1492 838 1535 204,
852 1501 898 1526 20.

173 1566 215 1572 -
250 1544 370 1579 malae
402 1543 468 1587 rei,
500 1541 679 1587 pessimae
713 1538 790 1584 spei
818 1537 899 1572 uni-

172 1605 254 1629 cum
274 1592 346 1627 hoc
361 1589 566 1626 remedium
585 1617 592 1624 .
613 1616 620 1624 .
641 1616 649 1624 .
667 1598 745 1622 esse
761 1588 844 1628 233,
853 1596 898 1622 30.

174 1661 216 1667 -
251 1641 438 1674 tantarum
473 1635 725 1672 calamitatum
750 1633 899 1668 unicum

173 1699 216 1724 ac
249 1686 433 1733 singulare
470 1694 658 1729 superesse
694 1680 899 1717 remedium

173 1737 261 1779 278,
282 1746 326 1771 15.
363 1754 404 1760 -—
441 1732 560 1768 Ratus
596 1759 603 1767 .
632 1759 638 1766 .
668 1758 675 1766 .
709 1728 818 1764 huius
846 1727 900 1762 rei

173 1783 323 1819 unicum
347 1781 419 1816 hoc
435 1791 513 1816 esse
537 1777 737 1824 presidium
764 1778 899 1817 300‚10.

221 1832 391 1873 mortem,
405 1839 498 1874 quae
511 1836 659 1872 presens
676 1837 701 1859 u
710 1836 730 1859 r
739 1836 763 1870 g
773 1835 793 1859 e
803 1823 827 1858 b
837 1834 858 1857 a
867 1825 901 1867 t,

175 1878 324 1914 difien-e
348 1876 576 1912 conabantur
600 1875 716 1916 94,15.
737 1891 778 1897 —
798 1870 828 1905 si
845 1881 902 1905 ca-

175 1926 389 1965 lamitatem,
424 1934 518 1968 quae
547 1920 594 1956 ad
620 1931 770 1966 presens
795 1924 902 1964 urge-

174 1974 250 2019 bat,
272 1971 492 2018 quandoque
508 1969 766 2016 propulsarent
783 1968 864 2009 164,
874 1976 902 2002 5.

178 2043 223 2048 —
249 2020 313 2056 ubi
336 2019 498 2066 primum
515 2016 714 2059 calamitas,
739 2025 832 2060 quae
858 2012 904 2048 ad

177 2079 327 2116 presens
361 2066 527 2113 urgebat,
561 2062 729 2110 preteriit
761 2064 903 2106 279,15.

181 2137 223 2144 -
259 2115 359 2162 quod
393 2143 401 2152 .
433 2143 440 2151 .
474 2142 483 2151 .
513 2114 707 2158 urgentem
742 2109 788 2145 ad
822 2119 905 2154 pre-

178 2176 260 2201 sens
273 2162 519 2199 calamitatem
533 2159 750 2196 declinasset
765 2158 847 2199 282,
859 2167 904 2193 20.

226 2210 394 2258 urgeri
427 2208 616 2245 hominem
650 2205 809 2252 propriis
838 2204 905 2239 ini-

179 2259 379 2306 quitatibus
412 2257 459 2293 ad
491 2255 682 2291 interitum
715 2255 774 2297 84,
788 2264 833 2290 so.
859 2272 906 2278 —

179 2307 267 2343 dum
302 2317 387 2342 eum
423 2334 430 2342 .
459 2333 467 2342 .
494 2333 503 2341 .
537 2303 585 2339 ad
618 2302 758 2338 exitum
782 2299 907 2346 urgeri

178 2355 320 2400 videret
345 2356 403 2398 99,
417 2363 462 2390 ³5.

228 2402 397 2438 omnibus
413 2411 507 2446 quae
523 2399 562 2434 in
577 2398 674 2433 bello
700 2395 808 2431 usui
830 2405 907 2430 esse

181 2451 300 2486 solent
324 2448 438 2495 copiis
462 2445 743 2482 instructissima
769 2445 848 2487 169,
862 2453 908 2479 25.

182 2519 228 2524 —
253 2497 375 2533 omnia
400 2506 494 2541 quae
517 2494 601 2540 paci
621 2493 680 2528 vel
705 2491 802 2527 bello
828 2488 910 2524 usui

183 2557 260 2581 esse
285 2545 404 2580 solent
427 2545 566 2587 280,15.
594 2561 638 2566 -
665 2539 828 2574 omnium
853 2548 908 2571 re-

183 2604 265 2628 rum
299 2603 392 2637 quae
426 2590 522 2626 bello
547 2589 607 2623 vel
639 2586 720 2632 paci
750 2585 831 2620 usui
856 2584 909 2619 fo-

183 2642 267 2676 rent
291 2641 372 2683 312,
386 2650 431 2675 20.
452 2657 493 2663 -
513 2635 618 2681 copia
635 2633 799 2670 omnium
817 2642 910 2677 quae

183 2687 288 2723 bellis
305 2688 487 2731 oportuna
511 2694 588 2719 esse
610 2682 729 2717 solent
752 2680 911 2715 multum

184 2734 299 2771 fratre
330 2731 544 2768 instructior
576 2732 659 2774 327,
678 2741 721 2766 10.
758 2748 800 2754 -—
840 2738 912 2771 que

183 2780 498 2829 proficiscentibus
520 2778 602 2813 usui
626 2776 748 2812 forent
773 2777 855 2817 334,
866 2785 911 2810 25.
934 2800 937 2811 .

234 2829 550 2871 utebaturque
591 2824 788 2871 plurimum
826 2833 912 2857 con-

186 2877 266 2913 silio
292 2903 305 2913 ..
328 2905 336 2913 .
364 2904 371 2912 .
399 2873 560 2920 episcopi
585 2875 695 2917 79,20.
723 2891 765 2896 ——
793 2869 913 2905 Pluri-

991 629 1070 664 Liv.
1097 628 1149 671 II,
1176 629 1209 670 6,
1233 630 1267 663 3.
1293 637 1375 660 suas
1400 636 1546 670 quoque
1571 627 1670 659 vete·

943 687 1000 711 res
1026 675 1175 710 iniurias
1202 674 1356 709 ultum
1381 673 1488 709 irent.
1514 692 1556 698 -—
1582 672 1669 707 Sall.

943 725 1024 768 Iuy.
1043 725 1100 760 68.
1127 722 1246 757 ultum
1271 721 1325 756 ire
1341 720 1492 755 iniurias
1510 719 1669 754 festinat.

993 819 1082 855 Hor.
1110 819 1231 853 Carm.
1262 817 1342 859 III,
1371 818 1410 859 6,
1435 817 1492 851 24.
1530 825 1671 848 amores

943 866 990 902 de
1014 868 1142 901 tenero
1167 864 1367 900 meditatur
1391 862 1552 909 ungui.

991 915 1083 950 Hor.
1103 914 1180 948 Sat.
1205 913 1237 956 I,
1257 914 1291 954 5,
1309 913 1367 948 32.
1393 910 1440 945 ad
1465 920 1672 954 unguem

944 961 1062 996 factus
1086 961 1218 1003 110111ος
1253 961 1323 1004 Ep.
1348 959 1401 1003 II,
1429 961 1462 1001 3,
1487 960 1570 994 294.
1597 967 1673 991 ear·

943 1021 1030 1044 men
1056 1037 1064 1045 .
1092 1037 1100 1045 .
1128 1036 1136 1045 .
1162 1007 1262 1052 quod
1287 1035 1296 1044 .
1321 1035 1328 1043 .
1353 1035 1360 1043 .
1386 1017 1462 1041 11011
1483 1004 1674 1050 castigavit

945 1057 992 1092 ad
1016 1067 1188 1103 unguem.

994 1152 1097 1197 Sulp.
1123 1152 1197 1187 Sev.
1223 1151 1294 1194 Ep.
1320 1152 1354 1185 2.
1390 1160 1473 1184 cum
1507 1159 1565 1182 me
1594 1175 1600 1183 .
1629 1175 1636 1182 .
1666 1175 1672 1182 .

946 1199 1088 1235 unice
1113 1198 1299 1244 diligebat.

1000 1248 1135 1282 Terent.
1161 1246 1243 1281 Hoc.
1269 1246 1301 1288 I,
1319 1247 1353 1289 2,
1380 1246 1438 1280 43.
1463 1243 1568 1278 illum
1594 1270 1601 1277 .
1630 1270 1638 1278 .
1666 1270 1673 1277 .

947 1306 1024 1331 esse
1050 1294 1227 1329 unicum
1261 1291 1484 1338 praesidium
1509 1289 1602 1325 velle
1637 1300 1674 1324 se

947 1342 1127 1378 senectuti
1172 1352 1269 1376 suae.
1314 1360 1356 1365 ——
1399 1340 1516 1374 Amm.
1559 1338 1675 1372 Marc.

947 1391 1101 1434 XXIX,
1129 1391 1168 1432 5,
1196 1390 1253 1425 54.
1288 1387 1327 1422 in
1360 1385 1532 1422 extremis
1566 1384 1675 1419 rebus

947 1449 1063 1473 unum
1087 1436 1290 1472 remedium
1308 1445 1496 1480 superesse
1514 1435 1675 1467 coutem-

947 1485 1073 1531 plans,
1105 1483 1292 1526 XXVIII,
1320 1485 1351 1526 1,
1378 1485 1436 1518 37.
1471 1479 1675 1516 remedium

947 1533 1088 1568 nullum
1125 1531 1226 1567 aliud
1259 1530 1330 1565 reis
1361 1558 1368 1566 .
1398 1558 1406 1565 .
1433 1557 1441 1565 .
1468 1538 1674 1573 superesse,

949 1582 1072 1624 XXX,
1099 1582 1134 1622 8,
1160 1581 1194 1616 6.
1230 1577 1329 1623 quod
1354 1577 1524 1611 ultimum
1550 1575 1587 1610 in
1614 1573 1675 1609 ad-

948 1628 1061 1664 versis
1095 1628 1204 1662 rebus
1235 1625 1439 1661 remedium
1467 1652 1474 1660 .
1502 1649 1511 1658 .
1539 1652 1546 1659 .
1573 1633 1675 1667 repe-

947 1676 1052 1711 ritur.

1005 2391 1094 2426 Sall.
1132 2390 1213 2432 Iuy.
1251 2389 1310 2422 43.
1352 2384 1474 2420 omnia
1516 2394 1609 2428 quae
1648 2382 1682 2416 in

957 2438 1054 2473 bello
1082 2466 1089 2473 .
1117 2462 1125 2471 .
1153 2464 1160 2472 .
1187 2434 1295 2469 usui
1330 2444 1406 2468 esse
1432 2432 1570 2474 solent;
1608 2431 1684 2465 Cat.

958 2488 1015 2522 32.
1051 2495 1145 2529 quae
1178 2483 1276 2518 bello
1311 2480 1392 2515 usui
1427 2479 1567 2520 forent,
1607 2479 1685 2521 luy.

957 2536 1016 2571 27.
1043 2532 1186 2576 aliaque
1204 2540 1297 2575 quae
1315 2528 1412 2563 bello
1438 2526 1519 2561 usui
1545 2525 1685 2569 forent3

958 2583 1016 2618 47.
1043 2579 1114 2615 alia
1138 2589 1230 2623 quae
1256 2577 1354 2612 bello
1379 2575 1459 2610 usui
1485 2574 1617 2608 forent.
1643 2593 1684 2597 —

959 2630 1037 2664 IAv.
1072 2627 1210 2667 XLIV,
1247 2626 1303 2661 17.
1342 2634 1434 2668 quae
1472 2621 1570 2656 bello
1608 2619 1687 2654 usui

959 2676 1091 2711 forent.
1121 2694 1162 2699 -
1191 2674 1247 2716 Cf.
1272 2672 1481 2706 instructus.

1010 2819 1096 2862 Rey.
1123 2817 1159 2852 S.
1187 2815 1313 2850 Bened.
1340 2815 1373 2849 3.
1400 2811 1583 2847 seniorum
1611 2812 1689 2843 tan-

962 2869 1041 2901 tum
1067 2867 1235 2899 utatur
1260 2861 1421 2897 consilio.
1441 2879 1486 2885 -
1503 2859 1592 2892 Sall.
1613 2858 1689 2892 Cat.
