<?xml version="1.0" encoding="UTF-8"?>
<!DOCTYPE html PUBLIC "-//W3C//DTD XHTML 1.0 Transitional//EN"
    "http://www.w3.org/TR/xhtml1/DTD/xhtml1-transitional.dtd">
<html xmlns="http://www.w3.org/1999/xhtml" xml:lang="en" lang="en">
 <head>
  <title>
</title>
<meta http-equiv="Content-Type" content="text/html;charset=utf-8" />
  <meta name='ocr-system' content='tesseract 3.04.00' />
  <meta name='ocr-capabilities' content='ocr_page ocr_carea ocr_par ocr_line ocrx_word'/>
</head>
<body>
  <div class='ocr_page' id='page_1' title='image "./lampertimonachih00lambuoft_0515.png"; bbox 0 0 2014 3184; ppageno 0'>
   <div class='ocr_carea' id='block_1_1' title="bbox 0 0 67 927">
    <p class='ocr_par' dir='ltr' id='par_1_1' title="bbox 0 0 67 927">
     <span class='ocr_line' id='line_1_1' title="bbox 0 0 67 927; baseline 0 0"><span class='ocrx_word' id='word_1_1' title='bbox 0 0 67 927; x_wconf 95' lang='lat' dir='ltr'><strong> </strong></span> 
     </span>
    </p>
   </div>
   <div class='ocr_carea' id='block_1_2' title="bbox 650 202 1191 242">
    <p class='ocr_par' dir='ltr' id='par_1_2' title="bbox 650 202 1191 242">
     <span class='ocr_line' id='line_1_2' title="bbox 650 202 1191 242; baseline 0.002 -3"><span class='ocrx_word' id='word_1_2' title='bbox 650 202 815 239; x_wconf 84' lang='lat' dir='ltr'>INDEX</span> <span class='ocrx_word' id='word_1_3' title='bbox 839 203 1136 242; x_wconf 79' lang='lat' dir='ltr'>LOGUTIONU</span> <span class='ocrx_word' id='word_1_4' title='bbox 1138 203 1191 241; x_wconf 85' lang='lat' dir='ltr'>M.</span> 
     </span>
    </p>
   </div>
   <div class='ocr_carea' id='block_1_3' title="bbox 171 321 906 694">
    <p class='ocr_par' dir='ltr' id='par_1_3' title="bbox 171 321 906 694">
     <span class='ocr_line' id='line_1_3' title="bbox 219 321 904 360; baseline 0.001 -1"><span class='ocrx_word' id='word_1_5' title='bbox 219 325 296 359; x_wconf 83' lang='lat' dir='ltr'><strong>tam</strong></span> <span class='ocrx_word' id='word_1_6' title='bbox 316 334 338 359; x_wconf 89' lang='lat' dir='ltr'><strong>e</strong></span> <span class='ocrx_word' id='word_1_7' title='bbox 355 321 476 359; x_wconf 86' lang='lat' dir='ltr'><strong>vicino</strong></span> <span class='ocrx_word' id='word_1_8' title='bbox 496 322 777 358; x_wconf 88' lang='lat' dir='ltr'><strong>imminentis</strong></span> <span class='ocrx_word' id='word_1_9' title='bbox 796 323 904 360; x_wconf 81' lang='lat' dir='ltr'>exicii</span> 
     </span>
     <span class='ocr_line' id='line_1_4' title="bbox 171 370 904 416; baseline -0.003 -7"><span class='ocrx_word' id='word_1_10' title='bbox 171 371 256 416; x_wconf 78' lang='lat'>228,</span> <span class='ocrx_word' id='word_1_11' title='bbox 267 381 298 408; x_wconf 83' lang='lat'><strong>5.</strong></span> <span class='ocrx_word' id='word_1_12' title='bbox 325 391 367 396; x_wconf 96' lang='lat'><strong>—</strong></span> <span class='ocrx_word' id='word_1_13' title='bbox 394 382 415 407; x_wconf 82' lang='lat' dir='ltr'><strong>e</strong></span> <span class='ocrx_word' id='word_1_14' title='bbox 438 370 560 407; x_wconf 79' lang='lat' dir='ltr'><strong>vicino</strong></span> <span class='ocrx_word' id='word_1_15' title='bbox 589 370 663 406; x_wconf 81' lang='lat' dir='ltr'><strong>iam</strong></span> <span class='ocrx_word' id='word_1_16' title='bbox 688 370 904 407; x_wconf 79' lang='lat' dir='ltr'>imminente</span> 
     </span>
     <span class='ocr_line' id='line_1_5' title="bbox 172 418 904 464; baseline -0.001 -10"><span class='ocrx_word' id='word_1_17' title='bbox 172 418 233 455; x_wconf 86' lang='lat' dir='ltr'><strong>die</strong></span> <span class='ocrx_word' id='word_1_18' title='bbox 257 421 340 464; x_wconf 88' lang='lat'>232,</span> <span class='ocrx_word' id='word_1_19' title='bbox 353 429 399 456; x_wconf 79' lang='lat'><strong>20</strong></span> <span class='ocrx_word' id='word_1_20' title='bbox 427 439 470 444; x_wconf 97' lang='lat'><strong>—</strong></span> <span class='ocrx_word' id='word_1_21' title='bbox 497 421 575 454; x_wconf 88' lang='lat' dir='ltr'><strong>tam</strong></span> <span class='ocrx_word' id='word_1_22' title='bbox 601 429 621 454; x_wconf 91' lang='lat' dir='ltr'><strong>e</strong></span> <span class='ocrx_word' id='word_1_23' title='bbox 637 418 760 454; x_wconf 84' lang='lat' dir='ltr'><strong>vicino</strong></span> <span class='ocrx_word' id='word_1_24' title='bbox 785 419 904 454; x_wconf 87' lang='lat' dir='ltr'><strong>immi-</strong></span> 
     </span>
     <span class='ocr_line' id='line_1_6' title="bbox 171 465 903 522; baseline 0 -19"><span class='ocrx_word' id='word_1_25' title='bbox 171 477 263 503; x_wconf 83' lang='lat' dir='ltr'><strong>nens</strong></span> <span class='ocrx_word' id='word_1_26' title='bbox 299 465 428 522; x_wconf 64' lang='lat' dir='ltr'><strong>mortis</strong></span> <span class='ocrx_word' id='word_1_27' title='bbox 465 466 643 503; x_wconf 75' lang='lat' dir='ltr'><strong>articulus</strong></span> <span class='ocrx_word' id='word_1_28' title='bbox 680 468 764 511; x_wconf 83' lang='lat'>334,</span> <span class='ocrx_word' id='word_1_29' title='bbox 778 478 823 503; x_wconf 86' lang='grc' dir='ltr'><strong>ιο</strong></span> <span class='ocrx_word' id='word_1_30' title='bbox 861 487 903 492; x_wconf 93' lang='lat'><strong>—</strong></span> 
     </span>
     <span class='ocr_line' id='line_1_7' title="bbox 172 512 905 568; baseline -0.003 -18"><span class='ocrx_word' id='word_1_31' title='bbox 172 512 250 550; x_wconf 83' lang='lat' dir='ltr'><strong>dies</strong></span> <span class='ocrx_word' id='word_1_32' title='bbox 274 513 574 551; x_wconf 82' lang='lat' dir='ltr'><strong>anniversarius.</strong></span> <span class='ocrx_word' id='word_1_33' title='bbox 621 525 669 550; x_wconf 89' lang='lat' dir='ltr'><strong>.e</strong></span> <span class='ocrx_word' id='word_1_34' title='bbox 690 513 812 568; x_wconf 80' lang='lat' dir='ltr'><strong>vicino</strong></span> <span class='ocrx_word' id='word_1_35' title='bbox 838 513 905 548; x_wconf 91' lang='lat' dir='ltr'><strong>im-</strong></span> 
     </span>
     <span class='ocr_line' id='line_1_8' title="bbox 171 561 904 616; baseline -0.003 -18"><span class='ocrx_word' id='word_1_36' title='bbox 171 562 316 599; x_wconf 77' lang='lat' dir='ltr'><strong>minens</strong></span> <span class='ocrx_word' id='word_1_37' title='bbox 347 563 438 606; x_wconf 89' lang='grc'><strong>286,</strong></span> <span class='ocrx_word' id='word_1_38' title='bbox 459 573 504 599; x_wconf 90' lang='grc' dir='ltr'><strong>ι.5</strong></span> <span class='ocrx_word' id='word_1_39' title='bbox 542 582 584 588; x_wconf 92' lang='lat'><strong>——-</strong></span> <span class='ocrx_word' id='word_1_40' title='bbox 620 573 642 596; x_wconf 92' lang='lat' dir='ltr'><strong>e</strong></span> <span class='ocrx_word' id='word_1_41' title='bbox 675 561 796 616; x_wconf 81' lang='lat' dir='ltr'><strong>yicino</strong></span> <span class='ocrx_word' id='word_1_42' title='bbox 831 561 904 597; x_wconf 86' lang='lat' dir='ltr'><strong>iam</strong></span> 
     </span>
     <span class='ocr_line' id='line_1_9' title="bbox 172 609 905 657; baseline -0.001 -11"><span class='ocrx_word' id='word_1_43' title='bbox 172 621 304 657; x_wconf 79' lang='lat' dir='ltr'><strong>urgere</strong></span> <span class='ocrx_word' id='word_1_44' title='bbox 329 609 428 646; x_wconf 89' lang='lat' dir='ltr'><strong>diem</strong></span> <span class='ocrx_word' id='word_1_45' title='bbox 462 609 751 646; x_wconf 84' lang='lat' dir='ltr'><strong>anniversarium</strong></span> <span class='ocrx_word' id='word_1_46' title='bbox 779 612 894 654; x_wconf 89' lang='grc'><strong>291,5</strong></span> <span class='ocrx_word' id='word_1_47' title='bbox 877 621 905 646; x_wconf 92' lang='grc'><strong>5.</strong></span> 
     </span>
     <span class='ocr_line' id='line_1_10' title="bbox 174 657 906 694; baseline -0.001 -1"><span class='ocrx_word' id='word_1_48' title='bbox 174 678 217 684; x_wconf 84' lang='grc'><strong>-</strong></span> <span class='ocrx_word' id='word_1_49' title='bbox 244 657 341 694; x_wconf 90' lang='lat' dir='ltr'><strong>diem</strong></span> <span class='ocrx_word' id='word_1_50' title='bbox 368 657 565 694; x_wconf 90' lang='lat' dir='ltr'><strong>conventui</strong></span> <span class='ocrx_word' id='word_1_51' title='bbox 595 657 766 693; x_wconf 89' lang='lat' dir='ltr'><strong>habendo</strong></span> <span class='ocrx_word' id='word_1_52' title='bbox 792 660 906 693; x_wconf 88' lang='lat' dir='ltr'><strong>statu-</strong></span> 
     </span>
    </p>
   </div>
   <div class='ocr_carea' id='block_1_4' title="bbox 171 705 931 750">
    <p class='ocr_par' dir='ltr' id='par_1_4' title="bbox 171 705 931 750">
     <span class='ocr_line' id='line_1_11' title="bbox 171 705 931 750; baseline 0.003 -9"><span class='ocrx_word' id='word_1_53' title='bbox 171 709 251 741; x_wconf 86' lang='lat' dir='ltr'><strong>tum</strong></span> <span class='ocrx_word' id='word_1_54' title='bbox 278 717 299 741; x_wconf 90' lang='lat' dir='ltr'><strong>e</strong></span> <span class='ocrx_word' id='word_1_55' title='bbox 322 705 443 742; x_wconf 87' lang='lat' dir='ltr'><strong>vicino</strong></span> <span class='ocrx_word' id='word_1_56' title='bbox 468 705 662 741; x_wconf 88' lang='lat' dir='ltr'><strong>imminere</strong></span> <span class='ocrx_word' id='word_1_57' title='bbox 687 708 769 750; x_wconf 97' lang='lat'>302,</span> <span class='ocrx_word' id='word_1_58' title='bbox 787 717 833 742; x_wconf 88' lang='grc'><strong>30.</strong></span> <span class='ocrx_word' id='word_1_59' title='bbox 861 726 904 731; x_wconf 87' lang='lat'><strong>—-</strong></span> <span class='ocrx_word' id='word_1_60' title='bbox 930 717 931 723; x_wconf 61' lang='lat'>¹</span> 
     </span>
    </p>
   </div>
   <div class='ocr_carea' id='block_1_5' title="bbox 171 752 908 1087">
    <p class='ocr_par' dir='ltr' id='par_1_5' title="bbox 172 752 729 809">
     <span class='ocr_line' id='line_1_12' title="bbox 172 752 729 809; baseline 0.004 -20"><span class='ocrx_word' id='word_1_61' title='bbox 172 752 396 790; x_wconf 87' lang='lat' dir='ltr'><strong>Imminente</strong></span> <span class='ocrx_word' id='word_1_62' title='bbox 421 754 495 789; x_wconf 81' lang='lat' dir='ltr'><strong>iam</strong></span> <span class='ocrx_word' id='word_1_63' title='bbox 521 753 580 789; x_wconf 90' lang='lat' dir='ltr'><strong>die</strong></span> <span class='ocrx_word' id='word_1_64' title='bbox 607 755 729 809; x_wconf 84' lang='grc'><strong>109,5.</strong></span> 
     </span>
    </p>

    <p class='ocr_par' dir='ltr' id='par_1_6' title="bbox 171 800 908 1087">
     <span class='ocr_line' id='line_1_13' title="bbox 219 800 906 848; baseline 0 -12"><span class='ocrx_word' id='word_1_65' title='bbox 219 800 259 836; x_wconf 82' lang='lat' dir='ltr'><strong>ln·</strong></span> <span class='ocrx_word' id='word_1_66' title='bbox 294 829 303 838; x_wconf 85' lang='lat'>.</span> <span class='ocrx_word' id='word_1_67' title='bbox 366 829 375 838; x_wconf 97' lang='lat'>.</span> <span class='ocrx_word' id='word_1_68' title='bbox 409 801 571 848; x_wconf 85' lang='lat' dir='ltr'><strong>graviter</strong></span> <span class='ocrx_word' id='word_1_69' title='bbox 607 801 716 836; x_wconf 88' lang='lat' dir='ltr'><strong>nimis</strong></span> <span class='ocrx_word' id='word_1_70' title='bbox 754 801 906 836; x_wconf 90' lang='lat' dir='ltr'><strong>immi·</strong></span> 
     </span>
     <span class='ocr_line' id='line_1_14' title="bbox 172 849 907 895; baseline 0 -11"><span class='ocrx_word' id='word_1_71' title='bbox 172 849 356 884; x_wconf 81' lang='lat' dir='ltr'><strong>nebant</strong></span> <span class='ocrx_word' id='word_1_72' title='bbox 388 849 527 895; x_wconf 85' lang='lat' dir='ltr'><strong>populo</strong></span> <span class='ocrx_word' id='word_1_73' title='bbox 559 851 640 895; x_wconf 87' lang='lat'>146,</span> <span class='ocrx_word' id='word_1_74' title='bbox 652 860 680 886; x_wconf 97' lang='lat'><strong>5.</strong></span> <span class='ocrx_word' id='word_1_75' title='bbox 707 870 754 875; x_wconf 93' lang='lat'><strong>——</strong></span> <span class='ocrx_word' id='word_1_76' title='bbox 779 849 907 885; x_wconf 92' lang='lat' dir='ltr'><strong>Immi-</strong></span> 
     </span>
     <span class='ocr_line' id='line_1_15' title="bbox 173 897 906 941; baseline 0.004 -9"><span class='ocrx_word' id='word_1_77' title='bbox 173 897 286 932; x_wconf 88' lang='lat' dir='ltr'><strong>nebat</strong></span> <span class='ocrx_word' id='word_1_78' title='bbox 321 897 386 932; x_wconf 89' lang='lat' dir='ltr'><strong>ille</strong></span> <span class='ocrx_word' id='word_1_79' title='bbox 418 897 658 933; x_wconf 88' lang='lat' dir='ltr'><strong>vehementer</strong></span> <span class='ocrx_word' id='word_1_80' title='bbox 693 899 773 941; x_wconf 89' lang='grc'>196,</span> <span class='ocrx_word' id='word_1_81' title='bbox 788 909 833 934; x_wconf 96' lang='grc'><strong>30.</strong></span> <span class='ocrx_word' id='word_1_82' title='bbox 860 918 906 923; x_wconf 93' lang='grc'>-</span> 
     </span>
     <span class='ocr_line' id='line_1_16' title="bbox 171 944 906 992; baseline 0.003 -12"><span class='ocrx_word' id='word_1_83' title='bbox 171 944 410 980; x_wconf 86' lang='lat' dir='ltr'><strong>vehementer</strong></span> <span class='ocrx_word' id='word_1_84' title='bbox 425 945 503 992; x_wconf 86' lang='lat' dir='ltr'><strong>regi</strong></span> <span class='ocrx_word' id='word_1_85' title='bbox 520 945 750 980; x_wconf 87' lang='lat' dir='ltr'><strong>inminebant</strong></span> <span class='ocrx_word' id='word_1_86' title='bbox 766 947 849 989; x_wconf 89' lang='lat'>239,</span> <span class='ocrx_word' id='word_1_87' title='bbox 862 956 906 982; x_wconf 89' lang='lat'><strong>15.</strong></span> 
     </span>
     <span class='ocr_line' id='line_1_17' title="bbox 173 992 907 1039; baseline 0 -11"><span class='ocrx_word' id='word_1_88' title='bbox 173 992 367 1039; x_wconf 84' lang='lat' dir='ltr'><strong>episcopus</strong></span> <span class='ocrx_word' id='word_1_89' title='bbox 402 1021 411 1030; x_wconf 89' lang='lat'>.</span> <span class='ocrx_word' id='word_1_90' title='bbox 438 1018 447 1029; x_wconf 94' lang='lat'>.</span> <span class='ocrx_word' id='word_1_91' title='bbox 474 1021 483 1030; x_wconf 87' lang='lat'>.</span> <span class='ocrx_word' id='word_1_92' title='bbox 514 993 754 1028; x_wconf 85' lang='lat' dir='ltr'><strong>vehementer</strong></span> <span class='ocrx_word' id='word_1_93' title='bbox 787 993 907 1028; x_wconf 90' lang='lat' dir='ltr'><strong>immi-</strong></span> 
     </span>
     <span class='ocr_line' id='line_1_18' title="bbox 172 1040 908 1087; baseline 0 -11"><span class='ocrx_word' id='word_1_94' title='bbox 172 1040 286 1076; x_wconf 81' lang='lat' dir='ltr'><strong>nebat</strong></span> <span class='ocrx_word' id='word_1_95' title='bbox 308 1042 451 1086; x_wconf 82' lang='lat'>254,10.</span> <span class='ocrx_word' id='word_1_96' title='bbox 479 1061 522 1067; x_wconf 88' lang='lat'><em>-</em></span> <span class='ocrx_word' id='word_1_97' title='bbox 548 1041 707 1087; x_wconf 77' lang='lat' dir='ltr'>pressius</span> <span class='ocrx_word' id='word_1_98' title='bbox 740 1041 815 1076; x_wconf 86' lang='lat' dir='ltr'><strong>iam</strong></span> <span class='ocrx_word' id='word_1_99' title='bbox 839 1041 908 1076; x_wconf 90' lang='lat' dir='ltr'><strong>im-</strong></span> 
     </span>
    </p>
   </div>
   <div class='ocr_carea' id='block_1_6' title="bbox 99 1087 486 1132">
    <p class='ocr_par' dir='ltr' id='par_1_7' title="bbox 99 1087 486 1132">
     <span class='ocr_line' id='line_1_19' title="bbox 99 1087 486 1132; baseline 0.018 -13"><span class='ocrx_word' id='word_1_100' title='bbox 99 1116 107 1119; x_wconf 14' lang='lat'>*</span> <span class='ocrx_word' id='word_1_101' title='bbox 173 1087 338 1125; x_wconf 90' lang='lat' dir='ltr'><strong>minebat</strong></span> <span class='ocrx_word' id='word_1_102' title='bbox 361 1091 444 1132; x_wconf 91' lang='lat'>200,</span> <span class='ocrx_word' id='word_1_103' title='bbox 460 1101 486 1126; x_wconf 87' lang='lat'>1.</span> 
     </span>
    </p>
   </div>
   <div class='ocr_carea' id='block_1_7' title="bbox 171 1135 909 1468">
    <p class='ocr_par' dir='ltr' id='par_1_8' title="bbox 173 1135 908 1325">
     <span class='ocr_line' id='line_1_20' title="bbox 222 1135 907 1182; baseline 0.003 -12"><span class='ocrx_word' id='word_1_104' title='bbox 222 1135 260 1171; x_wconf 88' lang='lat' dir='ltr'><strong>in</strong></span> <span class='ocrx_word' id='word_1_105' title='bbox 284 1138 411 1172; x_wconf 86' lang='lat' dir='ltr'><strong>monte</strong></span> <span class='ocrx_word' id='word_1_106' title='bbox 428 1165 438 1174; x_wconf 96' lang='lat'>.</span> <span class='ocrx_word' id='word_1_107' title='bbox 457 1162 466 1172; x_wconf 86' lang='lat'>.</span> <span class='ocrx_word' id='word_1_108' title='bbox 484 1165 493 1173; x_wconf 91' lang='lat'>.</span> <span class='ocrx_word' id='word_1_109' title='bbox 512 1136 575 1181; x_wconf 91' lang='lat' dir='ltr'><strong>qui</strong></span> <span class='ocrx_word' id='word_1_110' title='bbox 599 1137 789 1182; x_wconf 87' lang='lat' dir='ltr'><strong>proximus</strong></span> <span class='ocrx_word' id='word_1_111' title='bbox 816 1136 907 1172; x_wconf 81' lang='lat' dir='ltr'><strong>Goa-</strong></span> 
     </span>
     <span class='ocr_line' id='line_1_21' title="bbox 173 1183 908 1230; baseline 0 -11"><span class='ocrx_word' id='word_1_112' title='bbox 173 1183 286 1219; x_wconf 85' lang='lat' dir='ltr'><strong>lariae</strong></span> <span class='ocrx_word' id='word_1_113' title='bbox 327 1183 550 1220; x_wconf 86' lang='lat' dir='ltr'><strong>imminet</strong></span> <span class='ocrx_word' id='word_1_114' title='bbox 590 1187 680 1230; x_wconf 88' lang='lat'>261,</span> <span class='ocrx_word' id='word_1_115' title='bbox 700 1196 746 1222; x_wconf 82' lang='lat'>20.</span> <span class='ocrx_word' id='word_1_116' title='bbox 788 1205 829 1210; x_wconf 91' lang='lat'><em>-</em></span> <span class='ocrx_word' id='word_1_117' title='bbox 868 1185 908 1220; x_wconf 90' lang='lat' dir='ltr'><strong>in</strong></span> 
     </span>
     <span class='ocr_line' id='line_1_22' title="bbox 173 1231 908 1278; baseline 0.003 -12"><span class='ocrx_word' id='word_1_118' title='bbox 173 1234 301 1267; x_wconf 87' lang='lat' dir='ltr'><strong>monte</strong></span> <span class='ocrx_word' id='word_1_119' title='bbox 341 1231 406 1277; x_wconf 87' lang='lat' dir='ltr'><strong>qui</strong></span> <span class='ocrx_word' id='word_1_120' title='bbox 445 1232 635 1278; x_wconf 86' lang='lat' dir='ltr'><strong>proximus</strong></span> <span class='ocrx_word' id='word_1_121' title='bbox 685 1233 908 1268; x_wconf 88' lang='lat' dir='ltr'><strong>monasterio</strong></span> 
     </span>
     <span class='ocr_line' id='line_1_23' title="bbox 174 1279 509 1325; baseline 0.009 -11"><span class='ocrx_word' id='word_1_122' title='bbox 174 1279 344 1315; x_wconf 77' lang='lat' dir='ltr'><strong>imminet</strong></span> <span class='ocrx_word' id='word_1_123' title='bbox 367 1281 450 1325; x_wconf 92' lang='lat'>338,</span> <span class='ocrx_word' id='word_1_124' title='bbox 463 1291 509 1317; x_wconf 74' lang='lat'><strong>35.</strong></span> 
     </span>
    </p>

    <p class='ocr_par' dir='ltr' id='par_1_9' title="bbox 171 1327 909 1468">
     <span class='ocr_line' id='line_1_24' title="bbox 221 1327 908 1374; baseline 0.003 -11"><span class='ocrx_word' id='word_1_125' title='bbox 221 1327 326 1363; x_wconf 88' lang='lat' dir='ltr'><strong>oneri</strong></span> <span class='ocrx_word' id='word_1_126' title='bbox 359 1330 463 1363; x_wconf 74' lang='lat' dir='ltr'><strong>tanto</strong></span> <span class='ocrx_word' id='word_1_127' title='bbox 497 1338 536 1362; x_wconf 90' lang='lat' dir='ltr'><strong>se</strong></span> <span class='ocrx_word' id='word_1_128' title='bbox 570 1327 799 1374; x_wconf 87' lang='lat' dir='ltr'><strong>imparem</strong></span> <span class='ocrx_word' id='word_1_129' title='bbox 826 1355 834 1364; x_wconf 98' lang='lat'>.</span> <span class='ocrx_word' id='word_1_130' title='bbox 862 1357 870 1365; x_wconf 82' lang='lat'>.</span> <span class='ocrx_word' id='word_1_131' title='bbox 899 1354 908 1364; x_wconf 96' lang='lat'>.</span> 
     </span>
     <span class='ocr_line' id='line_1_25' title="bbox 171 1375 909 1422; baseline 0 -11"><span class='ocrx_word' id='word_1_132' title='bbox 171 1377 379 1421; x_wconf 78' lang='lat' dir='ltr'><strong>protestans</strong></span> <span class='ocrx_word' id='word_1_133' title='bbox 395 1378 477 1421; x_wconf 89' lang='lat'>314,</span> <span class='ocrx_word' id='word_1_134' title='bbox 490 1387 536 1413; x_wconf 78' lang='grc'><strong>30.</strong></span> <span class='ocrx_word' id='word_1_135' title='bbox 557 1396 599 1401; x_wconf 88' lang='lat'><strong>——</strong></span> <span class='ocrx_word' id='word_1_136' title='bbox 618 1375 772 1411; x_wconf 89' lang='lat' dir='ltr'><strong>nimium</strong></span> <span class='ocrx_word' id='word_1_137' title='bbox 790 1376 909 1422; x_wconf 85' lang='lat' dir='ltr'><strong>impar</strong></span> 
     </span>
     <span class='ocr_line' id='line_1_26' title="bbox 173 1423 597 1468; baseline 0.007 -10"><span class='ocrx_word' id='word_1_138' title='bbox 173 1423 239 1459; x_wconf 86' lang='lat' dir='ltr'><strong>tali</strong></span> <span class='ocrx_word' id='word_1_139' title='bbox 263 1426 471 1459; x_wconf 83' lang='lat' dir='ltr'><strong>armaturae</strong></span> <span class='ocrx_word' id='word_1_140' title='bbox 497 1426 555 1468; x_wconf 93' lang='lat'><strong>73,</strong></span> <span class='ocrx_word' id='word_1_141' title='bbox 569 1434 597 1461; x_wconf 91' lang='grc'><strong>5.</strong></span> 
     </span>
    </p>
   </div>
   <div class='ocr_carea' id='block_1_8' title="bbox 172 1519 907 2329">
    <p class='ocr_par' dir='ltr' id='par_1_10' title="bbox 172 1519 907 2234">
     <span class='ocr_line' id='line_1_27' title="bbox 221 1519 906 1566; baseline 0.003 -12"><span class='ocrx_word' id='word_1_142' title='bbox 221 1530 260 1554; x_wconf 87' lang='lat' dir='ltr'><strong>se</strong></span> <span class='ocrx_word' id='word_1_143' title='bbox 286 1547 296 1556; x_wconf 92' lang='lat'>.</span> <span class='ocrx_word' id='word_1_144' title='bbox 314 1545 323 1554; x_wconf 91' lang='lat'>.</span> <span class='ocrx_word' id='word_1_145' title='bbox 342 1545 350 1554; x_wconf 95' lang='lat'>.</span> <span class='ocrx_word' id='word_1_146' title='bbox 377 1522 566 1564; x_wconf 84' lang='lat' dir='ltr'><strong>tamquam</strong></span> <span class='ocrx_word' id='word_1_147' title='bbox 590 1519 728 1555; x_wconf 87' lang='lat' dir='ltr'><strong>viribus</strong></span> <span class='ocrx_word' id='word_1_148' title='bbox 757 1519 906 1566; x_wconf 83' lang='lat' dir='ltr'><strong>impa-</strong></span> 
     </span>
     <span class='ocr_line' id='line_1_28' title="bbox 173 1566 906 1611; baseline 0.004 -10"><span class='ocrx_word' id='word_1_149' title='bbox 173 1577 270 1601; x_wconf 87' lang='lat' dir='ltr'><strong>rem</strong></span> <span class='ocrx_word' id='word_1_150' title='bbox 297 1569 354 1611; x_wconf 92' lang='lat'><strong>76,</strong></span> <span class='ocrx_word' id='word_1_151' title='bbox 370 1579 397 1604; x_wconf 87' lang='lat'>1.</span> <span class='ocrx_word' id='word_1_152' title='bbox 430 1588 468 1592; x_wconf 86' lang='lat'>-</span> <span class='ocrx_word' id='word_1_153' title='bbox 498 1566 664 1603; x_wconf 86' lang='lat' dir='ltr'><strong>videntes</strong></span> <span class='ocrx_word' id='word_1_154' title='bbox 690 1594 699 1603; x_wconf 92' lang='lat'>.</span> <span class='ocrx_word' id='word_1_155' title='bbox 718 1594 727 1602; x_wconf 93' lang='lat'>.</span> <span class='ocrx_word' id='word_1_156' title='bbox 746 1594 755 1603; x_wconf 91' lang='lat'>.</span> <span class='ocrx_word' id='word_1_157' title='bbox 782 1570 906 1604; x_wconf 82' lang='lat' dir='ltr'><strong>tantae</strong></span> 
     </span>
     <span class='ocr_line' id='line_1_29' title="bbox 173 1614 906 1652; baseline 0.003 -3"><span class='ocrx_word' id='word_1_158' title='bbox 173 1614 403 1650; x_wconf 86' lang='lat' dir='ltr'><strong>multitudini</strong></span> <span class='ocrx_word' id='word_1_159' title='bbox 436 1626 474 1650; x_wconf 90' lang='lat' dir='ltr'><strong>se</strong></span> <span class='ocrx_word' id='word_1_160' title='bbox 508 1626 662 1651; x_wconf 90' lang='lat' dir='ltr'><strong>numero</strong></span> <span class='ocrx_word' id='word_1_161' title='bbox 698 1617 735 1651; x_wconf 89' lang='lat' dir='ltr'><strong>et</strong></span> <span class='ocrx_word' id='word_1_162' title='bbox 769 1616 906 1652; x_wconf 90' lang='lat' dir='ltr'><strong>viribus</strong></span> 
     </span>
     <span class='ocr_line' id='line_1_30' title="bbox 174 1662 905 1717; baseline 0.003 -20"><span class='ocrx_word' id='word_1_163' title='bbox 174 1662 332 1717; x_wconf 78' lang='lat' dir='ltr'><strong>impares</strong></span> <span class='ocrx_word' id='word_1_164' title='bbox 358 1673 436 1698; x_wconf 88' lang='lat' dir='ltr'><strong>esse</strong></span> <span class='ocrx_word' id='word_1_165' title='bbox 454 1665 570 1707; x_wconf 90' lang='lat' dir='ltr'>78,1o.</span> <span class='ocrx_word' id='word_1_166' title='bbox 600 1684 642 1688; x_wconf 87' lang='lat'><strong>—-</strong></span> <span class='ocrx_word' id='word_1_167' title='bbox 669 1675 742 1708; x_wconf 93' lang='lat' dir='ltr'><strong>quo</strong></span> <span class='ocrx_word' id='word_1_168' title='bbox 767 1664 905 1699; x_wconf 85' lang='lat' dir='ltr'><strong>viribus</strong></span> 
     </span>
     <span class='ocr_line' id='line_1_31' title="bbox 175 1709 906 1756; baseline 0.001 -11"><span class='ocrx_word' id='word_1_169' title='bbox 175 1712 254 1745; x_wconf 86' lang='lat' dir='ltr'><strong>erat</strong></span> <span class='ocrx_word' id='word_1_170' title='bbox 278 1709 399 1756; x_wconf 78' lang='lat' dir='ltr'><strong>impar</strong></span> <span class='ocrx_word' id='word_1_171' title='bbox 425 1713 564 1756; x_wconf 88' lang='lat'>124,15.</span> <span class='ocrx_word' id='word_1_172' title='bbox 594 1731 635 1736; x_wconf 90' lang='lat'><em>-</em></span> <span class='ocrx_word' id='word_1_173' title='bbox 663 1711 751 1746; x_wconf 92' lang='lat' dir='ltr'><strong>dum</strong></span> <span class='ocrx_word' id='word_1_174' title='bbox 785 1711 906 1747; x_wconf 83' lang='lat' dir='ltr'><strong>adhuc</strong></span> 
     </span>
     <span class='ocr_line' id='line_1_32' title="bbox 173 1757 906 1804; baseline 0.003 -11"><span class='ocrx_word' id='word_1_175' title='bbox 173 1757 375 1804; x_wconf 79' lang='lat' dir='ltr'><strong>imparatus</strong></span> <span class='ocrx_word' id='word_1_176' title='bbox 407 1758 600 1804; x_wconf 83' lang='lat' dir='ltr'><strong>imparque</strong></span> <span class='ocrx_word' id='word_1_177' title='bbox 632 1762 758 1795; x_wconf 83' lang='lat' dir='ltr'><strong>tantae</strong></span> <span class='ocrx_word' id='word_1_178' title='bbox 782 1760 906 1795; x_wconf 88' lang='lat' dir='ltr'><strong>multi-</strong></span> 
     </span>
     <span class='ocr_line' id='line_1_33' title="bbox 172 1805 906 1853; baseline 0.005 -13"><span class='ocrx_word' id='word_1_179' title='bbox 172 1805 294 1842; x_wconf 87' lang='lat' dir='ltr'><strong>tudini</strong></span> <span class='ocrx_word' id='word_1_180' title='bbox 329 1808 424 1842; x_wconf 87' lang='lat' dir='ltr'><strong>esset</strong></span> <span class='ocrx_word' id='word_1_181' title='bbox 461 1808 542 1850; x_wconf 91' lang='lat'>176,</span> <span class='ocrx_word' id='word_1_182' title='bbox 559 1817 606 1844; x_wconf 85' lang='lat'>25.</span> <span class='ocrx_word' id='word_1_183' title='bbox 646 1828 688 1832; x_wconf 91' lang='lat'>—</span> <span class='ocrx_word' id='word_1_184' title='bbox 731 1808 906 1853; x_wconf 81' lang='lat' dir='ltr'><strong>quoniam</strong></span> 
     </span>
     <span class='ocr_line' id='line_1_34' title="bbox 173 1853 903 1900; baseline 0.007 -12"><span class='ocrx_word' id='word_1_185' title='bbox 173 1853 310 1890; x_wconf 89' lang='lat' dir='ltr'><strong>viribus</strong></span> <span class='ocrx_word' id='word_1_186' title='bbox 347 1853 506 1900; x_wconf 87' lang='lat' dir='ltr'><strong>impares</strong></span> <span class='ocrx_word' id='word_1_187' title='bbox 543 1857 648 1890; x_wconf 89' lang='lat' dir='ltr'><strong>erant</strong></span> <span class='ocrx_word' id='word_1_188' title='bbox 684 1858 767 1900; x_wconf 91' lang='lat'>201,</span> <span class='ocrx_word' id='word_1_189' title='bbox 781 1867 826 1892; x_wconf 86' lang='lat'>15.</span> <span class='ocrx_word' id='word_1_190' title='bbox 860 1877 903 1882; x_wconf 92' lang='lat'><strong>-—-</strong></span> 
     </span>
     <span class='ocr_line' id='line_1_35' title="bbox 173 1901 906 1939; baseline 0.004 -3"><span class='ocrx_word' id='word_1_191' title='bbox 173 1901 380 1937; x_wconf 87' lang='lat' dir='ltr'><strong>retulerunt</strong></span> <span class='ocrx_word' id='word_1_192' title='bbox 395 1913 457 1938; x_wconf 89' lang='lat' dir='ltr'><strong>eos</strong></span> <span class='ocrx_word' id='word_1_193' title='bbox 474 1902 711 1938; x_wconf 89' lang='lat' dir='ltr'><strong>multitudine</strong></span> <span class='ocrx_word' id='word_1_194' title='bbox 737 1907 774 1938; x_wconf 88' lang='lat' dir='ltr'><strong>et</strong></span> <span class='ocrx_word' id='word_1_195' title='bbox 795 1904 906 1939; x_wconf 85' lang='lat' dir='ltr'><strong>armis</strong></span> 
     </span>
     <span class='ocr_line' id='line_1_36' title="bbox 172 1949 904 1996; baseline 0.008 -12"><span class='ocrx_word' id='word_1_196' title='bbox 172 1949 263 1984; x_wconf 82' lang='lat' dir='ltr'><strong>haut</strong></span> <span class='ocrx_word' id='word_1_197' title='bbox 297 1949 454 1996; x_wconf 83' lang='lat' dir='ltr'><strong>impares</strong></span> <span class='ocrx_word' id='word_1_198' title='bbox 481 1978 489 1987; x_wconf 95' lang='lat'>.</span> <span class='ocrx_word' id='word_1_199' title='bbox 516 1977 524 1986; x_wconf 94' lang='lat'>.</span> <span class='ocrx_word' id='word_1_200' title='bbox 552 1979 561 1988; x_wconf 88' lang='lat'>.</span> <span class='ocrx_word' id='word_1_201' title='bbox 587 1962 664 1986; x_wconf 87' lang='lat' dir='ltr'><strong>esse</strong></span> <span class='ocrx_word' id='word_1_202' title='bbox 689 1954 832 1995; x_wconf 90' lang='lat' dir='ltr'>216,1o.</span> <span class='ocrx_word' id='word_1_203' title='bbox 862 1973 904 1977; x_wconf 97' lang='lat'><strong>—</strong></span> 
     </span>
     <span class='ocr_line' id='line_1_37' title="bbox 173 1996 907 2045; baseline 0.004 -13"><span class='ocrx_word' id='word_1_204' title='bbox 173 1996 410 2033; x_wconf 87' lang='lat' dir='ltr'><strong>multitudine</strong></span> <span class='ocrx_word' id='word_1_205' title='bbox 426 1997 585 2044; x_wconf 88' lang='lat' dir='ltr'><strong>impares</strong></span> <span class='ocrx_word' id='word_1_206' title='bbox 601 2001 684 2043; x_wconf 89' lang='lat'>231,</span> <span class='ocrx_word' id='word_1_207' title='bbox 697 2010 742 2036; x_wconf 81' lang='lat'><strong>35.</strong></span> <span class='ocrx_word' id='word_1_208' title='bbox 758 2020 800 2025; x_wconf 91' lang='lat'>—</span> <span class='ocrx_word' id='word_1_209' title='bbox 820 2000 907 2045; x_wconf 85' lang='lat' dir='ltr'><strong>quia</strong></span> 
     </span>
     <span class='ocr_line' id='line_1_38' title="bbox 173 2045 906 2092; baseline 0.003 -12"><span class='ocrx_word' id='word_1_210' title='bbox 173 2055 243 2081; x_wconf 89' lang='lat' dir='ltr'><strong>nec</strong></span> <span class='ocrx_word' id='word_1_211' title='bbox 269 2071 278 2080; x_wconf 90' lang='lat'>.</span> <span class='ocrx_word' id='word_1_212' title='bbox 297 2074 305 2082; x_wconf 87' lang='lat'>.</span> <span class='ocrx_word' id='word_1_213' title='bbox 325 2071 334 2080; x_wconf 89' lang='lat'>.</span> <span class='ocrx_word' id='word_1_214' title='bbox 359 2045 525 2082; x_wconf 82' lang='lat' dir='ltr'><strong>hostibus</strong></span> <span class='ocrx_word' id='word_1_215' title='bbox 550 2046 726 2092; x_wconf 85' lang='lat' dir='ltr'><strong>congredi</strong></span> <span class='ocrx_word' id='word_1_216' title='bbox 751 2058 906 2083; x_wconf 89' lang='lat' dir='ltr'><strong>numero</strong></span> 
     </span>
     <span class='ocr_line' id='line_1_39' title="bbox 174 2093 904 2139; baseline 0.007 -11"><span class='ocrx_word' id='word_1_217' title='bbox 174 2104 217 2128; x_wconf 89' lang='lat' dir='ltr'><strong>ac</strong></span> <span class='ocrx_word' id='word_1_218' title='bbox 241 2093 378 2128; x_wconf 88' lang='lat' dir='ltr'><strong>virtute</strong></span> <span class='ocrx_word' id='word_1_219' title='bbox 403 2093 560 2139; x_wconf 87' lang='lat' dir='ltr'><strong>impares</strong></span> <span class='ocrx_word' id='word_1_220' title='bbox 585 2094 757 2130; x_wconf 83' lang='lat' dir='ltr'><strong>valebant</strong></span> <span class='ocrx_word' id='word_1_221' title='bbox 780 2098 863 2139; x_wconf 92' lang='lat'>238,</span> <span class='ocrx_word' id='word_1_222' title='bbox 878 2108 904 2132; x_wconf 89' lang='lat'>1.</span> 
     </span>
     <span class='ocr_line' id='line_1_40' title="bbox 177 2139 905 2178; baseline 0.004 -3"><span class='ocrx_word' id='word_1_223' title='bbox 177 2161 219 2166; x_wconf 88' lang='lat'><strong>——</strong></span> <span class='ocrx_word' id='word_1_224' title='bbox 237 2139 300 2175; x_wconf 92' lang='lat' dir='ltr'><strong>Illi</strong></span> <span class='ocrx_word' id='word_1_225' title='bbox 325 2151 410 2176; x_wconf 90' lang='lat' dir='ltr'><strong>cum</strong></span> <span class='ocrx_word' id='word_1_226' title='bbox 435 2153 589 2178; x_wconf 88' lang='lat' dir='ltr'><strong>numero</strong></span> <span class='ocrx_word' id='word_1_227' title='bbox 615 2145 653 2178; x_wconf 91' lang='lat' dir='ltr'><strong>et</strong></span> <span class='ocrx_word' id='word_1_228' title='bbox 677 2142 813 2178; x_wconf 87' lang='lat' dir='ltr'><strong>virtute</strong></span> <span class='ocrx_word' id='word_1_229' title='bbox 838 2143 905 2178; x_wconf 91' lang='lat' dir='ltr'><strong>im-</strong></span> 
     </span>
     <span class='ocr_line' id='line_1_41' title="bbox 174 2190 577 2234; baseline 0.012 -12"><span class='ocrx_word' id='word_1_230' title='bbox 174 2199 280 2234; x_wconf 82' lang='lat' dir='ltr'><strong>pares</strong></span> <span class='ocrx_word' id='word_1_231' title='bbox 305 2191 427 2224; x_wconf 83' lang='lat' dir='ltr'><strong>essent</strong></span> <span class='ocrx_word' id='word_1_232' title='bbox 449 2190 532 2230; x_wconf 87' lang='lat'>268,</span> <span class='ocrx_word' id='word_1_233' title='bbox 551 2202 577 2226; x_wconf 92' lang='lat'>1.</span> 
     </span>
    </p>

    <p class='ocr_par' dir='ltr' id='par_1_11' title="bbox 175 2234 906 2321">
     <span class='ocr_line' id='line_1_42' title="bbox 221 2234 906 2284; baseline 0.006 -14"><span class='ocrx_word' id='word_1_234' title='bbox 221 2234 364 2271; x_wconf 90' lang='lat' dir='ltr'><strong>Verum</strong></span> <span class='ocrx_word' id='word_1_235' title='bbox 399 2236 461 2272; x_wconf 89' lang='lat' dir='ltr'><strong>ille</strong></span> <span class='ocrx_word' id='word_1_236' title='bbox 497 2236 607 2273; x_wconf 91' lang='lat' dir='ltr'><strong>homo</strong></span> <span class='ocrx_word' id='word_1_237' title='bbox 633 2238 671 2272; x_wconf 91' lang='lat' dir='ltr'><strong>in</strong></span> <span class='ocrx_word' id='word_1_238' title='bbox 696 2237 906 2284; x_wconf 88' lang='lat' dir='ltr'><strong>imperio</strong></span> 
     </span>
     <span class='ocr_line' id='line_1_43' title="bbox 175 2286 449 2329; baseline 0.015 -12"><span class='ocrx_word' id='word_1_239' title='bbox 175 2286 282 2318; x_wconf 80' lang='lat' dir='ltr'><strong>natus</strong></span> <span class='ocrx_word' id='word_1_240' title='bbox 307 2286 390 2329; x_wconf 91' lang='lat'>270,</span> <span class='ocrx_word' id='word_1_241' title='bbox 403 2295 449 2321; x_wconf 88' lang='grc'><strong>20.</strong></span> 
     </span>
    </p>
   </div>
   <div class='ocr_carea' id='block_1_9' title="bbox 927 331 931 471">
    <p class='ocr_par' dir='ltr' id='par_1_12' title="bbox 927 331 931 471">
     <span class='ocr_line' id='line_1_44' title="bbox 927 331 931 471; baseline 0 2713"><span class='ocrx_word' id='word_1_242' title='bbox 927 331 931 471; x_wconf 95' lang='lat' dir='ltr'><strong> </strong></span> 
     </span>
    </p>
   </div>
   <div class='ocr_carea' id='block_1_10' title="bbox 928 477 934 716">
    <p class='ocr_par' dir='ltr' id='par_1_13' title="bbox 928 477 934 716">
     <span class='ocr_line' id='line_1_45' title="bbox 928 477 934 716; baseline 0 2468"><span class='ocrx_word' id='word_1_243' title='bbox 928 477 934 716; x_wconf 95' lang='lat' dir='ltr'><strong> </strong></span> 
     </span>
    </p>
   </div>
   <div class='ocr_carea' id='block_1_11' title="bbox 929 725 933 867">
    <p class='ocr_par' dir='ltr' id='par_1_14' title="bbox 929 725 933 867">
     <span class='ocr_line' id='line_1_46' title="bbox 929 725 933 867; baseline 0 2317"><span class='ocrx_word' id='word_1_244' title='bbox 929 725 933 867; x_wconf 95' lang='lat' dir='ltr'><strong> </strong></span> 
     </span>
    </p>
   </div>
   <div class='ocr_carea' id='block_1_12' title="bbox 1610 206 1681 242">
    <p class='ocr_par' dir='ltr' id='par_1_15' title="bbox 1610 206 1681 242">
     <span class='ocr_line' id='line_1_47' title="bbox 1610 206 1681 242; baseline 0 0"><span class='ocrx_word' id='word_1_245' title='bbox 1610 206 1681 242; x_wconf 85' lang='grc'><strong>439</strong></span> 
     </span>
    </p>
   </div>
   <div class='ocr_carea' id='block_1_13' title="bbox 1006 992 1256 1036">
    <p class='ocr_par' dir='ltr' id='par_1_16' title="bbox 1006 992 1256 1036">
     <span class='ocr_line' id='line_1_48' title="bbox 1006 992 1256 1036; baseline 0.004 -9"><span class='ocrx_word' id='word_1_246' title='bbox 1006 993 1062 1036; x_wconf 79' lang='lat' dir='ltr'><strong>Of.</strong></span> <span class='ocrx_word' id='word_1_247' title='bbox 1086 992 1256 1028; x_wconf 87' lang='lat' dir='ltr'><strong>cervices.</strong></span> 
     </span>
    </p>
   </div>
   <div class='ocr_carea' id='block_1_14' title="bbox 1007 1136 1623 1184">
    <p class='ocr_par' dir='ltr' id='par_1_17' title="bbox 1007 1136 1623 1184">
     <span class='ocr_line' id='line_1_49' title="bbox 1007 1136 1623 1184; baseline 0.008 -14"><span class='ocrx_word' id='word_1_248' title='bbox 1007 1136 1067 1179; x_wconf 80' lang='lat' dir='ltr'><strong>Cf.</strong></span> <span class='ocrx_word' id='word_1_249' title='bbox 1093 1137 1153 1173; x_wconf 49' lang='grc' dir='ltr'><strong>(Ν.</strong></span> <span class='ocrx_word' id='word_1_250' title='bbox 1180 1137 1329 1172; x_wconf 75' lang='lat' dir='ltr'><strong>Archiv’</strong></span> <span class='ocrx_word' id='word_1_251' title='bbox 1354 1139 1461 1183; x_wconf 87' lang='lat' dir='ltr'>XIX,</span> <span class='ocrx_word' id='word_1_252' title='bbox 1484 1152 1523 1184; x_wconf 80' lang='lat' dir='ltr'><strong>p.</strong></span> <span class='ocrx_word' id='word_1_253' title='bbox 1541 1142 1623 1177; x_wconf 83' lang='lat'>422.</span> 
     </span>
    </p>
   </div>
   <div class='ocr_carea' id='block_1_15' title="bbox 956 1328 1689 1422">
    <p class='ocr_par' dir='ltr' id='par_1_18' title="bbox 956 1328 1689 1422">
     <span class='ocr_line' id='line_1_50' title="bbox 1005 1328 1689 1374; baseline 0.006 -12"><span class='ocrx_word' id='word_1_254' title='bbox 1005 1328 1106 1374; x_wconf 81' lang='lat' dir='ltr'><strong>Sulp.</strong></span> <span class='ocrx_word' id='word_1_255' title='bbox 1131 1328 1205 1363; x_wconf 86' lang='lat' dir='ltr'><strong>Sev.</strong></span> <span class='ocrx_word' id='word_1_256' title='bbox 1228 1329 1328 1365; x_wconf 79' lang='lat' dir='ltr'><strong>Dial.</strong></span> <span class='ocrx_word' id='word_1_257' title='bbox 1355 1330 1387 1372; x_wconf 90' lang='lat' dir='ltr'><strong>I,</strong></span> <span class='ocrx_word' id='word_1_258' title='bbox 1407 1332 1464 1366; x_wconf 92' lang='lat'><strong>27.</strong></span> <span class='ocrx_word' id='word_1_259' title='bbox 1495 1331 1579 1366; x_wconf 87' lang='lat' dir='ltr'><strong>licet</strong></span> <span class='ocrx_word' id='word_1_260' title='bbox 1604 1331 1689 1366; x_wconf 85' lang='lat' dir='ltr'><strong>im-</strong></span> 
     </span>
     <span class='ocr_line' id='line_1_51' title="bbox 956 1376 1688 1422; baseline 0.007 -12"><span class='ocrx_word' id='word_1_261' title='bbox 956 1387 1042 1421; x_wconf 88' lang='lat' dir='ltr'><strong>par</strong></span> <span class='ocrx_word' id='word_1_262' title='bbox 1076 1376 1145 1411; x_wconf 88' lang='lat' dir='ltr'><strong>sim</strong></span> <span class='ocrx_word' id='word_1_263' title='bbox 1170 1379 1274 1412; x_wconf 89' lang='lat' dir='ltr'><strong>tanto</strong></span> <span class='ocrx_word' id='word_1_264' title='bbox 1300 1377 1422 1422; x_wconf 84' lang='lat' dir='ltr'><strong>oneri3</strong></span> <span class='ocrx_word' id='word_1_265' title='bbox 1460 1379 1534 1422; x_wconf 91' lang='lat' dir='ltr'>III,</span> <span class='ocrx_word' id='word_1_266' title='bbox 1562 1381 1595 1415; x_wconf 90' lang='lat'><strong>2.</strong></span> <span class='ocrx_word' id='word_1_267' title='bbox 1622 1380 1688 1414; x_wconf 92' lang='lat' dir='ltr'><strong>im-</strong></span> 
     </span>
    </p>
   </div>
   <div class='ocr_carea' id='block_1_16' title="bbox 954 1427 1690 2332">
    <p class='ocr_par' dir='ltr' id='par_1_19' title="bbox 956 1427 1688 1508">
     <span class='ocr_line' id='line_1_52' title="bbox 956 1427 1688 1469; baseline 0.008 -11"><span class='ocrx_word' id='word_1_268' title='bbox 956 1435 1084 1469; x_wconf 88' lang='lat' dir='ltr'><strong>parem</strong></span> <span class='ocrx_word' id='word_1_269' title='bbox 1126 1435 1164 1459; x_wconf 91' lang='lat' dir='ltr'><strong>se</strong></span> <span class='ocrx_word' id='word_1_270' title='bbox 1207 1435 1283 1460; x_wconf 89' lang='lat' dir='ltr'><strong>esse</strong></span> <span class='ocrx_word' id='word_1_271' title='bbox 1321 1427 1446 1460; x_wconf 88' lang='lat' dir='ltr'><strong>tantae</strong></span> <span class='ocrx_word' id='word_1_272' title='bbox 1483 1427 1571 1461; x_wconf 88' lang='lat' dir='ltr'><strong>moli</strong></span> <span class='ocrx_word' id='word_1_273' title='bbox 1607 1455 1616 1464; x_wconf 86' lang='lat'>.</span> <span class='ocrx_word' id='word_1_274' title='bbox 1680 1455 1688 1464; x_wconf 87' lang='lat'>.</span> 
     </span>
     <span class='ocr_line' id='line_1_53' title="bbox 956 1471 1151 1508; baseline 0.005 -2"><span class='ocrx_word' id='word_1_275' title='bbox 956 1471 1151 1508; x_wconf 84' lang='lat' dir='ltr'><strong>fatebatur.</strong></span> 
     </span>
    </p>

    <p class='ocr_par' dir='ltr' id='par_1_20' title="bbox 954 1521 1690 2237">
     <span class='ocr_line' id='line_1_54' title="bbox 1003 1521 1690 1567; baseline 0.004 -13"><span class='ocrx_word' id='word_1_276' title='bbox 1003 1521 1082 1556; x_wconf 82' lang='lat' dir='ltr'>Liv.</span> <span class='ocrx_word' id='word_1_277' title='bbox 1124 1521 1247 1563; x_wconf 88' lang='lat' dir='ltr'>XXV,</span> <span class='ocrx_word' id='word_1_278' title='bbox 1285 1523 1342 1557; x_wconf 91' lang='lat'><strong>27.</strong></span> <span class='ocrx_word' id='word_1_279' title='bbox 1395 1521 1492 1565; x_wconf 84' lang='lat' dir='ltr'><strong>quod</strong></span> <span class='ocrx_word' id='word_1_280' title='bbox 1535 1522 1690 1567; x_wconf 87' lang='lat' dir='ltr'><strong>impar</strong></span> 
     </span>
     <span class='ocr_line' id='line_1_55' title="bbox 956 1567 1687 1615; baseline 0.003 -13"><span class='ocrx_word' id='word_1_281' title='bbox 956 1567 1094 1603; x_wconf 91' lang='lat' dir='ltr'><strong>viribus</strong></span> <span class='ocrx_word' id='word_1_282' title='bbox 1121 1570 1184 1602; x_wconf 84' lang='lat' dir='ltr'><strong>aut</strong></span> <span class='ocrx_word' id='word_1_283' title='bbox 1209 1579 1364 1604; x_wconf 85' lang='lat' dir='ltr'><strong>numero</strong></span> <span class='ocrx_word' id='word_1_284' title='bbox 1397 1569 1546 1604; x_wconf 87' lang='lat' dir='ltr'><strong>navium</strong></span> <span class='ocrx_word' id='word_1_285' title='bbox 1573 1573 1687 1615; x_wconf 82' lang='lat' dir='ltr'><strong>esset3</strong></span> 
     </span>
     <span class='ocr_line' id='line_1_56' title="bbox 955 1616 1687 1662; baseline 0.003 -12"><span class='ocrx_word' id='word_1_286' title='bbox 955 1627 1178 1660; x_wconf 85' lang='lat' dir='ltr'><strong>quamquam</strong></span> <span class='ocrx_word' id='word_1_287' title='bbox 1214 1616 1333 1662; x_wconf 88' lang='lat' dir='ltr'><strong>impar</strong></span> <span class='ocrx_word' id='word_1_288' title='bbox 1360 1628 1514 1652; x_wconf 89' lang='lat' dir='ltr'><strong>numero</strong></span> <span class='ocrx_word' id='word_1_289' title='bbox 1540 1618 1687 1652; x_wconf 87' lang='lat' dir='ltr'><strong>navium</strong></span> 
     </span>
     <span class='ocr_line' id='line_1_57' title="bbox 956 1665 1687 1709; baseline 0.003 -11"><span class='ocrx_word' id='word_1_290' title='bbox 956 1666 1052 1709; x_wconf 81' lang='lat' dir='ltr'><strong>erat3</strong></span> <span class='ocrx_word' id='word_1_291' title='bbox 1078 1665 1224 1707; x_wconf 88' lang='lat' dir='ltr'>XXXI,</span> <span class='ocrx_word' id='word_1_292' title='bbox 1241 1667 1299 1701; x_wconf 90' lang='grc'><strong>33.</strong></span> <span class='ocrx_word' id='word_1_293' title='bbox 1326 1667 1364 1700; x_wconf 85' lang='lat' dir='ltr'><strong>et</strong></span> <span class='ocrx_word' id='word_1_294' title='bbox 1380 1676 1533 1699; x_wconf 84' lang='lat' dir='ltr'><strong>numero</strong></span> <span class='ocrx_word' id='word_1_295' title='bbox 1560 1669 1597 1700; x_wconf 89' lang='lat' dir='ltr'><strong>et</strong></span> <span class='ocrx_word' id='word_1_296' title='bbox 1616 1666 1687 1700; x_wconf 88' lang='lat' dir='ltr'><strong>vir-</strong></span> 
     </span>
     <span class='ocr_line' id='line_1_58' title="bbox 955 1711 1686 1757; baseline 0.001 -11"><span class='ocrx_word' id='word_1_297' title='bbox 955 1714 1035 1747; x_wconf 90' lang='lat' dir='ltr'><strong>tute</strong></span> <span class='ocrx_word' id='word_1_298' title='bbox 1061 1740 1069 1748; x_wconf 95' lang='lat'>.</span> <span class='ocrx_word' id='word_1_299' title='bbox 1089 1738 1097 1747; x_wconf 91' lang='lat'>.</span> <span class='ocrx_word' id='word_1_300' title='bbox 1116 1741 1125 1749; x_wconf 94' lang='lat'>.</span> <span class='ocrx_word' id='word_1_301' title='bbox 1151 1711 1251 1747; x_wconf 89' lang='lat' dir='ltr'><strong>haud</strong></span> <span class='ocrx_word' id='word_1_302' title='bbox 1275 1712 1432 1757; x_wconf 88' lang='lat' dir='ltr'><strong>impares</strong></span> <span class='ocrx_word' id='word_1_303' title='bbox 1458 1713 1581 1757; x_wconf 84' lang='lat' dir='ltr'><strong>aequis</strong></span> <span class='ocrx_word' id='word_1_304' title='bbox 1601 1713 1686 1747; x_wconf 84' lang='lat' dir='ltr'><strong>viri-</strong></span> 
     </span>
     <span class='ocr_line' id='line_1_59' title="bbox 955 1759 1687 1806; baseline 0 -11"><span class='ocrx_word' id='word_1_305' title='bbox 955 1759 1023 1795; x_wconf 87' lang='lat' dir='ltr'><strong>bus</strong></span> <span class='ocrx_word' id='word_1_306' title='bbox 1038 1763 1270 1806; x_wconf 80' lang='lat' dir='ltr'><strong>pugnarunt3</strong></span> <span class='ocrx_word' id='word_1_307' title='bbox 1295 1761 1460 1803; x_wconf 86' lang='lat' dir='ltr'>XXVII,</span> <span class='ocrx_word' id='word_1_308' title='bbox 1478 1763 1509 1796; x_wconf 89' lang='lat'><strong>1.</strong></span> <span class='ocrx_word' id='word_1_309' title='bbox 1536 1761 1687 1795; x_wconf 88' lang='lat' dir='ltr'><strong>consilio</strong></span> 
     </span>
     <span class='ocr_line' id='line_1_60' title="bbox 956 1807 1687 1854; baseline 0.001 -11"><span class='ocrx_word' id='word_1_310' title='bbox 956 1810 994 1843; x_wconf 89' lang='lat' dir='ltr'><strong>et</strong></span> <span class='ocrx_word' id='word_1_311' title='bbox 1010 1807 1147 1843; x_wconf 89' lang='lat' dir='ltr'><strong>viribus</strong></span> <span class='ocrx_word' id='word_1_312' title='bbox 1172 1807 1310 1854; x_wconf 80' lang='lat' dir='ltr'><strong>impar3</strong></span> <span class='ocrx_word' id='word_1_313' title='bbox 1336 1809 1522 1848; x_wconf 81' lang='lat' dir='ltr'>XXXIII,</span> <span class='ocrx_word' id='word_1_314' title='bbox 1542 1811 1595 1844; x_wconf 82' lang='lat'><strong>14.</strong></span> <span class='ocrx_word' id='word_1_315' title='bbox 1623 1808 1687 1843; x_wconf 86' lang='lat' dir='ltr'><strong>sed</strong></span> 
     </span>
     <span class='ocr_line' id='line_1_61' title="bbox 954 1855 1687 1902; baseline -0.001 -11"><span class='ocrx_word' id='word_1_316' title='bbox 954 1855 1134 1902; x_wconf 84' lang='lat' dir='ltr'><strong>imparem</strong></span> <span class='ocrx_word' id='word_1_317' title='bbox 1167 1867 1205 1891; x_wconf 91' lang='lat' dir='ltr'><strong>se</strong></span> <span class='ocrx_word' id='word_1_318' title='bbox 1241 1859 1278 1891; x_wconf 87' lang='lat' dir='ltr'><strong>et</strong></span> <span class='ocrx_word' id='word_1_319' title='bbox 1311 1867 1464 1891; x_wconf 89' lang='lat' dir='ltr'><strong>numero</strong></span> <span class='ocrx_word' id='word_1_320' title='bbox 1491 1860 1528 1891; x_wconf 84' lang='lat' dir='ltr'><strong>et</strong></span> <span class='ocrx_word' id='word_1_321' title='bbox 1551 1867 1687 1902; x_wconf 87' lang='lat' dir='ltr'><strong>genere</strong></span> 
     </span>
     <span class='ocr_line' id='line_1_62' title="bbox 954 1903 1689 1948; baseline 0 -10"><span class='ocrx_word' id='word_1_322' title='bbox 954 1903 1115 1939; x_wconf 91' lang='lat' dir='ltr'><strong>militum</strong></span> <span class='ocrx_word' id='word_1_323' title='bbox 1141 1915 1313 1948; x_wconf 81' lang='lat' dir='ltr'><strong>cernens3</strong></span> <span class='ocrx_word' id='word_1_324' title='bbox 1352 1904 1480 1947; x_wconf 87' lang='lat' dir='ltr'>XLII,</span> <span class='ocrx_word' id='word_1_325' title='bbox 1509 1907 1565 1940; x_wconf 83' lang='lat'><strong>65.</strong></span> <span class='ocrx_word' id='word_1_326' title='bbox 1601 1905 1689 1948; x_wconf 82' lang='lat' dir='ltr'><strong>quia</strong></span> 
     </span>
     <span class='ocr_line' id='line_1_63' title="bbox 955 1951 1685 1996; baseline 0 -9"><span class='ocrx_word' id='word_1_327' title='bbox 955 1963 1109 1987; x_wconf 86' lang='lat' dir='ltr'><strong>numero</strong></span> <span class='ocrx_word' id='word_1_328' title='bbox 1144 1955 1182 1987; x_wconf 89' lang='lat' dir='ltr'><strong>et</strong></span> <span class='ocrx_word' id='word_1_329' title='bbox 1216 1952 1352 1986; x_wconf 79' lang='lat' dir='ltr'><strong>viribus</strong></span> <span class='ocrx_word' id='word_1_330' title='bbox 1382 1951 1501 1996; x_wconf 85' lang='lat' dir='ltr'><strong>impar</strong></span> <span class='ocrx_word' id='word_1_331' title='bbox 1526 1954 1614 1987; x_wconf 84' lang='lat' dir='ltr'><strong>erat.</strong></span> <span class='ocrx_word' id='word_1_332' title='bbox 1644 1973 1685 1976; x_wconf 80' lang='lat'>-</span> 
     </span>
     <span class='ocr_line' id='line_1_64' title="bbox 954 1999 1686 2044; baseline -0.001 -10"><span class='ocrx_word' id='word_1_333' title='bbox 954 2000 1087 2035; x_wconf 70' lang='lat' dir='ltr'><strong>lustin.</strong></span> <span class='ocrx_word' id='word_1_334' title='bbox 1112 2000 1278 2044; x_wconf 91' lang='lat' dir='ltr'>XXXII,</span> <span class='ocrx_word' id='word_1_335' title='bbox 1299 2002 1330 2043; x_wconf 88' lang='lat'><strong>1,</strong></span> <span class='ocrx_word' id='word_1_336' title='bbox 1351 2002 1381 2035; x_wconf 86' lang='lat'><strong>1.</strong></span> <span class='ocrx_word' id='word_1_337' title='bbox 1414 1999 1586 2034; x_wconf 81' lang='lat' dir='ltr'><strong>adversus</strong></span> <span class='ocrx_word' id='word_1_338' title='bbox 1612 1999 1686 2034; x_wconf 82' lang='lat' dir='ltr'><strong>Ro-</strong></span> 
     </span>
     <span class='ocr_line' id='line_1_65' title="bbox 955 2047 1684 2091; baseline 0.001 -9"><span class='ocrx_word' id='word_1_339' title='bbox 955 2059 1083 2083; x_wconf 89' lang='lat' dir='ltr'><strong>manos</strong></span> <span class='ocrx_word' id='word_1_340' title='bbox 1126 2076 1133 2084; x_wconf 90' lang='lat'>.</span> <span class='ocrx_word' id='word_1_341' title='bbox 1171 2076 1178 2084; x_wconf 90' lang='lat'>.</span> <span class='ocrx_word' id='word_1_342' title='bbox 1216 2075 1224 2084; x_wconf 87' lang='lat'>.</span> <span class='ocrx_word' id='word_1_343' title='bbox 1266 2047 1403 2082; x_wconf 78' lang='lat' dir='ltr'><strong>viribus</strong></span> <span class='ocrx_word' id='word_1_344' title='bbox 1444 2047 1598 2091; x_wconf 65' lang='lat' dir='ltr'><strong>inpares</strong></span> <span class='ocrx_word' id='word_1_345' title='bbox 1644 2068 1684 2071; x_wconf 90' lang='lat'>—</span> 
     </span>
     <span class='ocr_line' id='line_1_66' title="bbox 957 2095 1686 2140; baseline -0.005 -9"><span class='ocrx_word' id='word_1_346' title='bbox 957 2095 1055 2132; x_wconf 77' lang='lat' dir='ltr'><strong>ovid.</strong></span> <span class='ocrx_word' id='word_1_347' title='bbox 1082 2097 1164 2130; x_wconf 83' lang='lat' dir='ltr'><strong>Met.</strong></span> <span class='ocrx_word' id='word_1_348' title='bbox 1190 2097 1230 2140; x_wconf 86' lang='lat' dir='ltr'><strong>V,</strong></span> <span class='ocrx_word' id='word_1_349' title='bbox 1251 2098 1331 2132; x_wconf 82' lang='grc'><strong>610.</strong></span> <span class='ocrx_word' id='word_1_350' title='bbox 1365 2106 1432 2140; x_wconf 87' lang='lat' dir='ltr'><strong>ego</strong></span> <span class='ocrx_word' id='word_1_351' title='bbox 1459 2095 1595 2130; x_wconf 81' lang='lat' dir='ltr'><strong>viribus</strong></span> <span class='ocrx_word' id='word_1_352' title='bbox 1622 2095 1686 2128; x_wconf 81' lang='lat' dir='ltr'><strong>im-</strong></span> 
     </span>
     <span class='ocr_line' id='line_1_67' title="bbox 954 2142 1687 2189; baseline -0.004 -11"><span class='ocrx_word' id='word_1_353' title='bbox 954 2155 1032 2189; x_wconf 89' lang='lat' dir='ltr'><strong>par.</strong></span> <span class='ocrx_word' id='word_1_354' title='bbox 1074 2165 1115 2168; x_wconf 82' lang='lat'><em>-</em></span> <span class='ocrx_word' id='word_1_355' title='bbox 1156 2144 1292 2179; x_wconf 79' lang='lat' dir='ltr'><strong>Lucan.</strong></span> <span class='ocrx_word' id='word_1_356' title='bbox 1334 2144 1389 2186; x_wconf 88' lang='lat' dir='ltr'><strong>II,</strong></span> <span class='ocrx_word' id='word_1_357' title='bbox 1425 2145 1506 2179; x_wconf 87' lang='lat'>607.</span> <span class='ocrx_word' id='word_1_358' title='bbox 1550 2142 1687 2177; x_wconf 80' lang='lat' dir='ltr'><strong>viribus</strong></span> 
     </span>
     <span class='ocr_line' id='line_1_68' title="bbox 955 2191 1201 2237; baseline 0.004 -11"><span class='ocrx_word' id='word_1_359' title='bbox 955 2191 1094 2237; x_wconf 85' lang='lat' dir='ltr'><strong>impar,</strong></span> <span class='ocrx_word' id='word_1_360' title='bbox 1120 2192 1201 2227; x_wconf 74' lang='lat' dir='ltr'><strong>alii.</strong></span> 
     </span>
    </p>

    <p class='ocr_par' dir='ltr' id='par_1_21' title="bbox 955 2237 1685 2332">
     <span class='ocr_line' id='line_1_69' title="bbox 1004 2237 1685 2282; baseline -0.006 -8"><span class='ocrx_word' id='word_1_361' title='bbox 1004 2240 1093 2275; x_wconf 79' lang='lat' dir='ltr'><strong>Sall.</strong></span> <span class='ocrx_word' id='word_1_362' title='bbox 1120 2240 1199 2282; x_wconf 71' lang='lat' dir='ltr'><strong>luy.</strong></span> <span class='ocrx_word' id='word_1_363' title='bbox 1227 2241 1283 2274; x_wconf 88' lang='lat'>31.</span> <span class='ocrx_word' id='word_1_364' title='bbox 1329 2250 1408 2282; x_wconf 81' lang='lat' dir='ltr'>vos,</span> <span class='ocrx_word' id='word_1_365' title='bbox 1436 2237 1613 2282; x_wconf 80' lang='lat' dir='ltr'><strong>Quirites,</strong></span> <span class='ocrx_word' id='word_1_366' title='bbox 1649 2238 1685 2270; x_wconf 84' lang='lat' dir='ltr'><strong>in</strong></span> 
     </span>
     <span class='ocr_line' id='line_1_70' title="bbox 955 2285 1279 2332; baseline -0.01 -10"><span class='ocrx_word' id='word_1_367' title='bbox 955 2286 1163 2332; x_wconf 86' lang='lat' dir='ltr'><strong>imperio</strong></span> <span class='ocrx_word' id='word_1_368' title='bbox 1193 2285 1279 2321; x_wconf 85' lang='lat' dir='ltr'><strong>nati.</strong></span> 
     </span>
    </p>
   </div>
   <div class='ocr_carea' id='block_1_17' title="bbox 222 2330 1685 2379">
    <p class='ocr_par' dir='ltr' id='par_1_22' title="bbox 222 2330 1685 2379">
     <span class='ocr_line' id='line_1_71' title="bbox 222 2330 1685 2379; baseline -0.001 -13"><span class='ocrx_word' id='word_1_369' title='bbox 222 2342 453 2376; x_wconf 86' lang='lat' dir='ltr'><strong>quocumque</strong></span> <span class='ocrx_word' id='word_1_370' title='bbox 478 2332 690 2379; x_wconf 84' lang='lat' dir='ltr'><strong>impetus</strong></span> <span class='ocrx_word' id='word_1_371' title='bbox 716 2345 828 2379; x_wconf 89' lang='lat' dir='ltr'><strong>equos</strong></span> <span class='ocrx_word' id='word_1_372' title='bbox 854 2334 905 2370; x_wconf 88' lang='lat' dir='ltr'><strong>fe·</strong></span> <span class='ocrx_word' id='word_1_373' title='bbox 930 2330 932 2365; x_wconf 76' lang='grc' dir='ltr'>Ι</span> <span class='ocrx_word' id='word_1_374' title='bbox 1004 2336 1081 2369; x_wconf 64' lang='lat' dir='ltr'><strong>Lis.</strong></span> <span class='ocrx_word' id='word_1_375' title='bbox 1101 2334 1250 2374; x_wconf 88' lang='lat' dir='ltr'>XXIII,</span> <span class='ocrx_word' id='word_1_376' title='bbox 1271 2335 1324 2368; x_wconf 91' lang='lat'>15</span> <span class='ocrx_word' id='word_1_377' title='bbox 1352 2343 1583 2376; x_wconf 80' lang='lat' dir='ltr'><strong>quocumque</strong></span> <span class='ocrx_word' id='word_1_378' title='bbox 1609 2359 1616 2367; x_wconf 86' lang='lat'>.</span> <span class='ocrx_word' id='word_1_379' title='bbox 1643 2360 1650 2367; x_wconf 96' lang='lat'>.</span> <span class='ocrx_word' id='word_1_380' title='bbox 1677 2360 1685 2368; x_wconf 93' lang='lat'>.</span> 
     </span>
    </p>
   </div>
   <div class='ocr_carea' id='block_1_18' title="bbox 174 2377 906 2475">
    <p class='ocr_par' dir='ltr' id='par_1_23' title="bbox 174 2377 882 2475">
     <span class='ocr_line' id='line_1_72' title="bbox 174 2377 446 2424; baseline 0.015 -11"><span class='ocrx_word' id='word_1_381' title='bbox 174 2377 280 2414; x_wconf 82' lang='lat' dir='ltr'><strong>rebat</strong></span> <span class='ocrx_word' id='word_1_382' title='bbox 303 2382 386 2424; x_wconf 85' lang='lat'>275,</span> <span class='ocrx_word' id='word_1_383' title='bbox 399 2391 446 2417; x_wconf 80' lang='grc'><strong>25.</strong></span> 
     </span>
     <span class='ocr_line' id='line_1_73' title="bbox 222 2406 906 2475; baseline 0.005 -14"><span class='ocrx_word' id='word_1_384' title='bbox 222 2406 427 2463; x_wconf 87' lang='lat' dir='ltr'><strong>fautoribus</strong></span> <span class='ocrx_word' id='word_1_385' title='bbox 451 2428 548 2464; x_wconf 91' lang='lat' dir='ltr'><strong>illius</strong></span> <span class='ocrx_word' id='word_1_386' title='bbox 574 2428 621 2464; x_wconf 90' lang='lat' dir='ltr'><strong>ad</strong></span> <span class='ocrx_word' id='word_1_387' title='bbox 638 2433 740 2464; x_wconf 80' lang='lat' dir='ltr'><strong>arma</strong></span> <span class='ocrx_word' id='word_1_388' title='bbox 764 2430 906 2475; x_wconf 87' lang='lat' dir='ltr'><strong>impi—</strong></span> 
     </span>
    </p>
   </div>
   <div class='ocr_carea' id='block_1_19' title="bbox 174 2477 933 2618">
    <p class='ocr_par' dir='ltr' id='par_1_24' title="bbox 174 2477 933 2618">
     <span class='ocr_line' id='line_1_74' title="bbox 175 2477 933 2523; baseline 0.008 -14"><span class='ocrx_word' id='word_1_389' title='bbox 175 2486 256 2520; x_wconf 87' lang='lat' dir='ltr'><strong>gre</strong></span> <span class='ocrx_word' id='word_1_390' title='bbox 281 2477 583 2512; x_wconf 85' lang='lat' dir='ltr'><strong>concurrentibus</strong></span> <span class='ocrx_word' id='word_1_391' title='bbox 609 2479 667 2520; x_wconf 90' lang='grc'><strong>91,</strong></span> <span class='ocrx_word' id='word_1_392' title='bbox 680 2489 726 2514; x_wconf 78' lang='grc'><strong>20.</strong></span> <span class='ocrx_word' id='word_1_393' title='bbox 752 2499 793 2503; x_wconf 85' lang='grc'><strong>-</strong></span> <span class='ocrx_word' id='word_1_394' title='bbox 819 2478 906 2523; x_wconf 89' lang='lat' dir='ltr'><strong>ipsis</strong></span> <span class='ocrx_word' id='word_1_395' title='bbox 930 2479 933 2515; x_wconf 63' lang='grc' dir='ltr'><em>ἶ</em></span> 
     </span>
     <span class='ocr_line' id='line_1_75' title="bbox 212 2523 933 2571; baseline 0.004 -13"><span class='ocrx_word' id='word_1_396' title='bbox 212 2551 220 2558; x_wconf 92' lang='grc'><strong>.</strong></span> <span class='ocrx_word' id='word_1_397' title='bbox 247 2550 255 2559; x_wconf 90' lang='grc'><strong>.</strong></span> <span class='ocrx_word' id='word_1_398' title='bbox 291 2525 377 2559; x_wconf 91' lang='lat' dir='ltr'><strong>satis</strong></span> <span class='ocrx_word' id='word_1_399' title='bbox 410 2523 567 2571; x_wconf 85' lang='lat' dir='ltr'><strong>impigre</strong></span> <span class='ocrx_word' id='word_1_400' title='bbox 590 2536 669 2560; x_wconf 89' lang='lat' dir='ltr'><strong>rem</strong></span> <span class='ocrx_word' id='word_1_401' title='bbox 694 2525 907 2571; x_wconf 85' lang='lat' dir='ltr'><strong>gerentibus</strong></span> <span class='ocrx_word' id='word_1_402' title='bbox 931 2557 933 2565; x_wconf 24' lang='grc' dir='ltr'>ἲ</span> 
     </span>
     <span class='ocr_line' id='line_1_76' title="bbox 174 2571 933 2618; baseline 0.003 -12"><span class='ocrx_word' id='word_1_403' title='bbox 174 2571 257 2613; x_wconf 87' lang='lat'>228,</span> <span class='ocrx_word' id='word_1_404' title='bbox 271 2582 317 2608; x_wconf 94' lang='grc'><strong>25.</strong></span> <span class='ocrx_word' id='word_1_405' title='bbox 346 2593 387 2598; x_wconf 84' lang='grc'><strong>--</strong></span> <span class='ocrx_word' id='word_1_406' title='bbox 416 2583 500 2607; x_wconf 90' lang='lat' dir='ltr'><strong>cum</strong></span> <span class='ocrx_word' id='word_1_407' title='bbox 534 2584 608 2607; x_wconf 90' lang='lat' dir='ltr'><strong>non</strong></span> <span class='ocrx_word' id='word_1_408' title='bbox 638 2573 726 2608; x_wconf 90' lang='lat' dir='ltr'><strong>satis</strong></span> <span class='ocrx_word' id='word_1_409' title='bbox 751 2573 907 2618; x_wconf 84' lang='lat' dir='ltr'><strong>impigre</strong></span> <span class='ocrx_word' id='word_1_410' title='bbox 931 2578 933 2616; x_wconf 65' lang='lat'>{</span> 
     </span>
    </p>
   </div>
   <div class='ocr_carea' id='block_1_20' title="bbox 175 2618 905 2703">
    <p class='ocr_par' dir='ltr' id='par_1_25' title="bbox 175 2618 905 2703">
     <span class='ocr_line' id='line_1_77' title="bbox 175 2618 905 2666; baseline 0.008 -14"><span class='ocrx_word' id='word_1_411' title='bbox 175 2618 296 2663; x_wconf 82' lang='lat' dir='ltr'><strong>reg-i.</strong></span> <span class='ocrx_word' id='word_1_412' title='bbox 361 2648 370 2656; x_wconf 90' lang='lat'>.</span> <span class='ocrx_word' id='word_1_413' title='bbox 405 2630 515 2665; x_wconf 88' lang='lat' dir='ltr'><strong>opem</strong></span> <span class='ocrx_word' id='word_1_414' title='bbox 549 2620 663 2656; x_wconf 82' lang='lat' dir='ltr'><strong>ferret</strong></span> <span class='ocrx_word' id='word_1_415' title='bbox 687 2623 834 2666; x_wconf 83' lang='lat'>247,15.</span> <span class='ocrx_word' id='word_1_416' title='bbox 863 2642 905 2646; x_wconf 89' lang='lat'>—</span> 
     </span>
     <span class='ocr_line' id='line_1_78' title="bbox 175 2664 335 2703; baseline 0.019 -3"><span class='ocrx_word' id='word_1_417' title='bbox 175 2664 264 2700; x_wconf 89' lang='lat' dir='ltr'><strong>dum</strong></span> <span class='ocrx_word' id='word_1_418' title='bbox 290 2695 299 2703; x_wconf 87' lang='lat'>.</span> <span class='ocrx_word' id='word_1_419' title='bbox 325 2693 335 2702; x_wconf 86' lang='lat'>.</span> 
     </span>
    </p>
   </div>
   <div class='ocr_carea' id='block_1_21' title="bbox 176 2714 908 2761">
    <p class='ocr_par' dir='ltr' id='par_1_26' title="bbox 176 2714 908 2761">
     <span class='ocr_line' id='line_1_79' title="bbox 176 2714 908 2761; baseline 0.004 -13"><span class='ocrx_word' id='word_1_420' title='bbox 176 2724 284 2758; x_wconf 88' lang='lat' dir='ltr'><strong>opem</strong></span> <span class='ocrx_word' id='word_1_421' title='bbox 318 2714 475 2760; x_wconf 87' lang='lat' dir='ltr'><strong>impigre</strong></span> <span class='ocrx_word' id='word_1_422' title='bbox 510 2715 731 2751; x_wconf 84' lang='lat' dir='ltr'><strong>discurreret</strong></span> <span class='ocrx_word' id='word_1_423' title='bbox 768 2718 847 2761; x_wconf 91' lang='lat'>101,</span> <span class='ocrx_word' id='word_1_424' title='bbox 862 2727 908 2752; x_wconf 84' lang='grc'><strong>20.</strong></span> 
     </span>
    </p>
   </div>
   <div class='ocr_carea' id='block_1_22' title="bbox 174 2761 937 2904">
    <p class='ocr_par' dir='ltr' id='par_1_27' title="bbox 174 2761 937 2904">
     <span class='ocr_line' id='line_1_80' title="bbox 178 2761 935 2811; baseline 0.003 -15"><span class='ocrx_word' id='word_1_425' title='bbox 178 2780 220 2786; x_wconf 88' lang='grc'>-</span> <span class='ocrx_word' id='word_1_426' title='bbox 259 2761 307 2797; x_wconf 88' lang='lat' dir='ltr'><strong>ad</strong></span> <span class='ocrx_word' id='word_1_427' title='bbox 344 2762 599 2807; x_wconf 86' lang='lat' dir='ltr'><strong>exequendum</strong></span> <span class='ocrx_word' id='word_1_428' title='bbox 642 2763 831 2809; x_wconf 84' lang='lat' dir='ltr'><strong>negotium</strong></span> <span class='ocrx_word' id='word_1_429' title='bbox 871 2774 907 2798; x_wconf 88' lang='lat' dir='ltr'><strong>se</strong></span> <span class='ocrx_word' id='word_1_430' title='bbox 933 2777 935 2811; x_wconf 64' lang='lat'>3</span> 
     </span>
     <span class='ocr_line' id='line_1_81' title="bbox 174 2807 935 2856; baseline 0.007 -14"><span class='ocrx_word' id='word_1_431' title='bbox 174 2807 274 2844; x_wconf 80' lang='lat' dir='ltr'><strong>haud</strong></span> <span class='ocrx_word' id='word_1_432' title='bbox 298 2809 385 2845; x_wconf 79' lang='lat' dir='ltr'><strong>satis</strong></span> <span class='ocrx_word' id='word_1_433' title='bbox 408 2810 565 2856; x_wconf 83' lang='lat' dir='ltr'><strong>impigre</strong></span> <span class='ocrx_word' id='word_1_434' title='bbox 589 2812 761 2846; x_wconf 86' lang='lat' dir='ltr'><strong>movebat</strong></span> <span class='ocrx_word' id='word_1_435' title='bbox 786 2813 867 2853; x_wconf 88' lang='lat'>331,</span> <span class='ocrx_word' id='word_1_436' title='bbox 880 2822 908 2846; x_wconf 84' lang='grc'><strong>5.</strong></span> <span class='ocrx_word' id='word_1_437' title='bbox 933 2814 935 2854; x_wconf 67' lang='grc' dir='ltr'>ἲ</span> 
     </span>
     <span class='ocr_line' id='line_1_82' title="bbox 223 2855 937 2904; baseline 0.003 -13"><span class='ocrx_word' id='word_1_438' title='bbox 223 2855 372 2893; x_wconf 87' lang='lat' dir='ltr'><strong>iuvenes</strong></span> <span class='ocrx_word' id='word_1_439' title='bbox 406 2857 632 2904; x_wconf 86' lang='lat' dir='ltr'><strong>inpigros</strong></span> <span class='ocrx_word' id='word_1_440' title='bbox 658 2858 769 2893; x_wconf 85' lang='lat' dir='ltr'><strong>citato</strong></span> <span class='ocrx_word' id='word_1_441' title='bbox 795 2869 909 2902; x_wconf 83' lang='lat' dir='ltr'><strong>quan·</strong></span> <span class='ocrx_word' id='word_1_442' title='bbox 933 2870 937 2899; x_wconf 63' lang='grc' dir='ltr'><strong>ι</strong></span> 
     </span>
    </p>
   </div>
   <div class='ocr_carea' id='block_1_23' title="bbox 362 2667 1038 2732">
    <p class='ocr_par' dir='ltr' id='par_1_28' title="bbox 362 2667 1038 2732">
     <span class='ocr_line' id='line_1_83' title="bbox 362 2667 1038 2732; baseline -0.003 -29"><span class='ocrx_word' id='word_1_443' title='bbox 362 2695 371 2704; x_wconf 92' lang='grc'><strong>.</strong></span> <span class='ocrx_word' id='word_1_444' title='bbox 398 2678 520 2703; x_wconf 90' lang='lat' dir='ltr'><strong>comes</strong></span> <span class='ocrx_word' id='word_1_445' title='bbox 545 2667 592 2703; x_wconf 86' lang='lat' dir='ltr'><strong>ad</strong></span> <span class='ocrx_word' id='word_1_446' title='bbox 614 2667 808 2704; x_wconf 87' lang='lat' dir='ltr'><strong>ferendum</strong></span> <span class='ocrx_word' id='word_1_447' title='bbox 834 2668 908 2702; x_wconf 82' lang='lat' dir='ltr'><strong>suis</strong></span> <span class='ocrx_word' id='word_1_448' title='bbox 932 2687 934 2732; x_wconf 67' lang='lat'><strong>³2</strong></span> <span class='ocrx_word' id='word_1_449' title='bbox 959 2697 966 2703; x_wconf 92' lang='lat'>.</span> <span class='ocrx_word' id='word_1_450' title='bbox 994 2693 1003 2702; x_wconf 85' lang='lat'>.</span> <span class='ocrx_word' id='word_1_451' title='bbox 1030 2693 1038 2700; x_wconf 91' lang='lat'>.</span> 
     </span>
    </p>
   </div>
   <div class='ocr_carea' id='block_1_24' title="bbox 930 2379 1684 2434">
    <p class='ocr_par' dir='ltr' id='par_1_29' title="bbox 930 2379 1684 2434">
     <span class='ocr_line' id='line_1_84' title="bbox 930 2379 1684 2434; baseline -0.007 -17"><span class='ocrx_word' id='word_1_452' title='bbox 930 2388 932 2434; x_wconf 80' lang='grc' dir='ltr'>Ι</span> <span class='ocrx_word' id='word_1_453' title='bbox 956 2382 1128 2417; x_wconf 85' lang='lat' dir='ltr'><strong>fortuitus</strong></span> <span class='ocrx_word' id='word_1_454' title='bbox 1154 2380 1265 2414; x_wconf 83' lang='lat' dir='ltr'><strong>animi</strong></span> <span class='ocrx_word' id='word_1_455' title='bbox 1292 2380 1500 2425; x_wconf 81' lang='lat' dir='ltr'><strong>impetus</strong></span> <span class='ocrx_word' id='word_1_456' title='bbox 1526 2379 1620 2414; x_wconf 86' lang='lat' dir='ltr'><strong>tulit.</strong></span> <span class='ocrx_word' id='word_1_457' title='bbox 1644 2399 1684 2403; x_wconf 80' lang='lat'><strong>——</strong></span> 
     </span>
    </p>
   </div>
   <div class='ocr_carea' id='block_1_25' title="bbox 930 2427 1687 2708">
    <p class='ocr_par' dir='ltr' id='par_1_30' title="bbox 930 2427 1684 2521">
     <span class='ocr_line' id='line_1_85' title="bbox 930 2427 1684 2471; baseline -0.005 -6.857"><span class='ocrx_word' id='word_1_458' title='bbox 930 2431 1092 2465; x_wconf 48' lang='lat' dir='ltr'><strong>mucan,</strong></span> <span class='ocrx_word' id='word_1_459' title='bbox 1112 2430 1142 2469; x_wconf 91' lang='lat' dir='ltr'><strong>I,</strong></span> <span class='ocrx_word' id='word_1_460' title='bbox 1161 2431 1242 2464; x_wconf 83' lang='lat'>491.</span> <span class='ocrx_word' id='word_1_461' title='bbox 1270 2439 1342 2471; x_wconf 85' lang='lat' dir='ltr'><strong>quo</strong></span> <span class='ocrx_word' id='word_1_462' title='bbox 1369 2438 1550 2471; x_wconf 60' lang='lat' dir='ltr'><strong>luemque</strong></span> <span class='ocrx_word' id='word_1_463' title='bbox 1578 2427 1684 2470; x_wconf 82' lang='lat' dir='ltr'><strong>fugae</strong></span> 
     </span>
     <span class='ocr_line' id='line_1_86' title="bbox 931 2471 1234 2521; baseline -0.011 -8.707"><span class='ocrx_word' id='word_1_464' title='bbox 931 2471 1041 2512; x_wconf 86' lang='lat' dir='ltr'><strong>tulit</strong></span> <span class='ocrx_word' id='word_1_465' title='bbox 1066 2477 1234 2521; x_wconf 88' lang='lat' dir='ltr'><strong>impetus.</strong></span> 
     </span>
    </p>

    <p class='ocr_par' dir='ltr' id='par_1_31' title="bbox 957 2520 1687 2700">
     <span class='ocr_line' id='line_1_87' title="bbox 1005 2520 1686 2565; baseline -0.006 -7.964"><span class='ocrx_word' id='word_1_466' title='bbox 1005 2525 1094 2559; x_wconf 51' lang='lat' dir='ltr'><strong>Gall</strong></span> <span class='ocrx_word' id='word_1_467' title='bbox 1126 2525 1204 2565; x_wconf 73' lang='lat' dir='ltr'><strong>Im]</strong></span> <span class='ocrx_word' id='word_1_468' title='bbox 1239 2525 1316 2558; x_wconf 86' lang='lat'>101.</span> <span class='ocrx_word' id='word_1_469' title='bbox 1356 2521 1440 2556; x_wconf 85' lang='lat' dir='ltr'><strong>satis</strong></span> <span class='ocrx_word' id='word_1_470' title='bbox 1477 2520 1686 2565; x_wconf 78' lang='lat' dir='ltr'><strong>impigre</strong></span> 
     </span>
     <span class='ocr_line' id='line_1_88' title="bbox 957 2569 1685 2616; baseline -0.007 -9"><span class='ocrx_word' id='word_1_471' title='bbox 957 2572 1075 2608; x_wconf 82' lang='lat' dir='ltr'><strong>occiso</strong></span> <span class='ocrx_word' id='word_1_472' title='bbox 1094 2570 1215 2616; x_wconf 82' lang='lat' dir='ltr'><strong>pedite</strong></span> <span class='ocrx_word' id='word_1_473' title='bbox 1234 2573 1369 2604; x_wconf 75' lang='lat' dir='ltr'><strong>nostro.</strong></span> <span class='ocrx_word' id='word_1_474' title='bbox 1386 2590 1426 2593; x_wconf 77' lang='lat'><strong>—-</strong></span> <span class='ocrx_word' id='word_1_475' title='bbox 1448 2569 1685 2610; x_wconf 73' lang='lat' dir='ltr'>L1·1,1X‚35.</span> 
     </span>
     <span class='ocr_line' id='line_1_89' title="bbox 932 2615 1686 2671; baseline -0.01 -15.76"><span class='ocrx_word' id='word_1_476' title='bbox 932 2620 1004 2671; x_wconf 86' lang='lat' dir='ltr'><strong>ad</strong></span> <span class='ocrx_word' id='word_1_477' title='bbox 1029 2618 1216 2653; x_wconf 82' lang='lat' dir='ltr'><strong>ferendam</strong></span> <span class='ocrx_word' id='word_1_478' title='bbox 1243 2628 1349 2661; x_wconf 84' lang='lat' dir='ltr'><strong>opem</strong></span> <span class='ocrx_word' id='word_1_479' title='bbox 1376 2616 1481 2650; x_wconf 83' lang='lat' dir='ltr'><strong>sociis</strong></span> <span class='ocrx_word' id='word_1_480' title='bbox 1506 2644 1513 2651; x_wconf 94' lang='lat'>.</span> <span class='ocrx_word' id='word_1_481' title='bbox 1533 2644 1540 2651; x_wconf 91' lang='lat'>.</span> <span class='ocrx_word' id='word_1_482' title='bbox 1561 2644 1569 2651; x_wconf 92' lang='lat'>.</span> <span class='ocrx_word' id='word_1_483' title='bbox 1593 2615 1686 2650; x_wconf 73' lang='lat' dir='ltr'><strong>acies</strong></span> 
     </span>
     <span class='ocr_line' id='line_1_90' title="bbox 1065 2662 1687 2708; baseline -0.006 -8"><span class='ocrx_word' id='word_1_484' title='bbox 1065 2665 1244 2708; x_wconf 81' lang='lat' dir='ltr'><strong>occurrit3</strong></span> <span class='ocrx_word' id='word_1_485' title='bbox 1281 2664 1506 2706; x_wconf 69' lang='lat' dir='ltr'>x&#39;x&#39;11‚45.</span> <span class='ocrx_word' id='word_1_486' title='bbox 1539 2662 1687 2696; x_wconf 84' lang='lat' dir='ltr'><strong>intentis</strong></span> 
     </span>
    </p>
   </div>
   <div class='ocr_carea' id='block_1_26' title="bbox 933 2710 1641 2756">
    <p class='ocr_par' dir='ltr' id='par_1_32' title="bbox 933 2710 1641 2756">
     <span class='ocr_line' id='line_1_91' title="bbox 933 2710 1641 2756; baseline -0.009 -6.777"><span class='ocrx_word' id='word_1_487' title='bbox 933 2714 1126 2750; x_wconf 84' lang='lat' dir='ltr'><strong>omnibus</strong></span> <span class='ocrx_word' id='word_1_488' title='bbox 1153 2713 1198 2747; x_wconf 79' lang='lat' dir='ltr'><strong>ud</strong></span> <span class='ocrx_word' id='word_1_489' title='bbox 1223 2723 1330 2756; x_wconf 83' lang='lat' dir='ltr'><strong>opem</strong></span> <span class='ocrx_word' id='word_1_490' title='bbox 1358 2710 1558 2753; x_wconf 85' lang='lat' dir='ltr'><strong>ferendam,</strong></span> <span class='ocrx_word' id='word_1_491' title='bbox 1583 2715 1641 2745; x_wconf 79' lang='lat' dir='ltr'><strong>etc.</strong></span> 
     </span>
    </p>
   </div>
   <div class='ocr_carea' id='block_1_27' title="bbox 1008 2851 1686 2898">
    <p class='ocr_par' dir='ltr' id='par_1_33' title="bbox 1008 2851 1686 2898">
     <span class='ocr_line' id='line_1_92' title="bbox 1008 2851 1686 2898; baseline -0.004 -9"><span class='ocrx_word' id='word_1_492' title='bbox 1008 2857 1084 2891; x_wconf 74' lang='lat' dir='ltr'>Le&#39;v.</span> <span class='ocrx_word' id='word_1_493' title='bbox 1112 2855 1184 2898; x_wconf 88' lang='lat' dir='ltr'>III,</span> <span class='ocrx_word' id='word_1_494' title='bbox 1204 2856 1261 2897; x_wconf 84' lang='lat'><strong>46,</strong></span> <span class='ocrx_word' id='word_1_495' title='bbox 1288 2856 1320 2889; x_wconf 87' lang='lat'>5.</span> <span class='ocrx_word' id='word_1_496' title='bbox 1346 2853 1483 2897; x_wconf 84' lang='lat' dir='ltr'><strong>placuit</strong></span> <span class='ocrx_word' id='word_1_497' title='bbox 1509 2880 1516 2887; x_wconf 92' lang='lat'>.</span> <span class='ocrx_word' id='word_1_498' title='bbox 1545 2880 1552 2888; x_wconf 91' lang='lat'>.</span> <span class='ocrx_word' id='word_1_499' title='bbox 1581 2878 1588 2886; x_wconf 94' lang='lat'>.</span> <span class='ocrx_word' id='word_1_500' title='bbox 1615 2851 1686 2886; x_wconf 85' lang='lat' dir='ltr'><strong>in·</strong></span> 
     </span>
    </p>
   </div>
  </div>
 </body>
</html>
