2014 3184
342 199 615 240 LAMPER'I'I
639 179 937 235 INSTITUTIO
962 191 1361 231 HERVELDENSIS
1386 189 1526 226 EGCL.
1623 188 1694 224 347

185 328 313 373 beati
338 323 575 381 Wigberti
606 337 660 365 eo
691 320 982 363 transferret.
1037 318 1084 359 Is
1117 316 1271 359 accitu
1303 314 1431 357 beati
1463 310 1924 354 Bonifaciivr.ruzeec.17.

185 389 243 432 de
283 385 553 430 Brittannia
592 381 796 431 veniens,
838 379 888 420 in
930 377 1097 420 Galliis
1138 377 1284 418 vitam
1325 387 1503 416 morum
1548 371 1697 426 gloria

185 446 527 492 ornatissimam
559 442 788 497 exegerat,
822 438 1104 491 tandemque
1136 435 1266 478 felici
1297 435 1347 475 in
1381 432 1566 475 Christo
1600 431 1698 472 dor-

186 507 380 551 mitione
421 503 599 559 sopitus
639 501 690 542 in
730 499 902 555 oppido
935 495 1159 539 Friteslar
1195 494 1485 549 sepulturam
1517 503 1699 545 accepe-

158 570 274 611 ⁵rat.
328 565 428 621 Ego
460 564 578 606 haut
609 563 783 604 temere
815 572 901 600 nec
934 557 1032 599 sine
1056 555 1146 597 Dei
1178 556 1298 596 nutu
1331 554 1515 608 gestum
1548 550 1846 600 credo,.·1›.c.14.

188 629 243 670 ut
274 625 426 668 sancti
455 621 690 680 pontificis
723 621 770 662 et
802 618 1115 666 sanctoruma,
1149 609 1230 656 utb
1269 627 1372 655 mea
1402 612 1497 654 fert
1529 609 1700 665 opinio,

189 687 415 730 fratrume
465 681 608 725 animi
649 683 746 722 tam
789 676 1046 720 difficulter
1087 674 1414 717 coalescerent.
1489 670 1538 712 Si
1579 669 1703 712 enim

191 743 554 789 benivolentiam
595 739 797 796 episcopi
840 738 956 780 haec
996 749 1149 778 rerum
1192 732 1398 789 procella
1443 744 1538 772 non
1579 742 1703 772 exce-

192 806 349 863 pisset,
391 803 610 845 nimirum
651 800 702 841 in
742 798 894 840 alieno
935 795 1244 837 fundamento
1286 791 1482 833 nimium
1514 802 1704 844 occupa-

146 881 180 906 ιο
192 868 269 908 tus
310 864 520 920 privatae
561 859 736 916 gloriae
781 857 989 899 studium
1036 854 1284 904 omisisset,
1335 854 1474 905 atque
1515 847 1705 891 Hervel-

194 926 335 968 dense
374 935 559 971 nomen,
601 922 703 962 toto
743 931 868 959 nunc
910 915 1020 958 orbe
1058 913 1376 958 clarissimum,
1420 904 1621 952 abissetd
1656 907 1707 948 in

194 998 405 1034 vacuum,
447 995 533 1024 nec
575 981 710 1022 tanta
751 977 885 1032 copia
926 973 1322 1017 sanctissimorum
1364 969 1605 1012 hominum
1653 981 1706 1009 eo

195 1043 287 1087 loci
328 1039 699 1085 conversantium
743 1036 947 1079 auxisset
986 1047 1231 1076 numerum
1269 1029 1539 1073 caelestium
1581 1026 1708 1082 spiri-

197 1107 346 1146 tuum.

151 1179 184 1205 15
341 1161 498 1217 Igitur
535 1173 641 1202 cum
682 1157 847 1200 beatus
879 1153 1045 1196 Lullus
1086 1150 1419 1194 monasterium
1459 1147 1579 1190 illud
1617 1145 1710 1201 opi·
1724 1163 1762 1188 sb.
1774 1169 1798 1188 ο.
1812 1162 1854 1187 18.

199 1224 299 1274 bus,
327 1219 534 1270 edificiis,
562 1217 754 1260 familiis
777 1227 958 1270 quoque
981 1213 1163 1255 affatim
1185 1211 1452 1253 exornasset
1475 1208 1711 1250 cunctum-

199 1295 288 1338 que
329 1281 494 1323 domus
536 1276 727 1320 Domini
774 1275 987 1318 decorem
1029 1273 1089 1314 ad
1135 1272 1367 1326 ungueme
1413 1267 1709 1316 elaborasset,

199 1339 553 1384 multitudinem
585 1349 767 1392 quoque
805 1335 1025 1384 fratrum,
1069 1331 1104 1374 O
1137 1330 1358 1372 videlicet
1390 1328 1446 1379 L,
1490 1329 1712 1381 tempera·
1727 1341 1801 1367 eac.
1814 1341 1857 1366 19.

200 1401 391 1444 tissimis
436 1396 669 1440 institutis
721 1393 1036 1443 instruxisset,
1091 1390 1319 1433 Karolum
1371 1388 1711 1442 imperatorem,

153 1461 278 1508 zocui
307 1474 363 1503 ex
382 1459 558 1502 virtute
590 1469 760 1498 nomen
792 1453 987 1496 accessit
1002 1451 1029 1503 ¹,
1063 1453 1118 1492 ut
1138 1449 1342 1492 Karolus
1363 1448 1564 1502 Magnus
1597 1445 1714 1487 dice-

201 1523 343 1571 retur,
378 1533 431 1562 eo
453 1517 638 1560 vocavit
670 1518 717 1558 et
750 1515 920 1557 cuncta
950 1512 1001 1553 in
1032 1510 1231 1553 tutelam
1264 1509 1363 1551 eius
1389 1504 1715 1562 patrocinandi

167 1595 174 1601 ·
203 1579 355 1636 gratia
385 1577 596 1627 tradidit,
630 1576 843 1629 hancque
871 1571 1173 1614 traditionem
1206 1571 1254 1611 et
1286 1565 1612 1623 patrocinandi
1643 1564 1715 1605 ius

204 1638 385 1683 cunctis
426 1637 644 1691 deinceps
684 1635 735 1676 in
775 1633 943 1675 solium
983 1630 1117 1686 regni
1158 1627 1515 1671 succedentibus
1561 1626 1715 1666 ratum

205 1711 390 1741 manere
423 1695 605 1738 statuit.

157 1775 192 1802 25
349 1757 480 1798 Haec
533 1755 590 1797 de
644 1752 832 1796 exordio
884 1748 1215 1792 Herveldensis
1275 1745 1457 1788 cenobii
1517 1742 1717 1785 strictim

207 1818 334 1860 dicta
385 1814 574 1858 libellus
622 1814 679 1855 de
725 1812 823 1854 vita
876 1809 1027 1852 sancti
1072 1807 1200 1849 Lulli
1247 1807 1400 1848 editus
1452 1804 1595 1845 latius
1647 1815 1716 1844 ex-

207 1877 371 1934 plicat,
424 1876 463 1917 si
510 1873 612 1929 quis
661 1886 715 1915 ea
761 1870 944 1927 plenius
992 1882 1125 1911 nosse
1174 1866 1421 1909 desiderat.
1505 1862 1719 1915 Qualiter

207 1950 315 1980 vero
357 1937 462 1991 post
503 1934 617 1976 haec
659 1932 789 1974 loeus
819 1930 901 1972 ille
933 1943 1016 1984 per
1046 1928 1334 1970 incrementa
1364 1927 1625 1979 temporum
1659 1921 1719 1963 ad

209 1996 472 2052 profectum
505 1991 780 2050 pervenerit,
823 1992 905 2032 aut
946 1988 1148 2044 qualiter
1186 1985 1481 2041 supradictus
1518 1983 1719 2024 fratrum

163 2075 197 2100 30
210 2068 442 2105 numerus,
486 2053 521 2096 O
554 2051 774 2095 videlicet
806 2052 853 2092 et
885 2049 962 2100 L2‚
1003 2048 1187 2102 integro
1220 2046 1373 2087 adhuc
1404 2057 1559 2086 rerum
1592 2043 1720 2083 statu

210 2115 485 2157 imminutus
537 2113 616 2164 sit,
679 2111 754 2154 vel
835 2109 966 2151 uales
1016 2107 1104 2150 viri
1157 2106 1342 2148 sibimet
1394 2105 1444 2145 in
1495 2101 1720 2157 regimine

212 2175 303 2218 loci
343 2174 470 2216 illius
503 2170 808 2215 successerint
873 2181 1019 2223 usque
1052 2167 1111 2208 ad
1143 2168 1354 2220 tempora
1387 2161 1606 2205 Gozberti
1647 2160 1721 2201 ab·

212 2235 347 2283 batis,
390 2247 554 2289 parum
597 2232 884 2286 compertum
926 2228 1164 2270 habemus.
1227 2223 1360 2266 Nihil
1403 2222 1525 2265 enim
1559 2221 1616 2262 de
1649 2220 1722 2260 his

213 2294 384 2337 litteris
423 2293 627 2334 inditum
667 2290 954 2346 repperimus
968 2288 995 2338 3,
1039 2286 1199 2340 magis,
1242 2279 1323 2325 utb
1362 2296 1464 2324 mea
1504 2281 1598 2322 fert
1631 2279 1722 2334 opi-

166 2372 200 2399 35
214 2355 304 2405 nio,
339 2354 646 2408 scriptorumg
671 2349 852 2392 incuria
873 2362 1010 2403 quam
1033 2345 1325 2400 ingeniorum
1349 2340 1556 2397 penuria.
1606 2338 1722 2390 Quo-

214 2428 317 2456 rum
348 2415 507 2455 tamen
539 2411 703 2454 seriem
735 2410 811 2451 hic
844 2420 1015 2463 ponere
1049 2404 1264 2447 duximus
1297 2402 1503 2456 dignum,
1538 2399 1632 2440 sive
1665 2411 1723 2439 ne

215 2473 402 2528 penitus
433 2472 668 2514 vetustate
710 2483 734 2511 e
772 2466 994 2510 memoria
1025 2463 1313 2511 aboleantur,
1355 2462 1448 2502 sive
1481 2458 1604 2514 quod
1646 2457 1724 2498 ali-

217 2532 296 2586 qui
343 2545 502 2574 eorum
550 2542 728 2572 summo
769 2526 923 2568 functi
966 2522 1229 2566 sacerdocio
1272 2523 1319 2563 et
1360 2519 1467 2561 usui
1514 2517 1724 2573 profecto

218 2648 248 2677 a)
267 2645 467 2678 apostolorum
486 2645 555 2670 add.
576 2651 600 2671 c.
675 2644 706 2675 b)
725 2649 757 2670 se
777 2642 846 2667 add.
868 2649 892 2667 c.
980 2639 1007 2672 c)
1031 2640 1143 2665 factum
1164 2644 1242 2663 corr.
1264 2637 1388 2661 fratrum
1409 2642 1433 2660 c.
1508 2633 1537 2663 d)
1557 2633 1682 2658 abiisset
1701 2639 1725 2657 ι’.

170 2687 206 2711 40
219 2682 247 2714 9)
267 2681 382 2708 correxi
400 2687 414 2706 e
433 2680 463 2706 V.
484 2681 582 2713 Lu1h'3
601 2680 666 2706 dee.
685 2679 851 2712 adiungere
870 2685 894 2703 c.
969 2676 992 2707 f)
1011 2676 1219 2701 successerunt
1238 2679 1262 2698 e.
1338 2674 1367 2703 g)
1387 2671 1564 2702 scirptorum
1585 2676 1608 2693 c.

223 2777 257 2821 1)
282 2776 338 2818 Cf.
364 2786 480 2819 supra
507 2786 545 2819 p.
570 2775 652 2817 326,
689 2785 725 2810 n.
749 2775 783 2809 5.
929 2771 966 2813 2)
991 2769 1050 2811 Cf.
1076 2779 1191 2812 supra
1222 2779 1257 2811 p.
1282 2767 1365 2807 332,
1393 2776 1429 2800 n.
1453 2767 1486 2800 2.
1522 2765 1604 2806 344,
1634 2775 1667 2797 n.
1693 2764 1726 2797 2.

221 2827 258 2868 3)
281 2823 361 2869 Ipse
385 2824 425 2856 in
449 2822 645 2856 annalibus
663 2825 787 2865 postea
811 2818 984 2854 nonnulla
1009 2817 1161 2861 quidem,
1198 2815 1264 2848 etsi
1289 2824 1421 2858 pauca,
1457 2812 1499 2846 cle
1525 2813 1571 2845 iis
1605 2811 1727 2844 retulit

224 2883 310 2907 usus
337 2870 542 2904 Annalibus
567 2868 895 2911 Hersfeldensibus.
945 2866 1001 2907 Cf.
1028 2874 1143 2907 snpra
1165 2874 1203 2907 p.
1221 2863 1304 2904 345,
1332 2861 1352 2896 l.
1372 2862 1393 2896 9
1412 2871 1484 2904 sqq.
