2046 3190
529 249 800 293 LAMPERTI
825 249 1079 288 ANNALES.
1130 251 1177 288 A.
1206 254 1310 289 1077.
1613 253 1685 289 223

171 372 470 415 anathemate
497 372 554 414 ab
578 372 802 415 aecclesia
823 373 1064 416 recideret.
1113 374 1309 416 Nullum
1331 377 1487 417 tamen
1511 375 1686 430 sapien—

170 434 265 475 tem
297 431 443 474 latere
475 432 643 487 potuit,
677 446 767 487 quo
799 433 1092 488 potissimum
1120 436 1351 490 spectaret
1380 435 1467 476 hoc
1493 435 1684 487 factum,

172 505 226 535 eo
267 491 456 541 scilicet,
499 493 554 533 ut
586 492 814 534 exercitus
853 493 976 547 regis
1007 494 1267 549 promptior
1298 494 1515 549 deinceps
1548 495 1686 537 fiden-

171 551 354 606 tiorque
395 551 639 594 adversum
680 565 757 594 eos
799 552 974 595 bellum
1013 555 1209 607 gereret,
1255 554 1311 596 de
1344 568 1539 608 quorum
1573 555 1685 596 occi-

141 611 312 662 5sionc,
347 611 386 653 si
411 614 516 667 post
538 612 1062 655 excommunicationem
1086 613 1225 655 occisi
1250 613 1464 663 fuissent,
1499 616 1686 669 putaret

172 683 220 714 se
258 674 375 714 neca
412 671 615 726 peccatis
657 672 907 714 obnoxium
948 673 1048 715 fore
1091 687 1174 715 nec
1217 673 1377 730 penis·
1405 687 1517 728 quas
1562 674 1686 729 leges

173 730 511 774 ecclesiasticae
544 733 760 772 statuunt
792 732 1037 774 homicidis
1052 733 1079 773 ¹.

315 790 471 846 Igitur
493 791 638 832 movit
660 791 888 833 exercitus
912 793 968 834 de
996 792 1096 834 loco
1120 793 1386 835 certaminis
1419 795 1466 835 et
1487 793 1686 835 transita

35 845 421 905 *12.220.Turingia¹’
458 850 693 905 ingressus
725 853 796 893 est
829 851 1088 902 Saxoniam,
1124 849 1297 894 *omnia
1329 853 1686 908 circumquaque

127 927 161 952 ιο
173 910 298 952 ferro
339 911 387 952 et
426 910 534 965 igne
577 910 878 966 depopulans,
927 913 1175 966 tantasque
1222 913 1271 953 in
1318 913 1442 954 villis
1491 913 1685 967 singulis

173 970 403 1025 repperite
444 983 566 1024 opes,
608 970 941 1013 fecundissima
988 971 1166 1014 scilicet
1212 972 1401 1027 regione
1450 974 1496 1014 et
1544 973 1685 1014 nullis

174 1029 372 1072 antehac
406 1029 540 1072 bellis
573 1026 797 1081 attactad,
841 1033 895 1071 ut
927 1031 1218 1074 avidissimae
1256 1031 1382 1087 plebi
1415 1034 1683 1083 castrorum,

174 1102 291 1144 quae
339 1089 437 1131 sola
483 1103 564 1144 spe
610 1090 878 1145 rapinarum
917 1091 1170 1133 exercitum
1213 1092 1504 1146 sequebatur,
1554 1092 1687 1147 copia

175 1150 361 1204 pareret
400 1149 645 1191 fastidium
661 1150 689 1190 ².
752 1150 852 1192 Rex
893 1152 1051 1193 tamen
1099 1151 1306 1193 assiduas
1348 1152 1407 1193 ad
1454 1152 1685 1207 principes

127 1226 162 1252 15
175 1208 402 1251 Saxoniae
449 1208 706 1263 legationes
753 1211 854 1251 tum
903 1223 998 1261 suo,
1046 1212 1149 1252 tum
1190 1211 1452 1266 principum
1498 1225 1686 1253 suorum

173 1268 360 1310 nominc
393 1267 671 1319 destinabat,
706 1269 898 1311 hortans
931 1283 1020 1321 eos,
1055 1272 1108 1311 ut
1141 1284 1188 1313 se
1215 1271 1439 1313 dederent
1473 1273 1612 1326 atque
1638 1272 1687 1313 in

175 1327 423 1370 clementia
454 1328 552 1370 eius
584 1329 744 1383 pocius
778 1343 915 1383 quam
956 1329 1006 1370 in
1038 1331 1177 1371 armis
1210 1330 1317 1381 suis,
1361 1334 1505 1385 quae⁰
1545 1331 1686 1373 semel

173 1387 428 1430 infeliciter
478 1389 806 1442 temptassent,
856 1403 983 1444 spem
1036 1390 1125 1431 sibi
1178 1390 1394 1445 deinceps
1446 1393 1686 1445 ponerent.

176 1447 264 1496 Sed
317 1447 390 1488 illi
442 1447 570 1489 haud
587 1443 604 1471 f
662 1448 815 1490 dubiis
867 1449 1052 1491 indiciis
1106 1452 1393 1504 compertum
1447 1450 1685 1499 habentes,

125 1508 348 1562 20quanto
379 1507 431 1548 111
462 1520 539 1549 603
571 1508 677 1549 odio
711 1510 958 1560 aestuaret,
994 1511 1257 1551 extremaeg
1294 1509 1556 1552 dementiae
1590 1523 1687 1552 esse

172 1566 458 1618 iudicabant,
492 1569 547 1608 ut
579 1567 622 1609 ei
654 1568 989 1623 precipitanter
1011 1569 1249 1623 sanguinis
1282 1570 1354 1611 sui
1385 1570 1456 1611 ius
1489 1571 1687 1624 potesta-

173 1628 359 1681 temque
400 1627 630 1678 facerent,
675 1628 805 1669 cuius
846 1628 963 1669 iram
1006 1629 1152 1670 tantis
1194 1631 1303 1671 ante
1346 1629 1686 1684 expeditionem

175 1685 594 1740 supplicationibus
635 1687 850 1741 mitigare
891 1688 1222 1742 nequivissent.
1286 1688 1460 1730 Tamen
1502 1689 1687 1730 manda-

173 1747 342 1787 verunt
388 1745 431 1787 ei
476 1745 628 1787 verbis
676 1746 963 1801 supplicibus
1011 1761 1058 1789 se
1105 1761 1266 1802 pacem
1310 1762 1448 1802 quam
1497 1748 1684 1797 bellum,

126 1819 162 1845 25
175 1803 472 1846 clementiam
503 1805 601 1846 eius
634 1819 772 1860 quam
803 1802 1203 1860 indignationemh
1240 1821 1420 1862 semper
1453 1807 1683 1855 maluisse,

175 1865 223 1906 et
264 1877 366 1906 eam
407 1864 445 1905 si
487 1864 579 1906 alio
620 1865 774 1920 precio
807 1879 944 1919 quam
983 1867 1169 1921 proprio
1202 1867 1427 1921 sanguine
1459 1867 1684 1909 redimere

173 1923 454 1979 potuissent,
504 1937 741 1979 nunquam
789 1925 848 1966 ad
895 1926 1010 1968 haec
1052 1928 1258 1968 extrema
1299 1927 1514 1968 audenda
1556 1941 1685 1982 expe-

173 1983 426 2038 riendaque
474 1997 766 2038 processuros
813 1985 978 2036 fuisse;
1028 1986 1192 2040 quodsi
1232 1986 1306 2028 vel
1353 2001 1476 2028 nunc
1520 1987 1683 2029 saltem

174 2044 280 2097 post
311 2042 492 2084 illatam
525 2042 704 2085 cladem
737 2058 815 2086 cor
848 2045 945 2087 eius
976 2045 1210 2101 tetigisset
1242 2045 1382 2094 Deus,
1416 2048 1470 2087 ut
1503 2046 1684 2088 calami-

127 2118 163 2143 30
175 2101 352 2144 tatibus
393 2115 553 2144 eorum
595 2103 875 2155 condoleret,
918 2118 1031 2159 quos
1073 2119 1190 2160 pene
1231 2101 1399 2160 usquei
1447 2106 1506 2147 ad
1547 2107 1685 2148 inter-

175 2157 435 2204 nicionemk
479 2163 815 2217 prostravisset,
865 2177 912 2206 se
961 2165 1047 2206 hoc
1090 2167 1330 2220 gratanter
1370 2166 1590 2221 amplecti
1637 2169 1682 2208 et

175 2220 458 2264 oblitteratis
503 2236 530 2263 a
572 2223 708 2275 corde
751 2237 832 2265 suo
875 2224 1089 2266 omnibus
1131 2225 1276 2275 malis,
1321 2226 1487 2280 quibus
1529 2226 1578 2266 in
1610 2239 1686 2268 eos

174 2280 292 2322 iram
324 2280 573 2336 odiumque
615 2295 750 2324 suum
792 2283 1032 2339 explesset,
1077 2284 1293 2340 deinceps
1332 2285 1374 2327 ei
1406 2285 1522 2327 fidos
1556 2285 1686 2327 devo-

175 2341 339 2394 tosque
370 2340 569 2383 futuros.
634 2342 683 2383 Si
715 2344 873 2385 autem
905 2343 992 2385 hoc
1034 2343 1170 2386 aliter
1203 2358 1340 2399 quam
1380 2358 1461 2400 per
1494 2345 1686 2386 deditio-

128 2415 163 2442 35
176 2413 282 2441 nem
314 2400 413 2453 fieri
443 2414 538 2442 11011
560 2404 727 2456 posset,
763 2403 1020 2444 consultius
1053 2403 1141 2445 sibi
1164 2417 1273 2454 esse,
1308 2406 1361 2445 ut
1388 2404 1514 2445 salva
1537 2404 1687 2445 existi-

177 2459 380 2502 matione
432 2473 533 2511 sua,
582 2461 806 2503 incolumi
853 2462 1070 2505 libertate
1118 2477 1219 2513 sua,
1268 2464 1317 2504 111
1366 2464 1686 2518 congressione

178 2518 365 2572 publica
405 2522 708 2572 morerentur,
752 2535 887 2576 quam
932 2523 1078 2565 dediti
1120 2523 1215 2564 ritu
1247 2523 1476 2578 pecudum
1511 2522 1685 2576 iugula-

179 2649 209 2679 ὃ)
227 2656 259 2675 ⁸0
280 2657 361 2682 Dece.
380 2658 437 2678 nee
451 2651 531 2681 ΒΗ).
587 2653 618 2686 b)
637 2653 731 2683 Thur.
744 2655 823 2681 131·-
833 2659 855 2682 0.
867 2655 891 2682 2.
947 2655 974 2681 c)
995 2655 1108 2688 reperit
1128 2656 1154 2680 A
1166 2657 1190 2682 1.
1204 2656 1265 2684 ΒΞ.
1321 2654 1351 2685 d)
1372 2659 1452 2681 tacta
1467 2656 1526 2682 B·.'.
1583 2663 1610 2685 ey
1631 2663 1688 2680 non

180 2685 240 2711 ulio
265 2688 372 2715 atreum.
397 2687 427 2712 δη
446 2695 541 2720 mara.
561 2689 629 2717 aad.
648 2690 710 2718 ΒΞ.
802 2691 825 2723 f)
854 2691 927 2716 haut
951 2691 1029 2720 131⁸,
1120 2693 1149 2722 g)
1179 2694 1255 2718 extr.
1276 2705 1310 2710 --
1330 2691 1500 2716 iudicabant
1529 2699 1584 2718 om.
1609 2690 1688 2718 Blb.

131 2725 167 2750 40
180 2720 211 2751 h)
230 2719 438 2753 indignitatem
457 2725 483 2750 A
495 2725 519 2751 1.
602 2725 623 2758 i)
642 2726 679 2750 ad
700 2726 754 2754 int.
773 2733 865 2758 usque
886 2726 966 2755 Bib.
1053 2726 1084 2755 k')
1105 2727 1337 2752 internecionem
1358 2727 1382 2751 B
1395 2728 1424 2751 lu
1445 2727 1576 2759 saepiam
1599 2727 1690 2753 inter-

179 2756 331 2783 netionem
350 2757 403 2783 ΔΙ.
422 2765 534 2792 semper
551 2760 623 2791 fere.

183 2868 218 2912 1)
240 2869 337 2903 Haec
361 2870 504 2904 insulsa
530 2871 611 2905 bene
635 2875 822 2916 castiyam't
849 2875 1029 2909 Demo-fick-
1050 2887 1087 2919 p.
1105 2876 1270 2910 46—48.
1386 2876 1421 2918 2)
1454 2875 1511 2916 Cf.
1539 2876 1688 2910 Carmen

182 2916 255 2959 III,
278 2918 493 2959 229—253,·
518 2920 618 2962 efflet.
644 2921 737 2955 dracas
763 2922 976 2964 Werinheri‚
1003 2923 1132 2956 Bremo
1157 2933 1184 2958 c.
1203 2923 1260 2958 49.
1279 2923 1346 2962 51,·
1371 2923 1417 2957 ib.
1443 2934 1470 2958 c.
1488 2925 1546 2958 47.

1702 372 1804 407 1075.

1699 419 1796 451 nun.)

1698 2060 1734 2090 cs.
1747 2060 1804 2087 Ier,
1814 2059 1841 2091 4,
1854 2060 1895 2087 18.
