<?xml version="1.0" encoding="UTF-8"?>
<!DOCTYPE html PUBLIC "-//W3C//DTD XHTML 1.0 Transitional//EN"
    "http://www.w3.org/TR/xhtml1/DTD/xhtml1-transitional.dtd">
<html xmlns="http://www.w3.org/1999/xhtml" xml:lang="en" lang="en">
 <head>
  <title>
</title>
<meta http-equiv="Content-Type" content="text/html;charset=utf-8" />
  <meta name='ocr-system' content='tesseract 3.04.00' />
  <meta name='ocr-capabilities' content='ocr_page ocr_carea ocr_par ocr_line ocrx_word'/>
</head>
<body>
  <div class='ocr_page' id='page_1' title='image "./lampertimonachih00lambuoft_0408.png"; bbox 0 0 2014 3184; ppageno 0'>
   <div class='ocr_carea' id='block_1_1' title="bbox 356 228 1639 271">
    <p class='ocr_par' dir='ltr' id='par_1_1' title="bbox 356 228 1639 271">
     <span class='ocr_line' id='line_1_1' title="bbox 356 228 1639 271; baseline 0.006 -8"><span class='ocrx_word' id='word_1_1' title='bbox 356 231 426 264; x_wconf 80' lang='lat'>332</span> <span class='ocrx_word' id='word_1_2' title='bbox 570 228 698 263; x_wconf 90' lang='lat' dir='ltr'>VITA</span> <span class='ocrx_word' id='word_1_3' title='bbox 723 229 880 265; x_wconf 88' lang='lat' dir='ltr'>LULLI</span> <span class='ocrx_word' id='word_1_4' title='bbox 905 230 1146 268; x_wconf 81' lang='lat' dir='ltr'>ARGHOEP.</span> <span class='ocrx_word' id='word_1_5' title='bbox 1171 231 1320 269; x_wconf 86' lang='lat' dir='ltr'>AUCT.</span> <span class='ocrx_word' id='word_1_6' title='bbox 1346 232 1639 271; x_wconf 80' lang='lat' dir='ltr'>LAMPERTO.</span> 
     </span>
    </p>
   </div>
   <div class='ocr_carea' id='block_1_2' title="bbox 352 346 1984 1175">
    <p class='ocr_par' dir='ltr' id='par_1_2' title="bbox 352 346 1984 1175">
     <span class='ocr_line' id='line_1_2' title="bbox 494 346 1984 409; baseline 0.007 -19"><span class='ocrx_word' id='word_1_7' title='bbox 494 346 587 391; x_wconf 80' lang='lat'>*19.</span> <span class='ocrx_word' id='word_1_8' title='bbox 637 351 830 405; x_wconf 76' lang='lat' dir='ltr'>Itaquea</span> <span class='ocrx_word' id='word_1_9' title='bbox 862 352 964 407; x_wconf 90' lang='lat' dir='ltr'>piae</span> <span class='ocrx_word' id='word_1_10' title='bbox 997 354 1242 396; x_wconf 82' lang='lat' dir='ltr'>memoriae</span> <span class='ocrx_word' id='word_1_11' title='bbox 1267 354 1480 396; x_wconf 84' lang='lat' dir='ltr'>Carolum</span> <span class='ocrx_word' id='word_1_12' title='bbox 1518 351 1648 409; x_wconf 80' lang='lat' dir='ltr'>[iamb</span> <span class='ocrx_word' id='word_1_13' title='bbox 1675 356 1853 398; x_wconf 84' lang='lat' dir='ltr'>factum</span> <span class='ocrx_word' id='word_1_14' title='bbox 1867 371 1912 404; x_wconf 61' lang='grc' dir='ltr'>*μ</span> <span class='ocrx_word' id='word_1_15' title='bbox 1923 372 1984 401; x_wconf 75' lang='lat'>146.</span> 
     </span>
     <span class='ocr_line' id='line_1_3' title="bbox 356 407 1853 470; baseline 0.006 -21"><span class='ocrx_word' id='word_1_16' title='bbox 356 407 690 464; x_wconf 71' lang='lat' dir='ltr'>imperatorem]</span> <span class='ocrx_word' id='word_1_17' title='bbox 727 424 779 452; x_wconf 91' lang='lat' dir='ltr'>eo</span> <span class='ocrx_word' id='word_1_18' title='bbox 801 412 982 453; x_wconf 86' lang='lat' dir='ltr'>vocavit</span> <span class='ocrx_word' id='word_1_19' title='bbox 998 411 1024 462; x_wconf 82' lang='lat'>¹,</span> <span class='ocrx_word' id='word_1_20' title='bbox 1059 426 1166 467; x_wconf 85' lang='lat' dir='ltr'>opes</span> <span class='ocrx_word' id='word_1_21' title='bbox 1193 414 1471 464; x_wconf 77' lang='lat' dir='ltr'>monasterii,</span> <span class='ocrx_word' id='word_1_22' title='bbox 1505 428 1621 469; x_wconf 88' lang='lat' dir='ltr'>quae</span> <span class='ocrx_word' id='word_1_23' title='bbox 1643 415 1853 470; x_wconf 79' lang='lat' dir='ltr'>profecto</span> 
     </span>
     <span class='ocr_line' id='line_1_4' title="bbox 357 468 1854 523; baseline 0.005 -15"><span class='ocrx_word' id='word_1_24' title='bbox 357 470 488 509; x_wconf 86' lang='lat' dir='ltr'>erant</span> <span class='ocrx_word' id='word_1_25' title='bbox 525 468 858 521; x_wconf 87' lang='lat' dir='ltr'>florentissime,</span> <span class='ocrx_word' id='word_1_26' title='bbox 902 470 998 511; x_wconf 76' lang='lat' dir='ltr'>illi⁰</span> <span class='ocrx_word' id='word_1_27' title='bbox 1038 471 1382 523; x_wconf 79' lang='lat' dir='ltr'>demonstravit,</span> <span class='ocrx_word' id='word_1_28' title='bbox 1426 487 1668 515; x_wconf 90' lang='lat' dir='ltr'>numerum</span> <span class='ocrx_word' id='word_1_29' title='bbox 1709 487 1854 516; x_wconf 83' lang='lat' dir='ltr'>servo-</span> 
     </span>
     <span class='ocr_line' id='line_1_5' title="bbox 355 527 1853 586; baseline 0.006 -19"><span class='ocrx_word' id='word_1_30' title='bbox 355 541 456 567; x_wconf 85' lang='lat' dir='ltr'>rum</span> <span class='ocrx_word' id='word_1_31' title='bbox 479 527 580 578; x_wconf 83' lang='lat' dir='ltr'>Dei,</span> <span class='ocrx_word' id='word_1_32' title='bbox 616 530 801 569; x_wconf 88' lang='lat' dir='ltr'>centum</span> <span class='ocrx_word' id='word_1_33' title='bbox 822 529 1040 572; x_wconf 86' lang='lat' dir='ltr'>videlicet</span> <span class='ocrx_word' id='word_1_34' title='bbox 1062 531 1398 586; x_wconf 71' lang='lat' dir='ltr'>quinquaginta</span> <span class='ocrx_word' id='word_1_35' title='bbox 1412 533 1438 582; x_wconf 76' lang='lat'>2,</span> <span class='ocrx_word' id='word_1_36' title='bbox 1473 534 1520 574; x_wconf 88' lang='lat' dir='ltr'>et</span> <span class='ocrx_word' id='word_1_37' title='bbox 1540 533 1663 575; x_wconf 85' lang='lat' dir='ltr'>vitae</span> <span class='ocrx_word' id='word_1_38' title='bbox 1695 547 1853 576; x_wconf 84' lang='lat' dir='ltr'>eorum</span> 
     </span>
     <span class='ocr_line' id='line_1_6' title="bbox 354 586 1883 645; baseline 0.005 -19"><span class='ocrx_word' id='word_1_39' title='bbox 354 586 695 628; x_wconf 87' lang='lat' dir='ltr'>institutionem</span> <span class='ocrx_word' id='word_1_40' title='bbox 718 589 941 642; x_wconf 83' lang='lat' dir='ltr'>exposuit.</span> <span class='ocrx_word' id='word_1_41' title='bbox 990 589 1111 631; x_wconf 87' lang='lat' dir='ltr'>Dein</span> <span class='ocrx_word' id='word_1_42' title='bbox 1143 590 1295 631; x_wconf 90' lang='lat' dir='ltr'>locum</span> <span class='ocrx_word' id='word_1_43' title='bbox 1326 591 1478 645; x_wconf 87' lang='lat' dir='ltr'>ipsum</span> <span class='ocrx_word' id='word_1_44' title='bbox 1510 605 1615 633; x_wconf 90' lang='lat' dir='ltr'>cum</span> <span class='ocrx_word' id='word_1_45' title='bbox 1640 593 1883 634; x_wconf 71' lang='lat' dir='ltr'>omnibuses</span> 
     </span>
     <span class='ocr_line' id='line_1_7' title="bbox 356 642 1852 702; baseline 0.005 -17"><span class='ocrx_word' id='word_1_46' title='bbox 356 659 471 698; x_wconf 87' lang='lat' dir='ltr'>quae</span> <span class='ocrx_word' id='word_1_47' title='bbox 482 642 500 668; x_wconf 78' lang='lat'>‘¹</span> <span class='ocrx_word' id='word_1_48' title='bbox 538 646 648 686; x_wconf 90' lang='lat' dir='ltr'>iuris</span> <span class='ocrx_word' id='word_1_49' title='bbox 681 646 778 687; x_wconf 89' lang='lat' dir='ltr'>eius</span> <span class='ocrx_word' id='word_1_50' title='bbox 811 649 963 689; x_wconf 89' lang='lat' dir='ltr'>essent</span> <span class='ocrx_word' id='word_1_51' title='bbox 995 648 1043 688; x_wconf 89' lang='lat' dir='ltr'>in</span> <span class='ocrx_word' id='word_1_52' title='bbox 1075 649 1298 690; x_wconf 75' lang='lat' dir='ltr'>tutelame</span> <span class='ocrx_word' id='word_1_53' title='bbox 1336 650 1462 692; x_wconf 93' lang='lat' dir='ltr'>illius</span> <span class='ocrx_word' id='word_1_54' title='bbox 1500 651 1697 692; x_wconf 73' lang='lat' dir='ltr'>tradidit</span> <span class='ocrx_word' id='word_1_55' title='bbox 1710 651 1738 702; x_wconf 79' lang='lat'>3,</span> <span class='ocrx_word' id='word_1_56' title='bbox 1779 651 1852 693; x_wconf 93' lang='lat' dir='ltr'>ob-</span> 
     </span>
     <span class='ocr_line' id='line_1_8' title="bbox 355 705 1852 765; baseline 0.005 -20"><span class='ocrx_word' id='word_1_57' title='bbox 355 717 548 754; x_wconf 73' lang='lat' dir='ltr'>secrans,</span> <span class='ocrx_word' id='word_1_58' title='bbox 582 707 637 745; x_wconf 91' lang='lat' dir='ltr'>ut</span> <span class='ocrx_word' id='word_1_59' title='bbox 668 705 804 747; x_wconf 88' lang='lat' dir='ltr'>rebus</span> <span class='ocrx_word' id='word_1_60' title='bbox 834 706 1050 748; x_wconf 85' lang='lat' dir='ltr'>invalidis</span> <span class='ocrx_word' id='word_1_61' title='bbox 1083 709 1130 749; x_wconf 90' lang='lat' dir='ltr'>et</span> <span class='ocrx_word' id='word_1_62' title='bbox 1163 708 1409 762; x_wconf 71' lang='lat' dir='ltr'>cupiditati</span> <span class='ocrx_word' id='word_1_63' title='bbox 1441 709 1670 752; x_wconf 84' lang='lat' dir='ltr'>humanae</span> <span class='ocrx_word' id='word_1_64' title='bbox 1702 724 1784 765; x_wconf 90' lang='lat' dir='ltr'>per</span> <span class='ocrx_word' id='word_1_65' title='bbox 1805 724 1852 753; x_wconf 88' lang='lat' dir='ltr'>se</span> 
     </span>
     <span class='ocr_line' id='line_1_9' title="bbox 355 763 1852 820; baseline 0.005 -16"><span class='ocrx_word' id='word_1_66' title='bbox 355 763 571 817; x_wconf 86' lang='lat' dir='ltr'>expositis</span> <span class='ocrx_word' id='word_1_67' title='bbox 604 765 913 818; x_wconf 83' lang='lat' dir='ltr'>patrocinium</span> <span class='ocrx_word' id='word_1_68' title='bbox 944 766 1088 807; x_wconf 85' lang='lat' dir='ltr'>ferret</span> <span class='ocrx_word' id='word_1_69' title='bbox 1121 780 1286 820; x_wconf 87' lang='lat' dir='ltr'>easque</span> <span class='ocrx_word' id='word_1_70' title='bbox 1319 781 1346 808; x_wconf 90' lang='lat' dir='ltr'>a</span> <span class='ocrx_word' id='word_1_71' title='bbox 1366 767 1590 810; x_wconf 88' lang='lat' dir='ltr'>violentia</span> <span class='ocrx_word' id='word_1_72' title='bbox 1611 769 1852 812; x_wconf 84' lang='lat' dir='ltr'>maiestate</span> 
     </span>
     <span class='ocr_line' id='line_1_10' title="bbox 354 823 1852 883; baseline 0.005 -21"><span class='ocrx_word' id='word_1_73' title='bbox 354 823 551 863; x_wconf 89' lang='lat' dir='ltr'>nominis</span> <span class='ocrx_word' id='word_1_74' title='bbox 598 823 669 863; x_wconf 88' lang='lat' dir='ltr'>sui</span> <span class='ocrx_word' id='word_1_75' title='bbox 708 823 979 865; x_wconf 74' lang='lat' dir='ltr'>vindicaret.</span> <span class='ocrx_word' id='word_1_76' title='bbox 1052 824 1186 866; x_wconf 90' lang='lat' dir='ltr'>Hanc</span> <span class='ocrx_word' id='word_1_77' title='bbox 1233 826 1531 868; x_wconf 86' lang='lat' dir='ltr'>traditionem</span> <span class='ocrx_word' id='word_1_78' title='bbox 1573 829 1620 869; x_wconf 86' lang='lat' dir='ltr'>et</span> <span class='ocrx_word' id='word_1_79' title='bbox 1659 828 1852 883; x_wconf 86' lang='lat' dir='ltr'>patroci-</span> 
     </span>
     <span class='ocr_line' id='line_1_11' title="bbox 352 877 1900 940; baseline 0.005 -20"><span class='ocrx_word' id='word_1_80' title='bbox 352 877 523 922; x_wconf 76' lang='lat' dir='ltr'>nandif</span> <span class='ocrx_word' id='word_1_81' title='bbox 560 882 630 922; x_wconf 88' lang='lat' dir='ltr'>ius</span> <span class='ocrx_word' id='word_1_82' title='bbox 664 883 842 923; x_wconf 90' lang='lat' dir='ltr'>cunctis</span> <span class='ocrx_word' id='word_1_83' title='bbox 876 883 1090 938; x_wconf 81' lang='lat' dir='ltr'>deinceps</span> <span class='ocrx_word' id='word_1_84' title='bbox 1132 884 1180 924; x_wconf 89' lang='lat' dir='ltr'>in</span> <span class='ocrx_word' id='word_1_85' title='bbox 1212 885 1377 926; x_wconf 91' lang='lat' dir='ltr'>solium</span> <span class='ocrx_word' id='word_1_86' title='bbox 1409 886 1541 940; x_wconf 85' lang='lat' dir='ltr'>regni</span> <span class='ocrx_word' id='word_1_87' title='bbox 1572 887 1853 929; x_wconf 85' lang='lat' dir='ltr'>succedenti-</span> <span class='ocrx_word' id='word_1_88' title='bbox 1867 902 1900 928; x_wconf 86' lang='lat'>10</span> 
     </span>
     <span class='ocr_line' id='line_1_12' title="bbox 354 939 1852 988; baseline 0.005 -8"><span class='ocrx_word' id='word_1_89' title='bbox 354 939 438 980; x_wconf 90' lang='lat' dir='ltr'>bus</span> <span class='ocrx_word' id='word_1_90' title='bbox 479 942 631 980; x_wconf 89' lang='lat' dir='ltr'>ratum</span> <span class='ocrx_word' id='word_1_91' title='bbox 670 954 854 983; x_wconf 89' lang='lat' dir='ltr'>manere</span> <span class='ocrx_word' id='word_1_92' title='bbox 893 943 1072 983; x_wconf 83' lang='lat' dir='ltr'>statuit.</span> <span class='ocrx_word' id='word_1_93' title='bbox 1135 943 1233 985; x_wconf 89' lang='lat' dir='ltr'>Nec</span> <span class='ocrx_word' id='word_1_94' title='bbox 1264 946 1422 986; x_wconf 89' lang='lat' dir='ltr'>tamen</span> <span class='ocrx_word' id='word_1_95' title='bbox 1453 945 1541 987; x_wconf 90' lang='lat' dir='ltr'>hoc</span> <span class='ocrx_word' id='word_1_96' title='bbox 1573 946 1709 987; x_wconf 86' lang='lat' dir='ltr'>modo</span> <span class='ocrx_word' id='word_1_97' title='bbox 1741 946 1852 988; x_wconf 84' lang='lat' dir='ltr'>satis</span> 
     </span>
     <span class='ocr_line' id='line_1_13' title="bbox 353 999 1852 1060; baseline 0.006 -22"><span class='ocrx_word' id='word_1_98' title='bbox 353 999 657 1040; x_wconf 66' lang='lat' dir='ltr'>firmamenti(3</span> <span class='ocrx_word' id='word_1_99' title='bbox 697 1013 743 1041; x_wconf 87' lang='lat' dir='ltr'>se</span> <span class='ocrx_word' id='word_1_100' title='bbox 774 1000 911 1042; x_wconf 85' lang='lat' dir='ltr'>rebus</span> <span class='ocrx_word' id='word_1_101' title='bbox 945 1001 1193 1043; x_wconf 84' lang='lat' dir='ltr'>contulisse</span> <span class='ocrx_word' id='word_1_102' title='bbox 1226 1003 1553 1045; x_wconf 83' lang='lat' dir='ltr'>arbitrabatur.</span> <span class='ocrx_word' id='word_1_103' title='bbox 1601 1005 1733 1047; x_wconf 86' lang='lat' dir='ltr'>Mens</span> <span class='ocrx_word' id='word_1_104' title='bbox 1754 1019 1852 1060; x_wconf 88' lang='lat' dir='ltr'>pro·</span> 
     </span>
     <span class='ocr_line' id='line_1_14' title="bbox 352 1057 1851 1112; baseline 0.005 -15"><span class='ocrx_word' id='word_1_105' title='bbox 352 1057 459 1098; x_wconf 87' lang='lat' dir='ltr'>vida</span> <span class='ocrx_word' id='word_1_106' title='bbox 490 1060 536 1099; x_wconf 87' lang='lat' dir='ltr'>et</span> <span class='ocrx_word' id='word_1_107' title='bbox 568 1058 871 1100; x_wconf 89' lang='lat' dir='ltr'>immoderato</span> <span class='ocrx_word' id='word_1_108' title='bbox 913 1074 1066 1102; x_wconf 90' lang='lat' dir='ltr'>amore</span> <span class='ocrx_word' id='word_1_109' title='bbox 1107 1061 1197 1103; x_wconf 90' lang='lat' dir='ltr'>loci</span> <span class='ocrx_word' id='word_1_110' title='bbox 1238 1063 1403 1112; x_wconf 84' lang='lat' dir='ltr'>omnia,</span> <span class='ocrx_word' id='word_1_111' title='bbox 1443 1063 1583 1105; x_wconf 86' lang='lat' dir='ltr'>etia-m</span> <span class='ocrx_word' id='word_1_112' title='bbox 1623 1065 1728 1105; x_wconf 90' lang='lat' dir='ltr'>tuta</span> <span class='ocrx_word' id='word_1_113' title='bbox 1764 1063 1851 1105; x_wconf 79' lang='lat' dir='ltr'>for-</span> 
     </span>
     <span class='ocr_line' id='line_1_15' title="bbox 353 1117 1850 1175; baseline 0.006 -19"><span class='ocrx_word' id='word_1_114' title='bbox 353 1117 544 1166; x_wconf 79' lang='lat' dir='ltr'>midans,</span> <span class='ocrx_word' id='word_1_115' title='bbox 578 1117 696 1158; x_wconf 88' lang='lat' dir='ltr'>nihil</span> <span class='ocrx_word' id='word_1_116' title='bbox 729 1119 840 1159; x_wconf 86' lang='lat' dir='ltr'>satis</span> <span class='ocrx_word' id='word_1_117' title='bbox 873 1119 1056 1160; x_wconf 89' lang='lat' dir='ltr'>firmum</span> <span class='ocrx_word' id='word_1_118' title='bbox 1082 1120 1310 1175; x_wconf 68' lang='lat' dir='ltr'>satisque⁸</span> <span class='ocrx_word' id='word_1_119' title='bbox 1338 1122 1567 1163; x_wconf 89' lang='lat' dir='ltr'>munitum</span> <span class='ocrx_word' id='word_1_120' title='bbox 1591 1123 1850 1165; x_wconf 88' lang='lat' dir='ltr'>estimabat.</span> 
     </span>
    </p>
   </div>
   <div class='ocr_carea' id='block_1_3' title="bbox 306 1175 1899 1224">
    <p class='ocr_par' dir='ltr' id='par_1_3' title="bbox 306 1175 1899 1224">
     <span class='ocr_line' id='line_1_16' title="bbox 306 1175 1899 1224; baseline 0.005 -9"><span class='ocrx_word' id='word_1_121' title='bbox 306 1175 544 1216; x_wconf 63' lang='lat' dir='ltr'>..Multis4</span> <span class='ocrx_word' id='word_1_122' title='bbox 577 1176 738 1218; x_wconf 88' lang='lat' dir='ltr'>diebus</span> <span class='ocrx_word' id='word_1_123' title='bbox 771 1178 942 1219; x_wconf 87' lang='lat' dir='ltr'>exactis</span> <span class='ocrx_word' id='word_1_124' title='bbox 975 1179 1162 1220; x_wconf 89' lang='lat' dir='ltr'>sinodus</span> <span class='ocrx_word' id='word_1_125' title='bbox 1194 1180 1371 1222; x_wconf 89' lang='lat' dir='ltr'>indicta</span> <span class='ocrx_word' id='word_1_126' title='bbox 1402 1183 1472 1223; x_wconf 88' lang='lat' dir='ltr'>est</span> <span class='ocrx_word' id='word_1_127' title='bbox 1512 1181 1561 1222; x_wconf 91' lang='lat' dir='ltr'>in</span> <span class='ocrx_word' id='word_1_128' title='bbox 1592 1181 1745 1224; x_wconf 89' lang='lat' dir='ltr'>locum</span> <span class='ocrx_word' id='word_1_129' title='bbox 1777 1182 1852 1224; x_wconf 82' lang='lat' dir='ltr'>cui</span> <span class='ocrx_word' id='word_1_130' title='bbox 1866 1197 1899 1223; x_wconf 80' lang='lat'>15</span> 
     </span>
    </p>
   </div>
   <div class='ocr_carea' id='block_1_4' title="bbox 347 1235 1897 2060">
    <p class='ocr_par' dir='ltr' id='par_1_4' title="bbox 347 1235 1897 2060">
     <span class='ocr_line' id='line_1_17' title="bbox 353 1235 1850 1296; baseline 0.005 -22"><span class='ocrx_word' id='word_1_131' title='bbox 353 1249 518 1276; x_wconf 88' lang='lat' dir='ltr'>nomen</span> <span class='ocrx_word' id='word_1_132' title='bbox 551 1237 620 1277; x_wconf 86' lang='lat' dir='ltr'>est</span> <span class='ocrx_word' id='word_1_133' title='bbox 654 1235 923 1278; x_wconf 85' lang='lat' dir='ltr'>Carisiacus.</span> <span class='ocrx_word' id='word_1_134' title='bbox 988 1237 1055 1278; x_wconf 84' lang='grc' dir='ltr'><strong>Εό</strong></span> <span class='ocrx_word' id='word_1_135' title='bbox 1093 1239 1360 1292; x_wconf 79' lang='lat' dir='ltr'>frequentes</span> <span class='ocrx_word' id='word_1_136' title='bbox 1399 1254 1651 1283; x_wconf 84' lang='lat' dir='ltr'>convenere</span> <span class='ocrx_word' id='word_1_137' title='bbox 1688 1241 1850 1296; x_wconf 87' lang='lat' dir='ltr'>princi-</span> 
     </span>
     <span class='ocr_line' id='line_1_18' title="bbox 351 1294 1850 1354; baseline 0.005 -20"><span class='ocrx_word' id='word_1_138' title='bbox 351 1307 430 1348; x_wconf 88' lang='lat' dir='ltr'>pes</span> <span class='ocrx_word' id='word_1_139' title='bbox 471 1294 620 1335; x_wconf 90' lang='lat' dir='ltr'>tocius</span> <span class='ocrx_word' id='word_1_140' title='bbox 660 1294 853 1337; x_wconf 83' lang='lat' dir='ltr'>Galliae.</span> <span class='ocrx_word' id='word_1_141' title='bbox 923 1296 1029 1351; x_wconf 90' lang='lat' dir='ltr'>Ipse</span> <span class='ocrx_word' id='word_1_142' title='bbox 1070 1311 1249 1351; x_wconf 91' lang='lat' dir='ltr'>quoque</span> <span class='ocrx_word' id='word_1_143' title='bbox 1291 1298 1491 1340; x_wconf 86' lang='lat' dir='ltr'>Karolus</span> <span class='ocrx_word' id='word_1_144' title='bbox 1533 1300 1591 1340; x_wconf 89' lang='lat' dir='ltr'>ad</span> <span class='ocrx_word' id='word_1_145' title='bbox 1632 1300 1850 1354; x_wconf 87' lang='lat' dir='ltr'>cognitio-</span> 
     </span>
     <span class='ocr_line' id='line_1_19' title="bbox 351 1350 1849 1415; baseline 0.005 -22"><span class='ocrx_word' id='word_1_146' title='bbox 351 1356 486 1394; x_wconf 75' lang='lat' dir='ltr'>nemg</span> <span class='ocrx_word' id='word_1_147' title='bbox 521 1350 990 1395; x_wconf 83' lang='lat' dir='ltr'>aecclesiasticaru1n¹¹</span> <span class='ocrx_word' id='word_1_148' title='bbox 1018 1369 1258 1397; x_wconf 89' lang='lat' dir='ltr'>causarum</span> <span class='ocrx_word' id='word_1_149' title='bbox 1291 1358 1474 1399; x_wconf 87' lang='lat' dir='ltr'>assedit.</span> <span class='ocrx_word' id='word_1_150' title='bbox 1523 1358 1598 1399; x_wconf 91' lang='lat' dir='ltr'>Ibi</span> <span class='ocrx_word' id='word_1_151' title='bbox 1629 1359 1849 1415; x_wconf 90' lang='lat' dir='ltr'>archiepi-</span> 
     </span>
     <span class='ocr_line' id='line_1_20' title="bbox 351 1411 1849 1466; baseline 0.006 -15"><span class='ocrx_word' id='word_1_152' title='bbox 351 1425 514 1466; x_wconf 90' lang='lat' dir='ltr'>scopus</span> <span class='ocrx_word' id='word_1_153' title='bbox 547 1414 652 1466; x_wconf 90' lang='lat' dir='ltr'>post</span> <span class='ocrx_word' id='word_1_154' title='bbox 684 1412 787 1461; x_wconf 80' lang='lat' dir='ltr'>alia,</span> <span class='ocrx_word' id='word_1_155' title='bbox 822 1427 1015 1466; x_wconf 91' lang='lat' dir='ltr'>quorum</span> <span class='ocrx_word' id='word_1_156' title='bbox 1049 1428 1186 1456; x_wconf 89' lang='lat' dir='ltr'>causa</span> <span class='ocrx_word' id='word_1_157' title='bbox 1218 1411 1354 1457; x_wconf 85' lang='lat' dir='ltr'>haeci</span> <span class='ocrx_word' id='word_1_158' title='bbox 1386 1416 1557 1458; x_wconf 89' lang='lat' dir='ltr'>indicio</span> <span class='ocrx_word' id='word_1_159' title='bbox 1589 1413 1711 1458; x_wconf 80' lang='lat' dir='ltr'>fuitk</span> <span class='ocrx_word' id='word_1_160' title='bbox 1738 1418 1849 1460; x_wconf 86' lang='lat' dir='ltr'>cele-</span> 
     </span>
     <span class='ocr_line' id='line_1_21' title="bbox 350 1470 1897 1530; baseline 0.004 -19"><span class='ocrx_word' id='word_1_161' title='bbox 350 1470 496 1517; x_wconf 66' lang='lat' dir='ltr'>brata,</span> <span class='ocrx_word' id='word_1_162' title='bbox 531 1484 786 1513; x_wconf 86' lang='lat' dir='ltr'>sermonem</span> <span class='ocrx_word' id='word_1_163' title='bbox 809 1472 864 1513; x_wconf 88' lang='lat' dir='ltr'>de</span> <span class='ocrx_word' id='word_1_164' title='bbox 888 1474 1165 1515; x_wconf 87' lang='lat' dir='ltr'>monasterio</span> <span class='ocrx_word' id='word_1_165' title='bbox 1188 1487 1269 1515; x_wconf 88' lang='lat' dir='ltr'>suo</span> <span class='ocrx_word' id='word_1_166' title='bbox 1292 1475 1482 1516; x_wconf 87' lang='lat' dir='ltr'>orditur.</span> <span class='ocrx_word' id='word_1_167' title='bbox 1532 1475 1590 1517; x_wconf 90' lang='lat' dir='ltr'>Id</span> <span class='ocrx_word' id='word_1_168' title='bbox 1612 1477 1848 1530; x_wconf 85' lang='lat' dir='ltr'>exquisitis</span> <span class='ocrx_word' id='word_1_169' title='bbox 1862 1493 1897 1517; x_wconf 80' lang='lat'>20</span> 
     </span>
     <span class='ocr_line' id='line_1_22' title="bbox 351 1529 1847 1590; baseline 0.005 -21"><span class='ocrx_word' id='word_1_170' title='bbox 351 1529 561 1583; x_wconf 90' lang='lat' dir='ltr'>precibus</span> <span class='ocrx_word' id='word_1_171' title='bbox 595 1544 698 1571; x_wconf 90' lang='lat' dir='ltr'>cum</span> <span class='ocrx_word' id='word_1_172' title='bbox 721 1531 924 1571; x_wconf 89' lang='lat' dir='ltr'>omnium</span> <span class='ocrx_word' id='word_1_173' title='bbox 958 1532 1037 1585; x_wconf 91' lang='lat' dir='ltr'>qui</span> <span class='ocrx_word' id='word_1_174' title='bbox 1067 1534 1222 1586; x_wconf 86' lang='lat' dir='ltr'>presto</span> <span class='ocrx_word' id='word_1_175' title='bbox 1255 1536 1398 1583; x_wconf 75' lang='lat' dir='ltr'>erant,</span> <span class='ocrx_word' id='word_1_176' title='bbox 1431 1536 1533 1575; x_wconf 89' lang='lat' dir='ltr'>tum</span> <span class='ocrx_word' id='word_1_177' title='bbox 1559 1535 1847 1590; x_wconf 85' lang='lat' dir='ltr'>potissimum</span> 
     </span>
     <span class='ocr_line' id='line_1_23' title="bbox 349 1588 1847 1648; baseline 0.005 -20"><span class='ocrx_word' id='word_1_178' title='bbox 349 1588 468 1642; x_wconf 82' lang='lat' dir='ltr'>regis</span> <span class='ocrx_word' id='word_1_179' title='bbox 510 1589 618 1630; x_wconf 89' lang='lat' dir='ltr'>fidei</span> <span class='ocrx_word' id='word_1_180' title='bbox 656 1590 959 1631; x_wconf 87' lang='lat' dir='ltr'>commendat.</span> <span class='ocrx_word' id='word_1_181' title='bbox 1022 1591 1097 1632; x_wconf 90' lang='lat' dir='ltr'>Ad</span> <span class='ocrx_word' id='word_1_182' title='bbox 1128 1591 1467 1646; x_wconf 89' lang='lat' dir='ltr'>impetrandam</span> <span class='ocrx_word' id='word_1_183' title='bbox 1498 1607 1678 1648; x_wconf 90' lang='lat' dir='ltr'>quoque</span> <span class='ocrx_word' id='word_1_184' title='bbox 1709 1595 1847 1636; x_wconf 87' lang='lat' dir='ltr'>rebus</span> 
     </span>
     <span class='ocr_line' id='line_1_24' title="bbox 350 1648 1846 1708; baseline 0.005 -21"><span class='ocrx_word' id='word_1_185' title='bbox 350 1660 509 1701; x_wconf 89' lang='lat' dir='ltr'>pacem</span> <span class='ocrx_word' id='word_1_186' title='bbox 540 1648 694 1702; x_wconf 82' lang='lat' dir='ltr'>regale</span> <span class='ocrx_word' id='word_1_187' title='bbox 727 1649 934 1702; x_wconf 88' lang='lat' dir='ltr'>postulat</span> <span class='ocrx_word' id='word_1_188' title='bbox 966 1650 1182 1691; x_wconf 90' lang='lat' dir='ltr'>edictum.</span> <span class='ocrx_word' id='word_1_189' title='bbox 1231 1648 1371 1692; x_wconf 79' lang='lat' dir='ltr'>Tuml</span> <span class='ocrx_word' id='word_1_190' title='bbox 1402 1665 1493 1702; x_wconf 79' lang='lat' dir='ltr'>rcX‚</span> <span class='ocrx_word' id='word_1_191' title='bbox 1528 1653 1706 1695; x_wconf 89' lang='lat' dir='ltr'>cunctis</span> <span class='ocrx_word' id='word_1_192' title='bbox 1727 1654 1846 1708; x_wconf 89' lang='lat' dir='ltr'>prin-</span> 
     </span>
     <span class='ocr_line' id='line_1_25' title="bbox 350 1706 1846 1767; baseline 0.005 -21"><span class='ocrx_word' id='word_1_193' title='bbox 350 1706 528 1760; x_wconf 88' lang='lat' dir='ltr'>cipibus</span> <span class='ocrx_word' id='word_1_194' title='bbox 559 1707 607 1746; x_wconf 89' lang='lat' dir='ltr'>in</span> <span class='ocrx_word' id='word_1_195' title='bbox 640 1707 919 1748; x_wconf 88' lang='lat' dir='ltr'>sententiam</span> <span class='ocrx_word' id='word_1_196' title='bbox 951 1709 1048 1750; x_wconf 89' lang='lat' dir='ltr'>eius</span> <span class='ocrx_word' id='word_1_197' title='bbox 1071 1723 1094 1750; x_wconf 94' lang='lat' dir='ltr'>e</span> <span class='ocrx_word' id='word_1_198' title='bbox 1116 1710 1311 1764; x_wconf 85' lang='lat' dir='ltr'>vestigio</span> <span class='ocrx_word' id='word_1_199' title='bbox 1344 1711 1622 1753; x_wconf 87' lang='lat' dir='ltr'>abeuntibus</span> <span class='ocrx_word' id='word_1_200' title='bbox 1636 1711 1663 1761; x_wconf 81' lang='lat'>⁵,</span> <span class='ocrx_word' id='word_1_201' title='bbox 1697 1711 1846 1767; x_wconf 87' lang='lat' dir='ltr'>legem</span> 
     </span>
     <span class='ocr_line' id='line_1_26' title="bbox 348 1765 1894 1824; baseline 0.005 -19"><span class='ocrx_word' id='word_1_202' title='bbox 348 1765 460 1805; x_wconf 88' lang='lat' dir='ltr'>tulit</span> <span class='ocrx_word' id='word_1_203' title='bbox 491 1767 730 1819; x_wconf 89' lang='lat' dir='ltr'>ratamque</span> <span class='ocrx_word' id='word_1_204' title='bbox 762 1766 861 1808; x_wconf 82' lang='lat' dir='ltr'>fore</span> <span class='ocrx_word' id='word_1_205' title='bbox 873 1770 903 1789; x_wconf 81' lang='lat'>¹¹¹</span> <span class='ocrx_word' id='word_1_206' title='bbox 935 1767 983 1808; x_wconf 91' lang='lat' dir='ltr'>in</span> <span class='ocrx_word' id='word_1_207' title='bbox 1015 1770 1289 1822; x_wconf 91' lang='lat' dir='ltr'>perpetuum</span> <span class='ocrx_word' id='word_1_208' title='bbox 1320 1770 1467 1820; x_wconf 75' lang='lat' dir='ltr'>iussit,</span> <span class='ocrx_word' id='word_1_209' title='bbox 1501 1784 1559 1812; x_wconf 89' lang='lat' dir='ltr'>ne</span> <span class='ocrx_word' id='word_1_210' title='bbox 1591 1771 1692 1824; x_wconf 85' lang='lat' dir='ltr'>quis</span> <span class='ocrx_word' id='word_1_211' title='bbox 1725 1771 1846 1813; x_wconf 88' lang='lat' dir='ltr'>dein-</span> <span class='ocrx_word' id='word_1_212' title='bbox 1859 1786 1894 1812; x_wconf 80' lang='lat'>25</span> 
     </span>
     <span class='ocr_line' id='line_1_27' title="bbox 349 1825 1846 1884; baseline 0.005 -20"><span class='ocrx_word' id='word_1_213' title='bbox 349 1837 453 1878; x_wconf 87' lang='lat' dir='ltr'>ceps</span> <span class='ocrx_word' id='word_1_214' title='bbox 487 1825 665 1878; x_wconf 85' lang='lat' dir='ltr'>privato</span> <span class='ocrx_word' id='word_1_215' title='bbox 696 1826 893 1875; x_wconf 79' lang='lat' dir='ltr'>nomine,</span> <span class='ocrx_word' id='word_1_216' title='bbox 927 1840 984 1868; x_wconf 88' lang='grc'>110</span> <span class='ocrx_word' id='word_1_217' title='bbox 1017 1827 1118 1880; x_wconf 91' lang='lat' dir='ltr'>quis</span> <span class='ocrx_word' id='word_1_218' title='bbox 1150 1827 1363 1882; x_wconf 88' lang='lat' dir='ltr'>publicae</span> <span class='ocrx_word' id='word_1_219' title='bbox 1386 1829 1627 1883; x_wconf 88' lang='lat' dir='ltr'>dignitatis</span> <span class='ocrx_word' id='word_1_220' title='bbox 1649 1832 1846 1884; x_wconf 89' lang='lat' dir='ltr'>optentu</span> 
     </span>
     <span class='ocr_line' id='line_1_28' title="bbox 347 1883 1842 1944; baseline 0.005 -21"><span class='ocrx_word' id='word_1_221' title='bbox 347 1883 439 1923; x_wconf 86' lang='lat' dir='ltr'>vim</span> <span class='ocrx_word' id='word_1_222' title='bbox 478 1883 679 1937; x_wconf 89' lang='lat' dir='ltr'>aliquam</span> <span class='ocrx_word' id='word_1_223' title='bbox 718 1883 818 1925; x_wconf 91' lang='lat' dir='ltr'>loco</span> <span class='ocrx_word' id='word_1_224' title='bbox 850 1884 921 1925; x_wconf 86' lang='lat' dir='ltr'>illi</span> <span class='ocrx_word' id='word_1_225' title='bbox 952 1885 1147 1936; x_wconf 81' lang='lat' dir='ltr'>faceret3</span> <span class='ocrx_word' id='word_1_226' title='bbox 1190 1900 1283 1928; x_wconf 89' lang='lat' dir='ltr'>non</span> <span class='ocrx_word' id='word_1_227' title='bbox 1323 1901 1414 1935; x_wconf 74' lang='lat' dir='ltr'>rex,</span> <span class='ocrx_word' id='word_1_228' title='bbox 1457 1902 1550 1929; x_wconf 86' lang='lat' dir='ltr'>non</span> <span class='ocrx_word' id='word_1_229' title='bbox 1591 1889 1842 1944; x_wconf 85' lang='lat' dir='ltr'>episcopus⁷</span> 
     </span>
     <span class='ocr_line' id='line_1_29' title="bbox 347 1942 1843 2001; baseline 0.005 -20"><span class='ocrx_word' id='word_1_230' title='bbox 347 1955 439 1982; x_wconf 86' lang='lat' dir='ltr'>non</span> <span class='ocrx_word' id='word_1_231' title='bbox 473 1942 627 1996; x_wconf 89' lang='lat' dir='ltr'>aliqua</span> <span class='ocrx_word' id='word_1_232' title='bbox 659 1943 862 1984; x_wconf 89' lang='lat' dir='ltr'>eminens</span> <span class='ocrx_word' id='word_1_233' title='bbox 894 1944 943 1984; x_wconf 88' lang='lat' dir='ltr'>in</span> <span class='ocrx_word' id='word_1_234' title='bbox 964 1958 1106 1998; x_wconf 83' lang='lat' dir='ltr'>regno</span> <span class='ocrx_word' id='word_1_235' title='bbox 1139 1959 1334 1999; x_wconf 88' lang='lat' dir='ltr'>persona</span> <span class='ocrx_word' id='word_1_236' title='bbox 1364 1946 1430 1987; x_wconf 89' lang='lat' dir='ltr'>ibi</span> <span class='ocrx_word' id='word_1_237' title='bbox 1461 1947 1710 2001; x_wconf 88' lang='lat' dir='ltr'>quidquam</span> <span class='ocrx_word' id='word_1_238' title='bbox 1731 1947 1843 1989; x_wconf 86' lang='lat' dir='ltr'>iuris</span> 
     </span>
     <span class='ocr_line' id='line_1_30' title="bbox 348 2000 1843 2060; baseline 0.006 -21"><span class='ocrx_word' id='word_1_239' title='bbox 348 2000 435 2041; x_wconf 87' lang='lat' dir='ltr'>sibi</span> <span class='ocrx_word' id='word_1_240' title='bbox 475 2004 739 2054; x_wconf 88' lang='lat' dir='ltr'>usurparet;</span> <span class='ocrx_word' id='word_1_241' title='bbox 784 2003 970 2043; x_wconf 89' lang='lat' dir='ltr'>creandi</span> <span class='ocrx_word' id='word_1_242' title='bbox 1011 2003 1192 2045; x_wconf 90' lang='lat' dir='ltr'>abbatis</span> <span class='ocrx_word' id='word_1_243' title='bbox 1233 2005 1475 2046; x_wconf 89' lang='lat' dir='ltr'>arbitrium</span> <span class='ocrx_word' id='word_1_244' title='bbox 1516 2019 1655 2060; x_wconf 91' lang='lat' dir='ltr'>penes</span> <span class='ocrx_word' id='word_1_245' title='bbox 1694 2020 1843 2048; x_wconf 89' lang='lat' dir='ltr'>mona-</span> 
     </span>
    </p>
   </div>
   <div class='ocr_carea' id='block_1_5' title="bbox 349 2136 1890 2176">
    <p class='ocr_par' dir='ltr' id='par_1_5' title="bbox 349 2136 1890 2176">
     <span class='ocr_line' id='line_1_31' title="bbox 349 2136 1890 2176; baseline 0.006 -16"><span class='ocrx_word' id='word_1_246' title='bbox 349 2136 377 2169; x_wconf 83' lang='lat' dir='ltr'>a)</span> <span class='ocrx_word' id='word_1_247' title='bbox 397 2144 454 2167; x_wconf 81' lang='lat' dir='ltr'>que</span> <span class='ocrx_word' id='word_1_248' title='bbox 472 2144 613 2168; x_wconf 64' lang='lat' dir='ltr'>superse-r,</span> <span class='ocrx_word' id='word_1_249' title='bbox 627 2139 651 2164; x_wconf 88' lang='lat'>1.</span> <span class='ocrx_word' id='word_1_250' title='bbox 707 2138 736 2168; x_wconf 90' lang='lat' dir='ltr'>b)</span> <span class='ocrx_word' id='word_1_251' title='bbox 756 2139 836 2162; x_wconf 77' lang='lat' dir='ltr'>uncis</span> <span class='ocrx_word' id='word_1_252' title='bbox 854 2139 966 2164; x_wconf 72' lang='lat' dir='ltr'>inclusa</span> <span class='ocrx_word' id='word_1_253' title='bbox 985 2141 1014 2164; x_wconf 77' lang='lat' dir='ltr'>in</span> <span class='ocrx_word' id='word_1_254' title='bbox 1033 2142 1094 2165; x_wconf 76' lang='lat' dir='ltr'>solo</span> <span class='ocrx_word' id='word_1_255' title='bbox 1114 2142 1173 2168; x_wconf 81' lang='lat' dir='ltr'>cod.</span> <span class='ocrx_word' id='word_1_256' title='bbox 1186 2142 1228 2173; x_wconf 68' lang='lat'>28,</span> <span class='ocrx_word' id='word_1_257' title='bbox 1249 2143 1349 2167; x_wconf 71' lang='lat' dir='ltr'>desunt</span> <span class='ocrx_word' id='word_1_258' title='bbox 1363 2144 1386 2168; x_wconf 85' lang='lat'>1.</span> <span class='ocrx_word' id='word_1_259' title='bbox 1401 2143 1477 2174; x_wconf 63' lang='lat' dir='ltr'>lwb,</span> <span class='ocrx_word' id='word_1_260' title='bbox 1498 2144 1547 2168; x_wconf 78' lang='lat' dir='ltr'>sed</span> <span class='ocrx_word' id='word_1_261' title='bbox 1565 2145 1710 2176; x_wconf 81' lang='lat' dir='ltr'>quoddam</span> <span class='ocrx_word' id='word_1_262' title='bbox 1728 2145 1841 2176; x_wconf 62' lang='lat' dir='ltr'>signum</span> <span class='ocrx_word' id='word_1_263' title='bbox 1855 2147 1890 2172; x_wconf 85' lang='lat'>30</span> 
     </span>
    </p>
   </div>
   <div class='ocr_carea' id='block_1_6' title="bbox 348 2172 1842 2311">
    <p class='ocr_par' dir='ltr' id='par_1_6' title="bbox 348 2172 1842 2311">
     <span class='ocr_line' id='line_1_32' title="bbox 349 2172 1842 2215; baseline 0.006 -20"><span class='ocrx_word' id='word_1_264' title='bbox 349 2172 373 2202; x_wconf 83' lang='lat' dir='ltr'>Q</span> <span class='ocrx_word' id='word_1_265' title='bbox 392 2179 533 2203; x_wconf 72' lang='lat' dir='ltr'>superscr.</span> <span class='ocrx_word' id='word_1_266' title='bbox 548 2174 572 2204; x_wconf 89' lang='lat'>1,</span> <span class='ocrx_word' id='word_1_267' title='bbox 593 2174 668 2204; x_wconf 77' lang='lat' dir='ltr'>quod</span> <span class='ocrx_word' id='word_1_268' title='bbox 687 2174 795 2198; x_wconf 76' lang='lat' dir='ltr'>indicat</span> <span class='ocrx_word' id='word_1_269' title='bbox 816 2174 916 2205; x_wconf 76' lang='lat' dir='ltr'>aliqua</span> <span class='ocrx_word' id='word_1_270' title='bbox 937 2176 1070 2200; x_wconf 80' lang='lat' dir='ltr'>addenda</span> <span class='ocrx_word' id='word_1_271' title='bbox 1089 2177 1186 2206; x_wconf 71' lang='lat' dir='ltr'>fuisse.</span> <span class='ocrx_word' id='word_1_272' title='bbox 1251 2179 1277 2208; x_wconf 91' lang='lat' dir='ltr'>c)</span> <span class='ocrx_word' id='word_1_273' title='bbox 1295 2185 1436 2209; x_wconf 76' lang='lat' dir='ltr'>superscr.</span> <span class='ocrx_word' id='word_1_274' title='bbox 1451 2180 1475 2205; x_wconf 81' lang='lat'>1.</span> <span class='ocrx_word' id='word_1_275' title='bbox 1540 2179 1570 2210; x_wconf 89' lang='lat' dir='ltr'>d)</span> <span class='ocrx_word' id='word_1_276' title='bbox 1590 2178 1648 2215; x_wconf 56' lang='lat' dir='ltr'>qu}</span> <span class='ocrx_word' id='word_1_277' title='bbox 1668 2181 1692 2207; x_wconf 86' lang='lat'>1.</span> <span class='ocrx_word' id='word_1_278' title='bbox 1753 2181 1781 2211; x_wconf 82' lang='lat' dir='ltr'>e)</span> <span class='ocrx_word' id='word_1_279' title='bbox 1800 2179 1842 2207; x_wconf 88' lang='lat' dir='ltr'>ill.</span> 
     </span>
     <span class='ocr_line' id='line_1_33' title="bbox 348 2209 1840 2248; baseline 0.005 -16"><span class='ocrx_word' id='word_1_280' title='bbox 348 2211 402 2234; x_wconf 80' lang='lat' dir='ltr'>tut.</span> <span class='ocrx_word' id='word_1_281' title='bbox 422 2215 498 2235; x_wconf 80' lang='lat' dir='ltr'>corr.</span> <span class='ocrx_word' id='word_1_282' title='bbox 519 2211 572 2235; x_wconf 83' lang='lat' dir='ltr'>tut..</span> <span class='ocrx_word' id='word_1_283' title='bbox 593 2209 633 2235; x_wconf 85' lang='lat' dir='ltr'>ill.</span> <span class='ocrx_word' id='word_1_284' title='bbox 653 2209 758 2233; x_wconf 67' lang='lat' dir='ltr'>litteris</span> <span class='ocrx_word' id='word_1_285' title='bbox 776 2209 803 2236; x_wconf 85' lang='lat' dir='ltr'>b.</span> <span class='ocrx_word' id='word_1_286' title='bbox 823 2216 841 2234; x_wconf 84' lang='lat' dir='ltr'>a</span> <span class='ocrx_word' id='word_1_287' title='bbox 860 2211 1071 2242; x_wconf 75' lang='lat' dir='ltr'>superscriptis,</span> <span class='ocrx_word' id='word_1_288' title='bbox 1095 2212 1144 2235; x_wconf 75' lang='lat' dir='ltr'>sed</span> <span class='ocrx_word' id='word_1_289' title='bbox 1163 2213 1255 2236; x_wconf 61' lang='lat' dir='ltr'>erasis</span> <span class='ocrx_word' id='word_1_290' title='bbox 1275 2214 1305 2244; x_wconf 75' lang='lat'>13</span> <span class='ocrx_word' id='word_1_291' title='bbox 1337 2217 1390 2240; x_wconf 79' lang='lat' dir='ltr'>tut.</span> <span class='ocrx_word' id='word_1_292' title='bbox 1411 2214 1452 2241; x_wconf 79' lang='lat' dir='ltr'>ill.</span> <span class='ocrx_word' id='word_1_293' title='bbox 1472 2213 1548 2241; x_wconf 49' lang='grc' dir='ltr'>ΗΛ),</span> <span class='ocrx_word' id='word_1_294' title='bbox 1568 2215 1610 2242; x_wconf 70' lang='lat'>2¹².</span> <span class='ocrx_word' id='word_1_295' title='bbox 1700 2215 1723 2248; x_wconf 83' lang='lat' dir='ltr'>f)</span> <span class='ocrx_word' id='word_1_296' title='bbox 1742 2218 1840 2247; x_wconf 80' lang='lat' dir='ltr'>patro-</span> 
     </span>
     <span class='ocr_line' id='line_1_34' title="bbox 348 2242 1841 2281; baseline 0.005 -14"><span class='ocrx_word' id='word_1_297' title='bbox 348 2242 440 2268; x_wconf 76' lang='lat' dir='ltr'>nandi</span> <span class='ocrx_word' id='word_1_298' title='bbox 460 2251 535 2270; x_wconf 80' lang='lat' dir='ltr'>corr.</span> <span class='ocrx_word' id='word_1_299' title='bbox 555 2244 761 2275; x_wconf 80' lang='lat' dir='ltr'>patrocinandi</span> <span class='ocrx_word' id='word_1_300' title='bbox 782 2246 804 2271; x_wconf 92' lang='lat'>1.</span> <span class='ocrx_word' id='word_1_301' title='bbox 878 2247 908 2276; x_wconf 89' lang='lat' dir='ltr'>g)</span> <span class='ocrx_word' id='word_1_302' title='bbox 928 2245 1016 2275; x_wconf 62' lang='lat' dir='ltr'>Eguit,</span> <span class='ocrx_word' id='word_1_303' title='bbox 1039 2247 1061 2272; x_wconf 83' lang='lat'>1.</span> <span class='ocrx_word' id='word_1_304' title='bbox 1127 2247 1157 2277; x_wconf 86' lang='grc'>11)</span> <span class='ocrx_word' id='word_1_305' title='bbox 1177 2247 1279 2281; x_wconf 68' lang='lat' dir='ltr'>eciast.</span> <span class='ocrx_word' id='word_1_306' title='bbox 1299 2249 1323 2274; x_wconf 89' lang='lat'>1.</span> <span class='ocrx_word' id='word_1_307' title='bbox 1388 2249 1408 2279; x_wconf 91' lang='lat' dir='ltr'>i)</span> <span class='ocrx_word' id='word_1_308' title='bbox 1428 2248 1536 2281; x_wconf 84' lang='lat' dir='ltr'>synodi</span> <span class='ocrx_word' id='word_1_309' title='bbox 1560 2250 1682 2277; x_wconf 77' lang='lat' dir='ltr'>add.1¹².</span> <span class='ocrx_word' id='word_1_310' title='bbox 1746 2250 1777 2281; x_wconf 83' lang='lat' dir='ltr'>k)</span> <span class='ocrx_word' id='word_1_311' title='bbox 1796 2250 1841 2276; x_wconf 89' lang='lat' dir='ltr'>in—</span> 
     </span>
     <span class='ocr_line' id='line_1_35' title="bbox 348 2277 1122 2311; baseline 0.004 -8"><span class='ocrx_word' id='word_1_312' title='bbox 348 2277 440 2304; x_wconf 83' lang='lat' dir='ltr'>dictio</span> <span class='ocrx_word' id='word_1_313' title='bbox 461 2280 558 2304; x_wconf 77' lang='lat' dir='ltr'>suerat</span> <span class='ocrx_word' id='word_1_314' title='bbox 577 2279 618 2306; x_wconf 76' lang='lat'>2³².</span> <span class='ocrx_word' id='word_1_315' title='bbox 691 2279 713 2310; x_wconf 89' lang='lat' dir='ltr'>l)</span> <span class='ocrx_word' id='word_1_316' title='bbox 731 2280 814 2304; x_wconf 84' lang='lat' dir='ltr'>Tunc</span> <span class='ocrx_word' id='word_1_317' title='bbox 834 2280 875 2306; x_wconf 71' lang='lat'>2¹².</span> <span class='ocrx_word' id='word_1_318' title='bbox 948 2282 988 2311; x_wconf 90' lang='lat' dir='ltr'>m)</span> <span class='ocrx_word' id='word_1_319' title='bbox 1007 2289 1061 2308; x_wconf 82' lang='lat' dir='ltr'>om.</span> <span class='ocrx_word' id='word_1_320' title='bbox 1080 2281 1122 2308; x_wconf 71' lang='lat'>2³.</span> 
     </span>
    </p>
   </div>
   <div class='ocr_carea' id='block_1_7' title="bbox 337 2396 1886 2912">
    <p class='ocr_par' dir='ltr' id='par_1_7' title="bbox 337 2396 1886 2912">
     <span class='ocr_line' id='line_1_36' title="bbox 349 2396 1886 2444; baseline 0.005 -16"><span class='ocrx_word' id='word_1_321' title='bbox 349 2397 381 2439; x_wconf 88' lang='lat'>1)</span> <span class='ocrx_word' id='word_1_322' title='bbox 408 2396 559 2429; x_wconf 66' lang='lat' dir='ltr'>Dent-um</span> <span class='ocrx_word' id='word_1_323' title='bbox 585 2408 618 2432; x_wconf 78' lang='grc' dir='ltr'>α.</span> <span class='ocrx_word' id='word_1_324' title='bbox 638 2399 717 2439; x_wconf 87' lang='grc'>782,</span> <span class='ocrx_word' id='word_1_325' title='bbox 743 2397 813 2434; x_wconf 76' lang='lat' dir='ltr'>Iul.</span> <span class='ocrx_word' id='word_1_326' title='bbox 832 2400 888 2434; x_wconf 86' lang='lat'>28.</span> <span class='ocrx_word' id='word_1_327' title='bbox 915 2398 1077 2432; x_wconf 72' lang='lat' dir='ltr'>Karolus</span> <span class='ocrx_word' id='word_1_328' title='bbox 1095 2400 1146 2434; x_wconf 89' lang='lat' dir='ltr'>M.</span> <span class='ocrx_word' id='word_1_329' title='bbox 1171 2401 1210 2432; x_wconf 77' lang='lat' dir='ltr'>in</span> <span class='ocrx_word' id='word_1_330' title='bbox 1236 2401 1449 2434; x_wconf 79' lang='lat' dir='ltr'>monasterio</span> <span class='ocrx_word' id='word_1_331' title='bbox 1474 2401 1722 2442; x_wconf 74' lang='lat' dir='ltr'>Hersfeldensi</span> <span class='ocrx_word' id='word_1_332' title='bbox 1751 2402 1838 2444; x_wconf 79' lang='lat' dir='ltr'>fuit,</span> <span class='ocrx_word' id='word_1_333' title='bbox 1852 2410 1886 2436; x_wconf 82' lang='lat'>35</span> 
     </span>
     <span class='ocr_line' id='line_1_37' title="bbox 345 2445 1839 2492; baseline 0.005 -17"><span class='ocrx_word' id='word_1_334' title='bbox 345 2448 471 2486; x_wconf 74' lang='lat' dir='ltr'>septem</span> <span class='ocrx_word' id='word_1_335' title='bbox 496 2445 605 2476; x_wconf 70' lang='lat' dir='ltr'>annis</span> <span class='ocrx_word' id='word_1_336' title='bbox 626 2449 706 2488; x_wconf 75' lang='lat' dir='ltr'>post</span> <span class='ocrx_word' id='word_1_337' title='bbox 731 2446 904 2488; x_wconf 70' lang='lat' dir='ltr'>synodum</span> <span class='ocrx_word' id='word_1_338' title='bbox 931 2446 1218 2488; x_wconf 71' lang='lat' dir='ltr'>Carisiaoensem,</span> <span class='ocrx_word' id='word_1_339' title='bbox 1252 2448 1294 2480; x_wconf 88' lang='lat' dir='ltr'>de</span> <span class='ocrx_word' id='word_1_340' title='bbox 1327 2458 1398 2490; x_wconf 79' lang='lat' dir='ltr'>qua</span> <span class='ocrx_word' id='word_1_341' title='bbox 1433 2448 1538 2489; x_wconf 73' lang='lat' dir='ltr'>infra</span> <span class='ocrx_word' id='word_1_342' title='bbox 1568 2450 1607 2481; x_wconf 83' lang='lat' dir='ltr'>in</span> <span class='ocrx_word' id='word_1_343' title='bbox 1639 2449 1702 2482; x_wconf 82' lang='lat' dir='ltr'>hoc</span> <span class='ocrx_word' id='word_1_344' title='bbox 1726 2451 1839 2492; x_wconf 74' lang='lat' dir='ltr'>capite</span> 
     </span>
     <span class='ocr_line' id='line_1_38' title="bbox 345 2491 1839 2539; baseline 0.004 -16"><span class='ocrx_word' id='word_1_345' title='bbox 345 2491 528 2531; x_wconf 74' lang='lat' dir='ltr'>refertm·‚·</span> <span class='ocrx_word' id='word_1_346' title='bbox 562 2492 646 2533; x_wconf 73' lang='lat' dir='ltr'>Req.</span> <span class='ocrx_word' id='word_1_347' title='bbox 680 2492 771 2535; x_wconf 72' lang='lat' dir='ltr'>Imp.</span> <span class='ocrx_word' id='word_1_348' title='bbox 803 2493 834 2534; x_wconf 87' lang='grc' dir='ltr'>Ι,</span> <span class='ocrx_word' id='word_1_349' title='bbox 869 2504 927 2528; x_wconf 77' lang='lat' dir='ltr'>nr.</span> <span class='ocrx_word' id='word_1_350' title='bbox 953 2494 1039 2535; x_wconf 80' lang='lat'>246,</span> <span class='ocrx_word' id='word_1_351' title='bbox 1075 2495 1167 2536; x_wconf 80' lang='lat' dir='ltr'>quod</span> <span class='ocrx_word' id='word_1_352' title='bbox 1198 2494 1355 2536; x_wconf 76' lang='lat' dir='ltr'>diploma</span> <span class='ocrx_word' id='word_1_353' title='bbox 1389 2499 1514 2528; x_wconf 74' lang='lat' dir='ltr'>auctor</span> <span class='ocrx_word' id='word_1_354' title='bbox 1547 2495 1640 2536; x_wconf 78' lang='lat' dir='ltr'>forte</span> <span class='ocrx_word' id='word_1_355' title='bbox 1675 2496 1773 2539; x_wconf 72' lang='lat' dir='ltr'>leqit,</span> <span class='ocrx_word' id='word_1_356' title='bbox 1807 2500 1839 2530; x_wconf 80' lang='lat' dir='ltr'>et</span> 
     </span>
     <span class='ocr_line' id='line_1_39' title="bbox 344 2539 1839 2586; baseline 0.003 -15"><span class='ocrx_word' id='word_1_357' title='bbox 344 2548 402 2573; x_wconf 73' lang='lat' dir='ltr'>nr.</span> <span class='ocrx_word' id='word_1_358' title='bbox 425 2540 506 2573; x_wconf 80' lang='lat'>247.</span> <span class='ocrx_word' id='word_1_359' title='bbox 555 2539 663 2572; x_wconf 76' lang='lat' dir='ltr'>Falso</span> <span class='ocrx_word' id='word_1_360' title='bbox 688 2539 815 2582; x_wconf 78' lang='lat' dir='ltr'>Lamp.</span> <span class='ocrx_word' id='word_1_361' title='bbox 842 2541 882 2573; x_wconf 81' lang='lat' dir='ltr'>in</span> <span class='ocrx_word' id='word_1_362' title='bbox 907 2540 1104 2583; x_wconf 73' lang='lat' dir='ltr'>eoeemplari</span> <span class='ocrx_word' id='word_1_363' title='bbox 1127 2543 1148 2575; x_wconf 81' lang='lat'>2</span> <span class='ocrx_word' id='word_1_364' title='bbox 1175 2541 1313 2574; x_wconf 75' lang='lat' dir='ltr'>addidit</span> <span class='ocrx_word' id='word_1_365' title='bbox 1338 2546 1421 2574; x_wconf 80' lang='lat' dir='ltr'>tum:</span> <span class='ocrx_word' id='word_1_366' title='bbox 1445 2542 1625 2575; x_wconf 77' lang='lat' dir='ltr'>Karolum</span> <span class='ocrx_word' id='word_1_367' title='bbox 1650 2544 1839 2586; x_wconf 77' lang='lat' dir='ltr'>imperato-</span> 
     </span>
     <span class='ocr_line' id='line_1_40' title="bbox 344 2586 1838 2631; baseline 0.005 -15"><span class='ocrx_word' id='word_1_368' title='bbox 344 2595 418 2617; x_wconf 81' lang='lat' dir='ltr'>rem</span> <span class='ocrx_word' id='word_1_369' title='bbox 444 2586 566 2626; x_wconf 73' lang='lat' dir='ltr'>fuisse.</span> <span class='ocrx_word' id='word_1_370' title='bbox 665 2587 700 2630; x_wconf 81' lang='lat'>2)</span> <span class='ocrx_word' id='word_1_371' title='bbox 726 2586 802 2620; x_wconf 80' lang='lat' dir='ltr'>Hoc</span> <span class='ocrx_word' id='word_1_372' title='bbox 827 2598 870 2620; x_wconf 57' lang='grc' dir='ltr'>επ</span> <span class='ocrx_word' id='word_1_373' title='bbox 895 2587 1083 2621; x_wconf 75' lang='lat' dir='ltr'>Breviario</span> <span class='ocrx_word' id='word_1_374' title='bbox 1108 2588 1143 2622; x_wconf 79' lang='lat' dir='ltr'>S.</span> <span class='ocrx_word' id='word_1_375' title='bbox 1162 2588 1271 2630; x_wconf 75' lang='lat' dir='ltr'>Lulli,</span> <span class='ocrx_word' id='word_1_376' title='bbox 1298 2588 1319 2623; x_wconf 95' lang='lat' dir='ltr'>l.</span> <span class='ocrx_word' id='word_1_377' title='bbox 1339 2589 1361 2623; x_wconf 88' lang='lat' dir='ltr'>l.</span> <span class='ocrx_word' id='word_1_378' title='bbox 1385 2600 1422 2631; x_wconf 78' lang='lat' dir='ltr'>p.</span> <span class='ocrx_word' id='word_1_379' title='bbox 1443 2591 1522 2630; x_wconf 84' lang='lat'>192,</span> <span class='ocrx_word' id='word_1_380' title='bbox 1547 2589 1631 2622; x_wconf 78' lang='lat' dir='ltr'>ubi:</span> <span class='ocrx_word' id='word_1_381' title='bbox 1655 2589 1838 2624; x_wconf 82' lang='lat' dir='ltr'>Numerus</span> 
     </span>
     <span class='ocr_line' id='line_1_41' title="bbox 345 2631 1885 2681; baseline 0.005 -17"><span class='ocrx_word' id='word_1_382' title='bbox 345 2631 498 2665; x_wconf 83' lang='lat' dir='ltr'>fratrum</span> <span class='ocrx_word' id='word_1_383' title='bbox 525 2635 580 2666; x_wconf 89' lang='lat' dir='ltr'>est</span> <span class='ocrx_word' id='word_1_384' title='bbox 605 2632 677 2668; x_wconf 83' lang='lat' dir='ltr'>CL.</span> <span class='ocrx_word' id='word_1_385' title='bbox 823 2634 860 2679; x_wconf 87' lang='lat'>3)</span> <span class='ocrx_word' id='word_1_386' title='bbox 886 2635 962 2667; x_wconf 83' lang='lat' dir='ltr'>Hoc</span> <span class='ocrx_word' id='word_1_387' title='bbox 987 2645 1031 2667; x_wconf 74' lang='lat' dir='ltr'>ex</span> <span class='ocrx_word' id='word_1_388' title='bbox 1055 2635 1245 2677; x_wconf 77' lang='lat' dir='ltr'>diplomate</span> <span class='ocrx_word' id='word_1_389' title='bbox 1278 2637 1351 2667; x_wconf 79' lang='lat' dir='ltr'>iam</span> <span class='ocrx_word' id='word_1_390' title='bbox 1387 2636 1543 2678; x_wconf 81' lang='lat' dir='ltr'>laudato,</span> <span class='ocrx_word' id='word_1_391' title='bbox 1579 2637 1662 2680; x_wconf 66' lang='lat' dir='ltr'>Ray.</span> <span class='ocrx_word' id='word_1_392' title='bbox 1689 2638 1780 2681; x_wconf 84' lang='lat' dir='ltr'>Imp.</span> <span class='ocrx_word' id='word_1_393' title='bbox 1805 2637 1885 2679; x_wconf 78' lang='lat' dir='ltr'><em>I‚40</em></span> 
     </span>
     <span class='ocr_line' id='line_1_42' title="bbox 344 2679 1837 2727; baseline 0.005 -16"><span class='ocrx_word' id='word_1_394' title='bbox 344 2690 400 2712; x_wconf 76' lang='lat' dir='ltr'>nr.</span> <span class='ocrx_word' id='word_1_395' title='bbox 422 2681 500 2721; x_wconf 82' lang='lat'>172,</span> <span class='ocrx_word' id='word_1_396' title='bbox 534 2680 616 2712; x_wconf 80' lang='lat' dir='ltr'>ubi:</span> <span class='ocrx_word' id='word_1_397' title='bbox 651 2679 714 2714; x_wconf 91' lang='lat' dir='ltr'>illo</span> <span class='ocrx_word' id='word_1_398' title='bbox 746 2681 966 2715; x_wconf 85' lang='lat' dir='ltr'>monasterio</span> <span class='ocrx_word' id='word_1_399' title='bbox 997 2692 1070 2714; x_wconf 86' lang='lat' dir='ltr'>una</span> <span class='ocrx_word' id='word_1_400' title='bbox 1095 2692 1177 2715; x_wconf 90' lang='lat' dir='ltr'>cum</span> <span class='ocrx_word' id='word_1_401' title='bbox 1202 2681 1310 2715; x_wconf 87' lang='lat' dir='ltr'>rebus</span> <span class='ocrx_word' id='word_1_402' title='bbox 1336 2682 1408 2715; x_wconf 88' lang='lat' dir='ltr'>suis</span> <span class='ocrx_word' id='word_1_403' title='bbox 1438 2682 1484 2716; x_wconf 82' lang='lat' dir='ltr'>ad</span> <span class='ocrx_word' id='word_1_404' title='bbox 1510 2694 1546 2717; x_wconf 89' lang='lat' dir='ltr'>se</span> <span class='ocrx_word' id='word_1_405' title='bbox 1571 2684 1837 2727; x_wconf 83' lang='lat' dir='ltr'>pertinentibus</span> 
     </span>
     <span class='ocr_line' id='line_1_43' title="bbox 344 2725 1838 2773; baseline 0.005 -15"><span class='ocrx_word' id='word_1_406' title='bbox 344 2725 381 2758; x_wconf 87' lang='lat' dir='ltr'>in</span> <span class='ocrx_word' id='word_1_407' title='bbox 406 2726 573 2760; x_wconf 81' lang='lat' dir='ltr'>manibus</span> <span class='ocrx_word' id='word_1_408' title='bbox 598 2727 731 2760; x_wconf 86' lang='lat' dir='ltr'>nostris</span> <span class='ocrx_word' id='word_1_409' title='bbox 756 2727 915 2762; x_wconf 86' lang='lat' dir='ltr'>tradidit.</span> <span class='ocrx_word' id='word_1_410' title='bbox 1025 2728 1063 2772; x_wconf 88' lang='lat'>4)</span> <span class='ocrx_word' id='word_1_411' title='bbox 1090 2729 1277 2772; x_wconf 77' lang='lat' dir='ltr'>Sequentia</span> <span class='ocrx_word' id='word_1_412' title='bbox 1303 2729 1431 2773; x_wconf 76' lang='lat' dir='ltr'>Lamp.</span> <span class='ocrx_word' id='word_1_413' title='bbox 1457 2741 1501 2763; x_wconf 76' lang='lat' dir='ltr'>ex</span> <span class='ocrx_word' id='word_1_414' title='bbox 1526 2731 1714 2773; x_wconf 76' lang='lat' dir='ltr'>diplomate</span> <span class='ocrx_word' id='word_1_415' title='bbox 1737 2732 1838 2765; x_wconf 89' lang='lat' dir='ltr'>modo</span> 
     </span>
     <span class='ocr_line' id='line_1_44' title="bbox 345 2772 1838 2821; baseline 0.005 -17"><span class='ocrx_word' id='word_1_416' title='bbox 345 2772 490 2806; x_wconf 75' lang='lat' dir='ltr'>laudato</span> <span class='ocrx_word' id='word_1_417' title='bbox 515 2785 572 2808; x_wconf 73' lang='lat' dir='ltr'>nr.</span> <span class='ocrx_word' id='word_1_418' title='bbox 589 2776 669 2816; x_wconf 86' lang='grc'>172,</span> <span class='ocrx_word' id='word_1_419' title='bbox 695 2776 776 2808; x_wconf 78' lang='lat' dir='ltr'>dato</span> <span class='ocrx_word' id='word_1_420' title='bbox 802 2786 834 2810; x_wconf 76' lang='lat' dir='ltr'>a.</span> <span class='ocrx_word' id='word_1_421' title='bbox 851 2777 930 2816; x_wconf 82' lang='lat'>775,</span> <span class='ocrx_word' id='word_1_422' title='bbox 949 2776 1028 2810; x_wconf 80' lang='lat' dir='ltr'>Ian.</span> <span class='ocrx_word' id='word_1_423' title='bbox 1048 2777 1079 2810; x_wconf 82' lang='lat'>5.</span> <span class='ocrx_word' id='word_1_424' title='bbox 1106 2777 1145 2808; x_wconf 82' lang='lat' dir='ltr'>in</span> <span class='ocrx_word' id='word_1_425' title='bbox 1162 2777 1296 2818; x_wconf 69' lang='lat' dir='ltr'>synodo</span> <span class='ocrx_word' id='word_1_426' title='bbox 1315 2776 1565 2819; x_wconf 78' lang='lat' dir='ltr'>Carz&#39;siacensi,</span> <span class='ocrx_word' id='word_1_427' title='bbox 1586 2779 1717 2821; x_wconf 77' lang='lat' dir='ltr'>procul</span> <span class='ocrx_word' id='word_1_428' title='bbox 1731 2779 1838 2811; x_wconf 77' lang='lat' dir='ltr'>dubio</span> 
     </span>
     <span class='ocr_line' id='line_1_45' title="bbox 342 2822 1836 2870; baseline 0.005 -19"><span class='ocrx_word' id='word_1_429' title='bbox 342 2822 504 2862; x_wconf 64' lang='lat' dir='ltr'>sumpsit,</span> <span class='ocrx_word' id='word_1_430' title='bbox 531 2832 746 2864; x_wconf 74' lang='lat' dir='ltr'>quamquam</span> <span class='ocrx_word' id='word_1_431' title='bbox 771 2823 875 2856; x_wconf 75' lang='lat' dir='ltr'>verba</span> <span class='ocrx_word' id='word_1_432' title='bbox 901 2832 978 2855; x_wconf 80' lang='lat' dir='ltr'>cum</span> <span class='ocrx_word' id='word_1_433' title='bbox 1003 2823 1067 2856; x_wconf 83' lang='lat' dir='ltr'>illo</span> <span class='ocrx_word' id='word_1_434' title='bbox 1090 2824 1212 2856; x_wconf 78' lang='lat' dir='ltr'>minus</span> <span class='ocrx_word' id='word_1_435' title='bbox 1235 2825 1460 2860; x_wconf 71' lang='lat' dir='ltr'>concordant.</span> <span class='ocrx_word' id='word_1_436' title='bbox 1574 2825 1611 2870; x_wconf 82' lang='lat'>5)</span> <span class='ocrx_word' id='word_1_437' title='bbox 1639 2826 1696 2866; x_wconf 81' lang='lat' dir='ltr'>Cf.</span> <span class='ocrx_word' id='word_1_438' title='bbox 1723 2836 1836 2868; x_wconf 69' lang='lat' dir='ltr'>supra</span> 
     </span>
     <span class='ocr_line' id='line_1_46' title="bbox 337 2868 1883 2912; baseline 0.007 -12"><span class='ocrx_word' id='word_1_439' title='bbox 337 2876 378 2908; x_wconf 81' lang='lat' dir='ltr'>p.</span> <span class='ocrx_word' id='word_1_440' title='bbox 397 2868 453 2908; x_wconf 82' lang='lat'>71,</span> <span class='ocrx_word' id='word_1_441' title='bbox 479 2878 514 2902; x_wconf 75' lang='lat' dir='ltr'>n.</span> <span class='ocrx_word' id='word_1_442' title='bbox 536 2870 565 2902; x_wconf 92' lang='lat'>1.</span> <span class='ocrx_word' id='word_1_443' title='bbox 595 2870 674 2910; x_wconf 90' lang='grc'>166,</span> <span class='ocrx_word' id='word_1_444' title='bbox 701 2869 721 2903; x_wconf 85' lang='lat' dir='ltr'>l.</span> <span class='ocrx_word' id='word_1_445' title='bbox 743 2871 786 2904; x_wconf 83' lang='lat'>15</span> <span class='ocrx_word' id='word_1_446' title='bbox 804 2880 854 2912; x_wconf 81' lang='lat' dir='ltr'>sq.</span> <span class='ocrx_word' id='word_1_447' title='bbox 1850 2881 1883 2906; x_wconf 74' lang='lat'>45</span> 
     </span>
    </p>
   </div>
  </div>
 </body>
</html>
