2014 3184
381 211 453 245 464

381 327 472 362 nihil
498 329 600 373 pensi
618 329 775 365 habebat
797 333 918 377 308,1.
948 353 989 358 ——
1016 333 1107 369 nihil

380 375 483 419 pensi
507 375 643 412 habere
668 379 749 423 331,
766 390 811 415 ³0.

427 421 548 467 Igitur
573 424 636 459 ubi
667 436 734 469 per
759 425 955 462 Saxoniam
981 439 1107 464 rumor

379 471 699 514 percrebruit
735 475 817 518 272,
837 485 880 510 15.
920 496 964 500 -
1000 474 1105 511 Post-

380 529 489 562 quam
531 530 598 563 per
635 519 780 555 Italiam
823 520 920 556 fama
960 534 1105 567 percre-

378 565 478 599 bruit
512 568 593 611 287,
610 577 652 603 10.
690 588 734 592 —
766 567 887 613 Igitur
910 572 1104 614 postquam

379 613 530 647 celebris
576 625 643 658 per
684 614 930 651 Brittanniam
978 629 1105 653 rumor

377 660 587 704 percrebuit
611 663 692 706 309,
707 674 752 699 20.

425 707 555 742 horror
572 708 720 752 quidam
743 711 954 755 perculit
978 723 1104 747 omnes

376 756 435 798 87,
446 767 472 791 1.
486 776 527 780 —-
541 758 702 791 caeteros
712 757 861 802 inopino
873 760 1012 794 terrore
1021 771 1103 804 per-

377 802 493 836 culsos
521 805 600 847 103,
614 814 641 839 5.
676 824 718 828 ——
751 807 891 840 terrore
915 806 1103 851 inopinato

376 850 563 894 perculsus
598 853 679 895 319,
704 863 748 888 10.
782 872 826 877 —
862 865 988 888 rumor
1023 883 1030 890 .
1058 883 1066 891 .
1094 883 1101 891 .

375 897 506 942 grandi
520 909 581 932 eos
592 897 786 934 formidine
798 901 956 944 perculit
967 903 1047 946 184,
1057 914 1101 939 30.

422 1003 469 1026 ne
495 1003 533 1026 se
559 995 595 1027 et
622 1020 630 1029 .
650 1021 657 1028 .
677 1021 685 1029 .
712 994 789 1039 spei
813 995 986 1040 exiguum
1003 997 1102 1041 quod

374 1039 535 1074 restabat
568 1039 815 1084 perditum
850 1043 946 1078 irent
979 1046 1036 1089 86,
1054 1056 1100 1081 20.

377 1107 418 1111 —
446 1098 512 1122 nec
547 1098 584 1122 se
616 1091 837 1134 gentemque
862 1102 964 1125 suam
991 1092 1100 1127 obsti-

374 1136 460 1168 nata
477 1133 729 1179 desperatione
748 1137 897 1172 omnino
913 1138 1099 1182 perditum

373 1181 470 1215 irent
510 1184 591 1226 224,
613 1194 640 1219 5.
685 1203 728 1209 -
770 1196 888 1229 neque
926 1186 1098 1232 exiguum

374 1227 545 1264 saxonici
567 1230 734 1275 nominis,
761 1232 859 1276 quod
885 1261 892 1268 .
912 1261 921 1270 .
940 1262 948 1269 .
975 1245 1098 1279 super—

373 1275 510 1320 fuisset,
532 1289 626 1312 vana
643 1277 896 1323 desperatione
913 1281 1098 1325 perditum

371 1323 468 1357 irent
491 1326 573 1368 237,
587 1336 614 1360 5.

420 1370 584 1405 Tandem
610 1372 685 1406 dux
717 1401 725 1408 .
759 1401 765 1408 .

373 1420 453 1460 116,
469 1430 494 1453 1.

419 1464 459 1499 Si
475 1468 687 1510 pergeret
703 1467 877 1502 molestus
895 1479 972 1503 esse
986 1471 1041 1513 74,
1049 1480 1094 1505 25.

373 1532 415 1537 ———
434 1512 564 1556 quodsi
584 1516 755 1559 pergeret
778 1516 994 1550 sententiam
1011 1528 1095 1551 con-

370 1558 516 1594 firmare
543 1562 623 1605 198,
638 1572 682 1596 15.
720 1582 761 1586 ——
797 1562 826 1596 si
857 1563 1015 1598 motibus
1041 1564 1094 1598 in-

370 1607 579 1651 compositis
595 1608 771 1644 lacessere
784 1613 940 1656 pergant
955 1613 1037 1656 267,
1049 1623 1093 1648 35.

369 1656 439 1690 268
466 1666 491 1690 1.

415 1681 752 1746 p⁷ericlitantis
769 1704 822 1738 rei
838 1705 1006 1749 publicae
1023 1708 1093 1740 sta-

369 1751 447 1783 tum
473 1751 591 1784 tutata
616 1752 671 1784 est
696 1752 753 1795 69,
769 1763 813 1787 30.
851 1773 893 1777 —
919 1764 987 1787 nec
1013 1782 1020 1789 .
1049 1782 1056 1789 .
1084 1782 1091 1790 .

367 1796 554 1840 patiantur
588 1823 597 1831 .
624 1825 632 1833 .
660 1826 667 1833 .
703 1799 819 1833 tocius
847 1799 901 1834 rei
925 1800 1092 1844 publicae

368 1846 502 1878 statum
526 1844 726 1889 periclitari
749 1848 831 1890 236,
844 1858 890 1882 20.
923 1868 967 1872 —
997 1849 1091 1892 peri-

368 1891 517 1925 clitante
542 1891 612 1926 hoc
637 1892 747 1927 modo
773 1896 870 1928 statu
895 1894 949 1929 rei
972 1895 1090 1939 publi-

367 1949 431 1972 cae
456 1941 537 1982 327,
551 1949 596 1974 25.
625 1960 666 1964 —
694 1941 834 1984 placuit
858 1953 983 1987 regem
1009 1971 1017 1978 .
1045 1971 1054 1979 .
1082 1971 1090 1979 .

365 1985 590 2029 periclitanti
635 1987 689 2021 rei
738 1988 905 2032 publicae
946 2001 1091 2034 quaqua

366 2035 488 2076 posset
520 2033 662 2068 ratione
687 2035 875 2070 consulere
902 2039 957 2081 71,
972 2049 1016 2072 20.
1046 2058 1087 2062 —

800 1401 808 1409 .
841 1374 1098 1418 perdoluit

366 2090 438 2123 qua
470 2079 611 2114 ratione
644 2081 865 2125 periclitanti
900 2111 907 2118 .
946 2111 954 2119 .
990 2112 998 2119 .
1036 2084 1089 2118 rei

365 2126 532 2170 publicae
549 2128 812 2162 consulendum
831 2129 926 2164 foret
950 2133 1032 2174 277,
1042 2143 1087 2167 20.

412 2173 482 2207 nisi
535 2174 867 2218 periculosum
917 2176 1088 2212 ducerem

364 2223 508 2264 326,10.
537 2241 579 2246 —
607 2223 829 2268 suggestioni
855 2235 981 2258 eorum
1008 2253 1016 2261 .
1043 2253 1051 2260 .
1079 2253 1086 2261 .

365 2268 531 2303 assentiri
603 2270 849 2314 periculosum
922 2271 1088 2307 ducimus

365 2317 447 2359 344,
466 2327 509 2352 10.

413 2362 614 2398 Perlato
653 2364 797 2399 audacis
831 2365 918 2400 facti
953 2366 1087 2401 indicio

364 2409 411 2444 ad
434 2421 494 2444 eos
520 2412 578 2454 97,
591 2421 619 2446 5.
647 2431 689 2436 ——
717 2411 865 2447 Perlato
883 2412 1087 2448 Goslariam

364 2457 496 2492 atrocis
522 2457 574 2492 rei
599 2458 732 2493 nuncio
759 2462 839 2503 101,
854 2471 898 2496 10.
933 2481 976 2486 —
1000 2460 1087 2496 Per·

363 2504 438 2538 lato
464 2504 510 2538 ad
526 2516 651 2550 regem
676 2507 809 2541 nuncio
835 2510 1004 2553 acceptae
1022 2537 1030 2544 .
1051 2537 1058 2544 .
1077 2535 1086 2543 .

364 2551 474 2585 cladis
511 2554 590 2596 117,
614 2563 658 2588 15.
695 2574 738 2577 -
773 2553 920 2589 Perlato
954 2556 1086 2590 nuncio

364 2598 410 2632 ad
433 2598 745 2644 archiepiscopum
764 2603 843 2646 186,
858 2614 902 2638 30.
931 2623 973 2627 -
999 2603 1086 2638 Per-

363 2645 437 2679 lato
463 2646 510 2679 ad
535 2646 745 2691 episcopum
773 2676 780 2683 .
800 2677 808 2684 .
828 2677 836 2684 .
861 2650 1086 2684 tumultuan-

362 2692 409 2726 tis
427 2692 581 2727 civitatis
603 2694 737 2728 nuncio
764 2697 901 2740 276,15.
929 2717 971 2722 -
998 2697 1086 2732 Per-

363 2740 438 2773 lato
473 2739 519 2774 ad
543 2751 669 2786 regem
703 2744 779 2776 tam
803 2743 977 2779 molestae
1003 2756 1086 2779 con—

363 2786 568 2832 spirationis
593 2788 727 2823 nuncio
752 2791 836 2834 299,
849 2801 877 2826 5.

411 2832 660 2869 Vehementer
690 2837 931 2880 permovit
960 2849 1085 2883 regem

867 213 1030 250 INDEX
1054 215 1404 257 LOGUTIONUM.

1157 347 1228 381 que
1244 337 1424 373 moderati
1439 338 1593 386 habere3
1615 342 1697 386 qu.
1714 344 1772 380 41.
1789 343 1881 380 nihil

1154 385 1259 428 pensi
1284 396 1402 431 neque
1428 387 1543 422 sancti
1565 387 1712 426 habere.

1203 433 1302 467 Ruth
1329 436 1361 478 1,
1388 436 1445 471 19.
1474 435 1582 470 velox
1606 437 1706 482 apud
1729 441 1880 475 cunctas

1154 477 1251 514 fama
1276 482 1600 525 percrebruit.

1200 716 1279 752 Isin.
1293 717 1345 759 II,
1358 719 1416 762 37,
1429 720 1462 755 9.
1480 717 1608 765 ingens
1623 730 1740 765 pavor
1755 721 1875 767 primo

1153 761 1386 799 discurrentis
1423 793 1429 801 .
1464 794 1472 802 .
1505 791 1514 800 .
1548 768 1784 814 perculit,
1813 774 1874 808 oto.

1155 829 1196 835 -—
1216 811 1301 855 Sap.
1317 814 1374 855 17,
1391 815 1425 849 6.
1442 813 1575 849 timore
1591 815 1749 859 perculsi
1767 816 1874 855 illius.

1155 877 1199 882 —
1223 859 1313 895 Sall.
1330 860 1409 903 qu.
1429 862 1485 898 75.
1510 872 1644 907 magna
1669 865 1707 899 et
1729 863 1876 901 insolita

1151 916 1191 939 re
1225 906 1403 951 perculsi3
1437 909 1495 944 38.
1528 909 1685 954 perculsi
1714 912 1876 948 tumultu

1151 952 1307 989 insolito.
1351 955 1410 997 Cf.
1434 957 1564 991 metus.

1199 1001 1285 1036 Sall.
1314 1002 1388 1037 Cat.
1414 1005 1471 1039 36.
1501 1003 1564 1048 qui
1588 1014 1700 1049 seque
1724 1016 1876 1051 remque

1149 1047 1333 1091 publicam
1350 1049 1539 1086 obstinatis
1561 1051 1689 1086 animis
1712 1053 1874 1098 perdi·-

1149 1097 1246 1129 tum
1280 1095 1386 1133 irent.
1423 1118 1466 1123 -—
1501 1099 1580 1133 Liv.
1613 1099 1784 1146 XXXII,
1815 1103 1872 1138 22.

1149 1153 1221 1177 neu
1245 1143 1447 1187 pertinacia
1470 1157 1536 1180 sua
1558 1149 1706 1192 gentem
1731 1147 1873 1184 univer-

1149 1200 1226 1224 sam
1250 1191 1436 1235 perditum
1461 1192 1542 1230 iret.

1199 1380 1334 1416 Terent.
1369 1381 1467 1416 Eun.
1496 1382 1535 1426 Ι,
1561 1384 1601 1426 2,
1629 1384 1685 1419 74.
1720 1383 1869 1420 tandem

1145 1426 1413 1470 perdoluit.

1199 1474 1338 1510 Terent.
1354 1476 1423 1511 Ad.
1438 1476 1490 1518 II,
1507 1478 1538 1520 1,
1557 1479 1614 1513 27.
1641 1476 1671 1511 si
1694 1478 1868 1514 molestus

1144 1521 1310 1567 pergis
1348 1533 1445 1567 esse;
1486 1524 1582 1560 Eun.
1615 1525 1708 1569 prol.
1745 1527 1800 1562 18.
1836 1526 1868 1562 si

1143 1571 1274 1651 {grget
1297 1569 1538 1652 laedere,teto.
1567 1591 1611 1596 —
1636 1571 1716 1655 1ιὲτέ
1739 1573 1866 1656 erLgI,

1143 1627 1465 1701 ...vffiessssfiffi
1498 1645 1562 1655 ··’
1587 1630 1656 1654 ⁰⁰¹³
1755 1631 1777 1655 ⁰
1824 1631 1868 1656 '¹⁸

1187 2183 1273 2218 Sall.
1300 2184 1381 2227 luy.
1400 2186 1456 2220 74.
1482 2196 1566 2220 cum
1591 2213 1600 2223 .
1618 2212 1627 2221 .
1646 2213 1655 2223 .
1679 2197 1860 2223 novorum

1137 2227 1249 2263 fidem
1284 2255 1293 2264 .
1329 2259 1337 2266 .
1373 2258 1382 2267 .
1421 2232 1579 2277 experiri
1614 2234 1859 2278 periculo·

1138 2287 1154 2309 s
1164 2287 1189 2309 u
1199 2287 1236 2309 m
1263 2276 1423 2312 duceret.

1184 2370 1300 2405 Amm.
1338 2371 1455 2407 Maro.
1491 2373 1578 2416 XV,
1607 2375 1645 2417 1,
1680 2376 1715 2410 2.
1752 2385 1859 2419 per-

1137 2416 1238 2451 lato
1278 2418 1407 2452 nuntio
1443 2420 1647 2463 repentino.
1685 2441 1735 2447 —-
1770 2422 1857 2459 Suu.

1138 2464 1215 2500 Cat.
1241 2466 1298 2501 50.
1323 2476 1381 2500 res
1407 2493 1415 2501 .
1443 2494 1452 2502 .
1478 2493 1487 2502 .
1513 2468 1589 2501 tam
1613 2469 1729 2505 atrox.

1183 2841 1272 2877 Sall.
1289 2842 1368 2884 luy.
1385 2844 1418 2878 6.
1438 2842 1673 2878 vehementer
1696 2843 1767 2879 hoc
1789 2855 1852 2879 ne-
