2014 3184
389 179 461 216 412

389 309 427 332 se
453 300 644 344 cognitore
670 306 779 348 atque
805 307 943 343 arbitro
966 314 1115 354 paratus

388 349 483 380 esset
500 375 507 382 .
524 376 531 383 .
548 376 555 384 .
575 349 783 387 satisfacere
806 353 952 391 offensis
973 359 1056 403 207,
1067 371 1112 396 20.

387 413 433 418 —
470 405 508 428 se
542 397 730 442 cognitore
768 403 805 435 et
838 401 958 439 iudice
998 407 1113 450 presi-

386 440 496 476 dente
521 445 602 487 302,
617 455 661 481 15.

433 490 602 525 omnibus
618 503 713 536 pene
735 495 841 530 terris
858 499 1110 544 magnitudine

385 546 531 571 suarum
566 550 689 574 rerum
724 546 909 587 gestarum
944 558 1107 593 comper-

383 585 442 618 tus
467 587 504 618 et
530 587 758 632 cognitus
786 593 924 636 112,15.

430 630 622 678 Karolum,
657 636 714 670 cui
747 641 876 681 postea
901 651 946 675 ex
971 641 1106 678 virtute

382 680 418 712 et
459 680 711 725 magnitudine
755 696 878 720 rerum
920 691 1106 733 gestarum

381 736 644 770 cognomen
683 733 849 776 accessit,
888 738 929 769 ut
965 735 1013 772 K.
1051 736 1104 774 M.

380 772 564 808 diceretur
588 779 669 821 326,
684 789 728 815 25.
755 801 802 804 —
827 780 1018 827 Karolum,
1046 785 1105 819 cui

380 832 425 854 ex
441 821 578 857 virtute
594 835 729 859 nomen
746 829 906 874 accessit,
925 833 966 864 ut
982 830 1031 868 K.
1049 831 1102 868 M.

378 867 560 904 diceretur
584 873 666 916 347,
680 884 724 908 20.

425 916 676 954 columnae
699 923 735 955 et
757 922 877 966 capita
899 923 1102 961 Galliarum

377 965 433 1005 92,
448 975 492 999 25.
514 985 554 989 —-
574 965 702 1011 ingens
725 969 894 1004 columna
920 974 957 1006 et
979 972 1102 1009 firma-

374 1013 540 1046 mentum
566 1013 619 1047 rei
642 1015 810 1058 publicae
835 1020 916 1063 266,
933 1031 975 1055 ιο.

422 1061 626 1095 communis
676 1073 724 1097 co
735 1075 771 1097 m
783 1076 819 1098 m
831 1076 852 1099 o
864 1065 885 1100 d
898 1066 909 1099 i
958 1068 1100 1104 ratione

373 1107 431 1149 80,
446 1118 490 1141 30.
536 1110 675 1152 138,15.
715 1113 794 1155 149,
811 1124 835 1148 1.
873 1116 1014 1159 299,10.
1055 1137 1097 1141 —

372 1152 513 1188 ratione
532 1157 735 1192 communis
753 1161 936 1195 commodi
963 1165 1098 1207 113,15.

375 1219 415 1224 —
444 1200 489 1235 de
519 1205 703 1239 communi
736 1208 930 1242 commodo
964 1212 1097 1245 tracta-

371 1247 444 1281 turi
472 1251 550 1293 162,
565 1261 591 1285 5.
619 1271 664 1276 -—-
691 1264 782 1296 quae
816 1266 884 1299 pro
911 1259 1097 1293 communi

370 1296 564 1330 commodo
598 1299 797 1334 moliantur
824 1305 906 1346 262,
921 1315 948 1339 5.
977 1325 1018 1330 -—
1047 1305 1095 1340 Se

368 1353 443 1376 non
478 1343 530 1377 ita
565 1373 573 1380 .
601 1373 608 1380 .
637 1374 644 1381 .
678 1350 881 1383 communis
911 1353 1095 1387 commodi

367 1389 615 1434 negligentem
650 1404 727 1428 esse
764 1398 843 1440 195,
858 1408 901 1433 30.
930 1419 972 1424 ——
999 1399 1094 1435 hanc

368 1436 501 1481 singuli
527 1441 779 1476 communibus
810 1445 1010 1480 commodis
1035 1448 1093 1482 vel

370 1486 571 1519 extremam
633 1499 782 1532 operam
842 1491 1092 1536 dependerent

367 1533 449 1575 274,
464 1542 490 1567 5.
520 1553 562 1557 -
589 1534 651 1578 qui
684 1547 751 1580 pro
784 1540 970 1574 communi
995 1552 1090 1576 com-

366 1578 477 1612 modo
507 1591 608 1615 arma
639 1594 782 1619 sumere
818 1586 1092 1624 meditabantur

365 1627 446 1670 276,
461 1637 507 1663 25.

412 1684 455 1707 eo
498 1675 595 1719 quod
635 1679 741 1720 pater
782 1679 858 1714 eius
903 1683 978 1716 tam
1020 1683 1089 1728 ipsi

363 1732 473 1764 quam
514 1723 712 1758 maioribus
750 1726 827 1760 eius
868 1739 952 1773 sepe
996 1759 1003 1766 .
1037 1759 1044 1767 .
1079 1760 1086 1768 .

363 1770 755 1808 commodissime
780 1774 942 1811 affuisset
969 1780 1085 1823 124,5.

365 1834 405 1839 —-
418 1816 579 1862 servicia,
595 1819 724 1862 quibus
737 1849 744 1856 .
758 1850 765 1856 .
777 1850 784 1857 .
796 1822 1011 1868 plerumque
1018 1826 1087 1860 sibi

361 1863 653 1900 commodissime
688 1867 842 1903 affuerat
874 1873 1012 1915 129,15.
1039 1894 1084 1900 —-

360 1908 524 1954 Cumque
558 1914 636 1958 regi
670 1914 707 1948 in
740 1927 831 1959 pace
863 1919 962 1952 etin
987 1919 1084 1956 bello

359 1983 367 1991 .
388 1984 394 1991 .
416 1985 424 1993 .
442 1969 586 2003 semper
607 1963 896 2000 commodissime
922 1966 1084 2003 affuisset

356 2005 438 2047 239,
453 2016 497 2040 20.
526 2026 568 2030 —
596 2010 788 2044 commode
813 2011 918 2046 affuit
942 2014 1081 2049 miseri-

357 2051 482 2084 cordia
506 2051 575 2086 Dei
599 2056 680 2100 327,
696 2067 740 2091 25.

403 2098 492 2132 abiit
517 2111 652 2144 opacae
677 2103 794 2137 noctis
819 2106 978 2141 tenebris
998 2137 1005 2143 .
1034 2137 1042 2146 .
1073 2138 1079 2145 .

356 2147 742 2184 commodissime
768 2162 852 2186 usus
877 2155 1014 2198 189,25.
1035 2177 1078 2181 —

355 2192 525 2237 evadunt,
551 2197 630 2229 tum
649 2197 781 2240 peritia
798 2199 972 2247 locorum,
998 2204 1077 2237 tum

354 2239 584 2276 obtenebrati
626 2244 718 2278 aeris
767 2245 956 2292 densitate,
998 2252 1078 2284 tum

353 2297 531 2330 equorum
556 2291 751 2326 velocitate
786 2295 1077 2332 commodissime

353 2334 408 2367 usi
442 2337 523 2380 221,
537 2347 564 2372 5.
602 2358 644 2362 —
677 2338 787 2374 Cuius
821 2353 886 2376 rex
922 2343 1076 2379 inunda-

351 2381 451 2416 tione
486 2385 778 2422 commodissime
810 2400 878 2432 pro
916 2401 953 2425 se
990 2403 1075 2426 usus

351 2430 434 2472 273,
447 2440 474 2465 5.

397 2533 523 2558 omnes
547 2525 586 2559 in
612 2537 856 2565 commune
883 2560 890 2567 .
918 2560 925 2567 .

349 2569 467 2604 sulere
483 2572 693 2617 rogitabant
707 2578 821 2621 101‚5.
837 2599 881 2603 —
896 2590 1021 2614 omnes
1034 2581 1072 2615 in

348 2627 541 2652 commune
552 2622 740 2657 consulere
751 2626 981 2669 rogavit313,
989 2638 1016 2663 5.
1027 2648 1070 2653 —-

347 2674 472 2698 omnes
506 2665 544 2700 in
569 2678 761 2704 commune
796 2673 924 2707 acerbe
950 2674 1070 2709 obiur-

345 2711 422 2754 gati
442 2713 579 2756 112,10.
600 2735 640 2739 —
661 2727 787 2752 omnes
812 2719 850 2752 in
876 2731 1070 2757 commune

345 2783 353 2792 .
382 2785 388 2792 .
417 2786 424 2792 .
452 2759 640 2796 obsecrare
665 2765 747 2807 220,
758 2775 785 2800 5.
812 2786 853 2791 -—
880 2779 1006 2803 omnes
1030 2769 1068 2804 in

343 2815 537 2841 commune
563 2807 725 2845 Saxones
743 2823 869 2848 omnes
887 2814 1068 2862 Turingos

954 2560 961 2568 .
988 2544 1072 2567 con-

877 188 1039 226 INDEX
1063 193 1413 236 LOCUTIONUM.

1206 506 1323 542 Amm.
1351 508 1464 544 Marc.
1491 509 1659 555 XXVII,
1681 515 1736 556 11,
1756 516 1788 550 1.
1818 526 1883 560 po-

1157 553 1274 587 tentia
1284 556 1320 588 et
1331 565 1442 599 opum
1452 557 1705 603 magnitudine
1717 563 1882 608 cogni-

1157 600 1232 633 tus
1258 601 1338 636 orbi
1361 601 1542 641 Romano.

1204 648 1294 684 Sall.
1322 649 1402 693 Iuy.
1429 653 1464 687 5.
1501 651 1684 697 Scipione,
1714 655 1775 690 cui
1801 667 1880 693 co-

1155 705 1359 738 gnomen
1383 702 1511 742 postea
1534 698 1712 736 Africano
1737 713 1784 738 ex
1806 703 1880 740 vir-

1154 743 1233 776 tute
1270 742 1351 779 fuit.
1388 765 1430 769 -
1469 747 1586 783 Amm.
1621 749 1736 786 Maro.
1769 751 1878 797 XIV,

1156 790 1211 833 11,
1237 792 1294 826 32.
1320 790 1448 836 Magni
1473 804 1520 828 ex
1543 805 1667 830 rerum
1691 799 1878 842 gestarum

1152 837 1405 881 magnitudine
1429 845 1724 887 cognomentum.

1202 933 1232 967 1.
1256 932 1345 969 Tim.
1369 936 1401 979 3,
1421 937 1477 971 15.
1504 937 1728 974 columna
1753 942 1790 975 et
1813 939 1875 976 fir·

1150 982 1376 1015 mamentum
1401 982 1575 1020 veritatis.
1595 1004 1638 1010 —
1663 986 1734 1021 Cio.
1750 987 1873 1026 Plano.

1151 1027 1183 1068 9,
1201 1028 1257 1062 23.
1283 1026 1556 1065 firmamentum
1579 1032 1633 1067 rei
1656 1033 1836 1078 publicae.

1207 1074 1246 1110 V.
1264 1075 1376 1112 Mart.
1397 1079 1428 1113 1.
1454 1079 1570 1113 nostri
1594 1091 1738 1126 quoque
1762 1083 1871 1119 ratio·

1148 1131 1231 1155 nem
1258 1124 1493 1159 commodi
1518 1125 1694 1164 ducimus.

1186 2113 1288 2156 Verq.
1322 2116 1409 2151 Aen.
1450 2117 1558 2160 VIII,
1590 2119 1671 2156 658.
1713 2119 1853 2156 defensi

1128 2160 1288 2194 tenebris
1314 2164 1351 2195 et
1376 2162 1472 2197 dono
1497 2165 1614 2200 noctis
1638 2177 1784 2212 opacae.
1804 2187 1850 2195 —

1127 2207 1244 2241 Amm.
1271 2208 1385 2244 Marc.
1412 2211 1518 2254 XIX,
1543 2214 1578 2256 8,
1606 2215 1638 2250 5.
1674 2214 1850 2250 obscurae

1126 2253 1307 2296 praesidio
1332 2257 1450 2290 noctis
1469 2286 1476 2293 .
1495 2286 1503 2293 .
1523 2286 1531 2294 .
1550 2260 1665 2295 evado
1690 2264 1727 2296 et
1744 2273 1848 2306 squa-

1125 2299 1265 2334 lentum
1299 2303 1430 2345 peritia
1462 2305 1628 2341 locorum
1656 2309 1848 2344 comitum-

1125 2358 1195 2390 que
1215 2347 1360 2383 adiutus
1377 2351 1573 2388 celeritate.
1594 2373 1636 2378 —
1661 2355 1749 2391 Sall.
1766 2356 1846 2400 Iuy.

1125 2396 1181 2429 52.
1223 2395 1416 2440 plerosque
1451 2399 1625 2434 velocitas
1666 2403 1704 2435 et
1743 2403 1845 2448 regio

1122 2440 1287 2476 hostibus
1321 2443 1449 2488 ignara
1479 2448 1619 2482 tutatae
1644 2451 1749 2494 sunt3
1785 2451 1844 2487 46.

1122 2489 1253 2532 peritia
1276 2490 1451 2528 locorum.

1152 2536 1246 2572 rlscv.
1261 2537 1448 2582 XXXIV,
1462 2542 1520 2576 49.
1539 2540 1579 2575 in
1595 2553 1844 2579 commune

1121 2594 1247 2618 omnes
1297 2584 1461 2621 civitates
1510 2589 1750 2626 consulerent.
1798 2611 1841 2616 —

1126 2630 1264 2666 Terent.
1290 2632 1408 2669 Andr.
1435 2635 1514 2678 ΙΙΙ,
1534 2638 1573 2679 3,
1593 2639 1648 2672 16.
1680 2637 1719 2671 in
1743 2648 1842 2675 com-

1118 2688 1229 2711 mune
1254 2680 1296 2712 ut
1321 2681 1496 2717 consulas.
1522 2703 1564 2708 ——
1589 2684 1706 2720 Amm.
1725 2685 1840 2722 Marc.

1117 2724 1270 2768 XXIX,
1296 2728 1334 2769 6,
1361 2729 1393 2763 3.
1436 2730 1626 2764 consulens
1666 2731 1705 2765 in
1741 2743 1839 2766 com-

1116 2782 1247 2815 mune3
1273 2773 1421 2818 XXXI,
1435 2778 1470 2818 2,
1485 2779 1518 2812 7.
1543 2788 1669 2812 omnes
1685 2778 1723 2812 in
1741 2789 1838 2813 com-

1115 2829 1226 2853 mune
1252 2821 1468 2859 consultant.
1501 2844 1547 2849 —
1579 2826 1618 2860 V.
1642 2825 1754 2861 Mart.
1782 2828 1837 2863 13.
