2014 3184
608 266 772 304 INDEX
798 263 1149 302 LOGUTIONUM.

169 422 178 431 .
205 421 214 432 .
248 390 511 428 aversabantur
538 390 622 432 228,
635 398 681 424 25.
710 407 752 412 —-
780 385 860 421 uni-

131 451 328 486 versosque
360 439 401 475 in
425 447 623 474 commune
649 463 657 472 .
685 462 694 471 .
723 461 732 470 .
758 434 862 469 obte-

133 489 326 525 stabantur
348 487 432 531 274,
445 496 473 522 5.
502 505 544 510 —
571 482 862 526 hortabaturque

133 547 261 573 omnes
284 535 324 571 in
340 543 536 570 commune
553 533 636 576 300,
650 541 695 566 25.
712 549 754 555 --
774 539 863 574 quas

133 584 285 621 inim-ias
310 611 319 620 .
338 610 346 619 .
366 611 374 619 .
400 581 440 616 in
464 589 659 616 commune
693 576 864 612 omnibus

136 661 145 671 .
172 661 180 670 .
207 661 217 670 .
241 631 438 677 irrogasset
470 630 554 673 277,
567 638 613 664 25.
649 646 692 652 —
725 623 865 660 cunctis

134 681 174 716 in
197 689 392 715 commune
423 674 638 722 suffrag-ium
662 672 865 708 ferentibus

136 729 219 772 314,
232 737 279 764 25.
312 746 354 752 —
392 723 572 760 Omnibus
605 721 644 756 in
670 730 866 756 commune

139 803 148 812 .
175 804 184 813 .
211 803 220 813 .
245 773 382 821 gratias
406 772 495 808 facit
519 772 601 815 320,
615 781 661 806 30.

186 823 304 859 donec
320 821 367 856 de
383 820 435 856 eis
453 831 472 855 0
483 830 552 854 0111
562 829 600 852 m
611 816 692 852 uni
715 813 867 851 consilio

139 871 405 907 deliberaretur
421 869 504 912 238,
517 878 563 904 ao.
582 885 628 892 —-
645 867 688 899 ut
704 863 750 898 de
767 861 867 908 prin-

139 918 282 965 cipibus
307 946 316 954 .
343 945 353 954 .
379 945 388 953 .
414 913 601 951 communi
629 911 780 948 consilio
806 909 869 944 de·

139 967 361 1002 liberaretur
375 966 459 1007 250,
467 973 513 999 35.
529 982 571 988 -
586 958 774 996 communi
783 969 869 993 con-

141 1014 220 1050 silio
233 1043 240 1050 .
254 1042 262 1051 .
275 1042 282 1050 .
297 1011 564 1048 deliberaturus
576 1011 658 1053 263,
670 1020 697 1044 1.
714 1027 756 1032 —-
771 1017 871 1040 eom-

140 1062 245 1099 muni
257 1059 410 1097 consilio
425 1087 432 1095 .
446 1087 454 1095 .
463 1087 471 1095 .
483 1057 725 1093 decernerent
735 1057 816 1098 301,
825 1064 870 1090 20.

191 1118 488 1146 communem
526 1105 690 1140 omnium
727 1102 871 1137 hostem

143 1155 398 1194 communibus
433 1164 559 1189 omnes
593 1151 721 1186 studiis
757 1160 872 1195 oppu-

143 1207 302 1252 gnarent
328 1205 464 1246 101,10.
483 1221 526 1226 -
547 1209 783 1236 communem
805 1196 873 1232 sibi

145 1264 223 1289 esse
258 1263 342 1288 cum
377 1250 429 1285 eis
453 1247 655 1284 rebellandi
681 1245 874 1281 necessita·

145 1305 233 1346 tem,
259 1303 298 1335 et
319 1298 404 1334 ideo
429 1307 624 1332 commune
649 1294 874 1340 periculum3

147 1358 382 1385 communem
418 1345 530 1381 etiam
569 1372 577 1380 .
605 1371 614 1380 .
641 1372 649 1380 .
683 1341 875 1378 victoriam

147 1397 309 1432 futuram
337 1395 417 1438 158,
431 1403 477 1430 35.
506 1394 586 1436 159,
601 1403 627 1427 1.

196 1439 573 1479 communicatis
599 1450 684 1474 eum
711 1466 718 1474 .
746 1466 754 1473 .
782 1466 790 1473 .
817 1447 876 1470 co-

148 1492 239 1527 mite
267 1489 432 1526 consiliis
465 1491 524 1533 80,
537 1498 566 1524 5.
598 1507 640 1512 —
674 1483 877 1520 communi-

150 1542 231 1576 cato
256 1550 340 1574 cum
358 1536 510 1572 caeteris
531 1534 637 1581 regni
653 1532 879 1579 principibus

151 1586 302 1623 consilio
329 1587 408 1629 173,
423 1595 468 1620 30.
497 1603 537 1608 —
566 1582 683 1616 donec
707 1609 715 1617 .
735 1609 743 1616 .
763 1608 771 1616 .
796 1590 879 1613 cum

152 1634 306 1670 caeteris
322 1632 428 1678 regni
445 1630 670 1676 principibus
688 1627 880 1663 consilium

152 1683 223 1718 hoc
257 1679 569 1716 communicarent
602 1679 682 1719 165,
696 1687 741 1712 25.
770 1694 812 1700 -
840 1676 882 1708 ut

154 1729 278 1766 omnia
308 1728 479 1771 deinceps
513 1724 664 1760 consilia
691 1751 700 1759 .
727 1751 735 1759 .
763 1749 770 1757 .
797 1733 882 1756 cum

154 1789 198 1814 eo
224 1775 513 1812 communicaret
541 1775 666 1814 25l,5.

203 1836 287 1860 cum
305 1823 384 1858 aliis
400 1820 626 1868 principibus
643 1816 882 1854 communi·

155 1872 298 1908 cando
323 1869 571 1916 principatum
599 1869 679 1911 100,
690 1877 735 1902 30.
763 1867 882 1908 101,1.

156 1941 202 1947 —-
220 1917 491 1956 communicato
508 1915 718 1961 principatu
743 1915 826 1956 312,
838 1923 882 1948 ιο.

157 1989 203 1994 -
220 1965 490 2004 communicato
508 1975 592 1998 cum
610 1973 654 1998 ea
677 1961 754 1996 solo
778 1959 885 2006 regni

156 2015 306 2051 nomine
333 2016 412 2058 110,
427 2024 472 2050 30.

205 2061 440 2098 mediocriter
464 2056 755 2103 compositis
791 2084 799 2091 .
833 2083 840 2092 .
876 2080 884 2088 .

157 2110 263 2158 regni
299 2108 460 2156 negociis
497 2109 555 2151 62,
571 2117 615 2142 15.
656 2125 696 2130 -—
737 2114 885 2148 compo-

159 2159 236 2194 sitis
266 2157 500 2192 mediocriter
525 2183 533 2191 .
561 2183 569 2191 .
596 2181 605 2190 .
639 2152 743 2198 regni
774 2162 886 2197 nego-

160 2206 225 2242 ciis
250 2207 308 2250 70,
323 2215 368 2241 15.

207 2264 293 2288 011111
318 2252 382 2287 diu
412 2250 645 2294 multumque
680 2248 887 2283 conatus

161 2301 289 2336 fuisset
312 2302 396 2343 220,
409 2310 455 2335 20.
489 2318 535 2323 —
567 2297 630 2331 diu
655 2295 887 2338 multumque

162 2350 314 2385 conatus
337 2349 421 2391 250,
435 2356 481 2383 25.
507 2347 588 2389 321,
602 2355 648 2380 25.

209 2399 276 2442 per
300 2394 485 2430 condensa
515 2393 700 2435 silvarum,
734 2401 802 2435 per
826 2388 888 2423 ab·

162 2446 272 2489 rupta
288 2442 481 2486 montium,
503 2451 570 2486 per
592 2448 790 2475 concava
813 2436 889 2471 val—

162 2491 253 2526 lium
276 2493 360 2535 275,
373 2501 419 2527 20.

211 2538 434 2583 quicumque
466 2535 506 2570 in
539 2534 687 2570 illorum
721 2531 891 2567 instituta

164 2586 262 2620 ultro
281 2583 533 2620 concedere
552 2581 754 2617 noluissent
762 2581 890 2622 133,20.

167 2653 210 2659 -
230 2632 403 2677 quoniam
415 2630 455 2666 in
470 2630 603 2665 horum
619 2628 787 2664 instituta
805 2637 891 2661 con-

166 2680 296 2716 cedere
315 2679 510 2714 noluerant
534 2679 655 2721 245,1.
684 2696 725 2701 —
754 2675 784 2709 si
810 2700 818 2708 .
846 2702 854 2709 .
884 2700 892 2709 .

166 2728 276 2812 312301
308 2727 347 2762 in
389 2726 604 2762 servitutem
647 2722 893 2758 concederent

239 2802 249 2819 ,
282 2804 289 2811 .

216 2834 254 2858 se
278 2821 526 2867 superioribus
547 2819 651 2854 malis
673 2843 681 2852 .
701 2846 709 2853 .
729 2844 738 2853 .
764 2814 893 2850 defati-

168 2873 272 2916 gatos
305 2868 508 2904 necessario
535 2867 707 2910 deinceps
740 2864 822 2898 loco
857 2864 894 2896 et

169 2917 327 2964 tempori
351 2923 676 2952 concessuros
703 2913 782 2954 183,
799 2922 823 2945 1.

1567 259 1640 294 413

910 395 1046 419 nomen
1083 383 1122 418 in
1159 391 1354 417 commune
1387 379 1433 414 ab
1471 377 1641 413 omnibus

910 431 1127 486 preedicari.
1165 450 1207 455 -——
1243 429 1329 482 Iud..
1361 429 1476 481 27,·7.
1514 436 1643 460 omnes

913 491 1009 515 emm
1035 490 1075 512 m
1100 487 1295 512 commune
1320 485 1529 510 mrawmus.

965 813 1043 848 Isiv.
1070 810 1259 853 XXVIII,
1277 811 1336 844 23.
1363 810 1404 841 ut
1431 835 1438 843 .
1459 834 1466 841 .
1487 835 1494 842 .
1522 817 1647 840 com-

917 859 1049 895 muni
1086 857 1235 893 consilio
1267 867 1346 891 rem
1384 856 1566 901 gererent.
1603 873 1648 878 --

918 912 952 946 2.
979 908 1098 942 Mach.
1127 909 1182 950 15,
1209 907 1266 941 36.
1306 914 1432 938 omnes
1464 900 1651 936 communi

920 955 1070 991 consilio
1097 954 1350 989 decreverunt.

970 1099 1099 1134 lustin.
1127 1097 1197 1138 IX,
1223 1098 1257 1138 3,
1284 1097 1317 1131 6.
1355 1102 1652 1129 communem

922 1148 1066 1182 hostem
1083 1146 1216 1190 putant
1241 1141 1496 1178 communibus
1513 1139 1653 1174 viribus

922 1193 1226 1230 submovendum.
1266 1211 1310 1216 —-
1350 1190 1437 1224 Sall.
1478 1189 1558 1231 luy.
1594 1189 1652 1223 81.

924 1241 1127 1278 communis
1163 1239 1327 1274 omnium
1353 1236 1467 1272 hostis
1493 1246 1580 1270 esse.
1610 1254 1652 1258 —-

925 1292 1055 1326 lustin.
1097 1288 1234 1330 XXII,
1268 1288 1290 1322 8
1299 1312 1309 1329 ,
1346 1288 1380 1322 5.
1422 1293 1655 1318 communem

925 1337 1134 1380 victoriam,
1185 1344 1420 1370 communem
1478 1330 1656 1376 praedam

926 1387 1099 1422 futuram.

975 1435 1054 1470 Liv.
1087 1432 1197 1474 VIII,
1229 1432 1288 1466 25.
1328 1427 1512 1474 principes
1552 1455 1559 1461 .
1601 1454 1607 1461 .
1649 1452 1656 1460 .

928 1479 1285 1517 communicato
1311 1477 1407 1511 inter
1425 1487 1463 1510 se
1489 1473 1658 1515 consilio,

929 1529 1116 1571 XXVIII,
1136 1529 1193 1563 28.
1220 1537 1285 1560 vos
1310 1536 1393 1559 cum
1418 1522 1471 1558 M.
1492 1548 1499 1556 .
1520 1550 1526 1557 .
1547 1547 1555 1556 .
1574 1532 1658 1555 con-

930 1578 1008 1612 silia
1051 1573 1367 1615 communicastis3
1410 1570 1568 1613 XXXI,
1600 1571 1657 1604 26.

930 1636 1023 1670 quae
1041 1623 1088 1657 ad
1105 1619 1410 1657 communicanda
1427 1617 1576 1653 consilia
1594 1644 1602 1652 .
1623 1642 1630 1650 .
1650 1641 1659 1650 .

931 1684 1014 1707 cum
1039 1681 1127 1715 rege
1154 1697 1163 1706 .
1192 1697 1200 1705 .
1226 1697 1234 1705 .
1263 1667 1372 1710 venit,
1407 1670 1466 1701 etc.
1495 1685 1537 1689 —
1572 1664 1658 1698 Sall.

933 1721 1008 1755 Cat.
1038 1721 1093 1754 18.
1137 1716 1229 1751 Cum
1268 1715 1337 1749 hoc
1377 1742 1384 1750 .
1419 1739 1427 1748 .
1461 1741 1468 1748 .
1508 1711 1659 1746 consilio

932 1765 1213 1802 communicato.
1230 1783 1271 1788 -—
1288 1765 1405 1797 Amm.
1418 1762 1532 1795 Marc.
1547 1759 1658 1800 XXI,

933 1818 966 1860 7,
995 1817 1025 1850 1.
1070 1824 1155 1848 cum
1193 1811 1346 1846 ducibus
1387 1806 1660 1843 communicato

932 1873 1040 1907 saepe
1066 1859 1229 1896 consilio.

983 2053 1072 2088 Sall.
1091 2051 1171 2094 qu.
1191 2051 1249 2086 56.
1287 2047 1348 2083 Ita
1372 2043 1664 2090 compositis

934 2102 1063 2145 rebus3
1099 2101 1156 2135 66.
1183 2095 1394 2141 compositis
1423 2094 1520 2128 inter
1545 2103 1582 2127 se
1608 2103 1664 2126 re-

935 2149 1015 2184 bus.
1050 2167 1095 2174 —
1127 2146 1206 2181 Liv.
1232 2145 1284 2187 II,
1311 2146 1368 2185 53,
1394 2145 1428 2179 3.
1454 2139 1665 2185 compositis

937 2194 1070 2232 deinde
1095 2193 1215 2230 rebus.
1267 2192 1325 2234 Cf.
1352 2189 1544 2224 sententia.

986 2244 1085 2287 Sulp.
1112 2243 1186 2277 Sev.
1215 2240 1313 2275 Dial.
1341 2239 1366 2272 I
1367 2264 1377 2281 ‚
1399 2240 1456 2273 20.
1484 2236 1547 2270 diu
1572 2235 1665 2268 mul-

937 2294 1090 2336 tumque
1115 2289 1298 2324 discutere
1324 2286 1532 2320 conatus
1559 2285 1624 2317 est.

987 2387 1121 2429 Reqino
1144 2396 1183 2428 p.
1209 2386 1266 2419 91.
1291 2382 1443 2426 propter
1469 2387 1668 2413 concava

939 2434 1089 2470 vallium
1123 2436 1159 2466 et
1192 2431 1368 2475 prerupta
1402 2426 1594 2460 montium.
1624 2444 1665 2449 -

940 2483 989 2518 Is.
1019 2484 1074 2525 10,
1090 2481 1147 2516 34.
1175 2477 1359 2513 condensa
1384 2475 1506 2509 saltus.

993 2813 1049 2854 Cf.
1076 2809 1217 2853 cedere,
1243 2811 1399 2852 tempus.
