1968 3164
243 367 345 402 1063.

254 415 270 446 (
268 414 286 438 Ι
287 415 346 446 nn.)

180 1269 234 1293 lob
248 1269 291 1300 20,
303 1269 346 1296 24.

359 250 405 284 84
724 247 993 284 LAMPERTI
1018 248 1271 284 ANNALES.
1320 249 1367 284 A.
1396 251 1499 286 1063.

360 370 566 424 privatus
598 370 911 419 abscessisset,
946 370 1052 420 nisi,
1088 384 1221 424 quem
1255 385 1337 412 nec
1371 371 1443 412 lex
1475 384 1559 412 nec
1591 370 1858 413 innocentia

359 429 480 470 tueri
522 431 757 483 poterant,
801 429 996 483 pecunia
1033 432 1189 471 tutata
1229 430 1407 472 fuisset.
1470 429 1590 471 Nam
1623 429 1857 472 distractis

360 502 412 530 ac
460 488 728 542 dilapidatis
774 488 910 530 rebus
958 488 1201 530 Fuldensis
1248 489 1514 531 monasterii
1567 502 1613 530 se
1661 501 1856 543 suosque

360 547 592 589 carissimo
625 547 919 588 mercimonio
948 547 1156 589 redemit.
1220 547 1456 599 Quantum
1487 548 1599 602 regi,
1633 553 1857 602 quantum

360 606 669 655 auriculariis,
713 609 935 660 quantum
978 606 1191 661 episcopo
1233 607 1393 648 datum
1436 607 1516 658 sit,
1560 607 1703 648 hauta
1746 606 1887 648 satist-2

361 667 485 706 certo
534 666 836 719 comperimus
852 665 878 705 ¹.
943 664 1142 706 Cautum
1191 666 1311 708 enim
1359 666 1534 716 fuerat,
1583 679 1641 708 ne
1688 665 1856 720 passim

359 724 639 778 vulgaretur.
693 724 795 765 Hoc
828 725 971 765 hauta
999 724 1139 765 dubio
1172 727 1366 774 constat,
1401 725 1464 766 sic
1497 738 1551 766 ea
1581 726 1858 779 tempestate

361 784 606 825 exhaustas
628 786 767 836 atque
790 783 974 824 attritas
1001 797 1097 825 esse
1129 783 1255 824 illius
1288 783 1555 825 monasterii
1585 797 1707 838 opes,
1741 797 1858 838 quae

359 856 502 895 usque
551 842 608 882 ad
656 842 702 882 id
750 842 969 896 temporis
1017 842 1365 884 florentissimae
1411 844 1542 884 erant
1589 842 1858 897 cunctisque

361 900 617 942 Galliarum
665 901 898 942 aecclesiis
946 897 1256 951 eminebant¹’,
1306 904 1358 942 ut
1400 902 1535 943 modo
1582 901 1647 943 ibi
1694 901 1858 956 prioris
1873 915 1906 942 10

360 960 624 1014 opulentiae
656 960 729 1000 vix
763 960 1046 1001 monimenta
1077 960 1289 1014 reperias.

502 1019 659 1060 Abbas
692 1021 795 1073 post
828 1019 939 1060 haec
973 1021 1163 1073 accepta
1195 1019 1383 1060 licentia
1406 1019 1601 1061 Fuldam
1623 1019 1856 1070 remeavit,

361 1092 514 1119 amaro
572 1080 618 1119 et
675 1079 886 1119 confecto
945 1078 1080 1118 nimis
1133 1092 1269 1132 super
1320 1078 1464 1119 tantis
1516 1078 1858 1120 calamitatibus

361 1137 526 1178 animo.
600 1137 659 1178 Et
707 1150 833 1186 ecce,
882 1137 947 1178 ibi
988 1137 1211 1179 acerbiori
1253 1151 1368 1191 pene
1409 1151 1562 1179 rerum
1609 1137 1858 1192 asperitate

361 1196 599 1250 excipitur,
655 1198 701 1237 et
754 1196 1005 1237 secundum
1058 1197 1337 1250 prophetaec
1397 1196 1620 1251 elogium,
1673 1196 1858 1251 fugiens
1873 1205 1907 1232 1⁵

360 1268 486 1295 arma
517 1255 679 1304 ferrea,
713 1255 877 1296 incidit
909 1255 957 1294 in
989 1269 1145 1295 arcum
1177 1269 1345 1296 ereum.
1400 1255 1584 1297 Fratres
1606 1255 1858 1297 Fuldenses

361 1327 387 1354 a
419 1313 644 1367 principio
686 1316 919 1355 austerum
962 1314 1058 1354 eius
1101 1316 1147 1355 et
1179 1314 1330 1354 minus
1362 1328 1498 1367 quam
1531 1314 1687 1356 decuit
1718 1327 1857 1368 popu·

360 1372 454 1413 lare
486 1372 723 1426 ingenium
746 1369 1049 1414 offenderatss.
1097 1373 1242 1413 Auxit
1267 1372 1364 1426 ipse
1396 1372 1615 1414 invidiam
1639 1374 1686 1415 et
1707 1373 1857 1414 facem

360 1445 452 1472 non
504 1431 740 1472 minimam
793 1428 1089 1472 emulationie
1143 1431 1350 1472 subdidit
1403 1431 1562 1485 predia
1609 1431 1857 1474 aecclesiae

361 1490 586 1531 militibus
618 1489 824 1544 improbe
857 1490 1088 1543 erogando
1100 1486 1117 1512 f
1154 1492 1200 1531 et
1231 1490 1451 1532 victualia
1487 1491 1698 1541 fratrum,
1741 1491 1904 1545 prio-20

359 1563 461 1589 rum
494 1549 714 1590 abbatum
746 1548 1027 1590 liberalitate
1059 1551 1248 1599 statuta,
1283 1549 1545 1591 minuendo.
1603 1549 1856 1591 Murmura-

361 1608 473 1649 bant
506 1608 562 1649 de
594 1608 666 1648 his
699 1607 958 1661 quottidieg
993 1610 1039 1649 et
1071 1608 1304 1649 intestinis
1337 1608 1651 1650 simultatibus
1680 1608 1855 1662 quacie-

360 1667 497 1707 batur
538 1667 879 1708 monasterium.
942 1666 1278 1708 Tolerabantur
1317 1669 1474 1709 tamen
1514 1667 1678 1709 timore
1710 1667 1856 1722 magis

360 1739 495 1779 quam
538 1739 712 1775 amore,
755 1739 812 1767 ne
854 1725 1030 1767 scilicet
1071 1725 1300 1767 inmature
1341 1726 1532 1780 vulgata
1571 1725 1857 1780 querimonia

359 1785 490 1825 favor
530 1784 651 1838 regis
692 1786 739 1826 et
780 1784 1039 1838 principum
1082 1799 1185 1826 eum
1218 1786 1473 1826 tuerentur.
1535 1785 1601 1826 At
1632 1785 1712 1826 ubi
1743 1797 1903 1826 nun-2⁵

361 1843 456 1885 cius
489 1845 705 1897 acceptae
736 1843 785 1883 in
808 1842 1018 1884 Goslaria
1050 1843 1194 1884 cladis
1226 1843 1422 1884 Fuldam
1453 1843 1593 1894 venit,
1627 1846 1728 1885 tum
1748 1857 1855 1886 vero

360 1897 434 1944 eth
482 1902 680 1943 recentis
720 1902 922 1944 vulneris
967 1902 1123 1944 dolore
1171 1905 1218 1944 et
1265 1903 1590 1957 preteritorum
1637 1902 1856 1944 memoria

360 1961 538 2002 accensi
579 1961 774 2002 fremere
815 1975 972 2002 omnes
1013 1963 1060 2003 et
1101 1975 1147 2003 se
1179 1961 1378 2002 vicissim
1410 1956 1631 2011 hortm-ii,
1673 1963 1727 2002 ut
1758 1963 1855 2002 tan-

359 2021 453 2060 tam
507 2020 726 2073 temporis
779 2020 1153 2062 commoditatem
1206 2020 1427 2061 divinitus
1479 2020 1683 2062 oblatam
1729 2015 1851 2061 nonk

359 2078 670 2131 negligerent;
714 2079 891 2131 agendo
933 2093 990 2120 ne
1025 2079 1124 2120 ocio
1165 2079 1283 2119 nihil
1324 2081 1479 2132 preter
1509 2092 1694 2134 operam
1725 2079 1902 2120 indu-so
1962 2074 1968 2087 ⁴

360 2137 608 2189 sti-iamque
651 2150 778 2177 suam
811 2133 984 2179 *deesse
1022 2172 1030 2187 ,
1073 2137 1227 2191 urgeri
1268 2138 1500 2179 hominem
1541 2138 1737 2192 propriis
1772 2137 1968 2194 ini—*paq

359 2195 615 2248 quitatibus
648 2195 705 2236 ad
737 2195 1000 2247 interitum;
1040 2198 1230 2250 agerent
1261 2210 1383 2237 nunc
1416 2196 1587 2250 singuli
1618 2210 1700 2250 pro
1731 2195 1854 2238 virili

359 2254 569 2308 portione
602 2256 648 2295 et
671 2267 717 2295 se
744 2268 966 2308 suumque
988 2255 1315 2296 monasterium
1347 2254 1597 2296 liberarent
1618 2255 1852 2306 acerrimo,

359 2326 451 2354 non
483 2314 635 2366 patre,
670 2313 748 2354 sed
781 2313 934 2363 hoste,
975 2314 1053 2367 qui
1086 2313 1314 2355 Fuldense
1346 2327 1534 2363 nomen,
1569 2313 1695 2355 caelo
1726 2313 1854 2368 prius

360 2373 599 2425 equatum,
642 2371 808 2424 probro
850 2386 971 2413 nunc
1013 2372 1303 2425 ludibrioque
1345 2372 1524 2413 cunctis
1555 2372 1919 2426 exposuisset-³5,
1966 2375 1968 2377 ’

359 2487 388 2516 a)
408 2484 488 2510 haud
508 2486 532 2509 A
546 2486 568 2512 1.
588 2486 648 2512 82.
740 2485 769 2516 b)
789 2485 979 2510 imminebant
999 2486 1059 2513 ΒΖ.
1151 2485 1178 2518 c)
1200 2486 1336 2518 proph'ie
1356 2487 1432 2514 Bia.
1533 2485 1564 2519 d)
1584 2485 1773 2512 offenderant
1790 2486 1853 2514 Al.

360 2521 386 2553 e)
406 2521 587 2545 emulacione
607 2521 668 2548 B2,
758 2521 782 2550 s)
801 2519 969 2551 erongando
989 2521 1014 2545 B
1026 2522 1065 2548 1³¹.
1156 2523 1187 2553 g)
1212 2522 1252 2546 sic
1270 2522 1333 2554 ΒΞ,
1365 2525 1394 2545 ut
1420 2522 1448 2547 V.
1468 2522 1549 2546 Luni
1566 2528 1694 2554 sernper,⁸
1721 2519 1853 2554 quotidie

359 2556 384 2581 A
398 2557 428 2588 l;
450 2556 570 2581 cottidie
589 2556 652 2582 Bi.
724 2556 755 2587 h)
776 2563 830 2582 om.
850 2556 875 2580 B
887 2555 928 2582 1¹².
1003 2557 1024 2586 i)
1042 2563 1147 2587 cepere
1170 2557 1235 2583 add.
1255 2557 1314 2584 82,
1378 2557 1409 2588 k)
1429 2565 1483 2584 om,
1502 2557 1579 2584 131⁸.
1651 2557 1672 2588 l)
1693 2563 1758 2582 esse
1775 2557 1852 2584 131⁸.

361 2651 394 2693 1)
432 2650 484 2683 De
518 2651 647 2683 iculicio
671 2650 857 2693 Lamperti
889 2650 1010 2692 iniquo
1046 2651 1083 2682 in
1108 2661 1240 2692 reyem,
1279 2652 1399 2693 iniquo
1426 2652 1463 2683 in
1487 2652 1684 2695 episcopum
1707 2650 1852 2684 Hildes-

358 2698 563 2730 heimensem
581 2698 620 2730 *in
637 2697 702 2729 hac
719 2697 928 2729 narratione
943 2697 1020 2729 vide
1036 2697 1077 2730 L.
1094 2708 1122 2731 v.
1134 2697 1270 2739 Ranke,
1292 2698 1465 2732 ‘Ss'lmth
1480 2697 1613 2731 Werke'
1631 2697 1695 2739 LI,
1710 2709 1749 2741 p.
1763 2699 1852 2738 132,·
1863 2706 1900 2732 40

358 2744 537 2776 Delbre'icle
565 2756 603 2787 p.
629 2745 695 2783 16;
729 2744 770 2778 L.
790 2743 985 2786 Book-chr,
1025 2743 1106 2776 ‘Die
1135 2744 1256 2777 letzten
1281 2744 1488 2778 Brunomm'
1515 2755 1554 2787 p.
1584 2745 1641 2787 24,
1677 2745 1742 2787 qui
1773 2744 1852 2778 bene

358 2795 468 2823 monet
497 2791 686 2832 pecuniam
720 2791 840 2823 datam
875 2800 944 2823 esse
978 2790 1022 2822 ab
1056 2791 1177 2823 abbate
1206 2800 1276 2834 pro
1301 2791 1413 2823 multa
1442 2792 1618 2824 commissi
1644 2795 1675 2823 et
1699 2792 1739 2824 in
1762 2801 1851 2824 com-

352 2839 593 2879 pensatimzem
627 2838 770 2879 damnet,
807 2847 875 2870 mm
911 2841 947 2869 ut
981 2847 1046 2870 rex
1077 2841 1179 2879 atque
1213 2838 1283 2869 (ιίίί
1313 2842 1624 2880 corrumperentur
1658 2839 1719 2879 (cf.
1745 2837 1851 2878 infra

355 2895 391 2928 p.
417 2885 474 2924 86,
508 2884 527 2918 l.
554 2886 688 2925 4*6);
722 2884 842 2926 Bleyer
869 2896 894 2918 v.
921 2884 1077 2917 Knonau
1111 2884 1146 2925 J,
1180 2895 1216 2927 p.
1244 2885 1324 2918 666.
1823 2884 1826 2887 ’
