2014 3184
336 228 406 264 416

340 366 386 372 —
423 343 590 386 Cumque
630 341 710 373 toto
751 335 873 371 triduo
915 331 1065 368 consilia

342 391 578 428 contulissent
602 389 681 431 165,
693 397 738 422 20.
766 404 808 409 —
836 382 909 418 Per
926 382 1066 425 septem

345 470 352 477 .
380 469 388 477 .
416 468 422 475 .
450 437 642 474 continuos
667 433 744 468 dies
769 429 918 466 consilia
946 426 1067 462 confe-

344 490 465 523 rentes
490 487 572 528 277,
588 494 631 519 15.

393 534 476 569 Rex
510 532 660 575 accepto
693 525 827 562 nuncio
853 522 963 559 vicini
989 550 997 558 .
1025 549 1031 557 .
1061 547 1070 557 .

347 580 499 628 periculi
523 578 684 624 graviter
702 576 826 609 mente
851 572 1069 606 conster-

349 633 490 666 natus
517 629 596 670 153,
610 636 637 661 5.
675 643 717 648 --
744 620 923 666 populum
947 618 1071 651 mente

350 677 623 713 consternatum
650 673 729 714 193,
741 681 786 705 20.

399 727 440 759 ut
460 724 564 757 tanto
581 724 748 763 tempore
773 714 938 750 inolitam
965 722 1074 746 con-

353 769 664 807 suetudinem
701 763 894 799 revelleret
932 761 1011 802 199,
1029 768 1076 793 25.

355 841 398 846 -—-
433 829 507 853 non
540 815 670 850 leviter
701 811 842 846 ferebat
868 804 1078 850 extorqueri

355 867 423 902 sibi
465 865 527 899 diu
570 861 735 897 inolitam
778 853 1078 893 consuetudinem

355 912 547 950 idolatriae
573 911 709 952 311‚25.

404 959 536 996 honori
552 960 676 992 tamen
693 965 758 989 suo
776 950 891 997 magis
911 960 962 984 co
974 959 1024 983 ns
1035 959 1080 981 u-

359 1007 554 1045 lendum
580 1015 689 1049 quam
715 998 924 1036 iracundiae
949 998 1081 1039 154,10.

362 1077 404 1083 —
430 1059 471 1090 ut
495 1052 628 1088 honori
652 1049 777 1096 pocius
803 1058 868 1081 suo
887 1055 997 1090 quam
1013 1043 1083 1077 ira—

362 1103 515 1140 cundiae
550 1099 715 1135 consulat
747 1098 830 1138 211,
853 1106 898 1130 20.
931 1111 975 1117 —-
1008 1094 1085 1124 tam

362 1150 494 1186 honori
520 1159 630 1192 quam
665 1142 874 1179 iracundiae
906 1150 991 1174 suae
1015 1138 1086 1172 hoc

365 1197 565 1235 consultius
585 1194 663 1230 fore
682 1190 866 1227 iudicabat
880 1190 962 1231 230,
974 1197 1018 1222 25.
1044 1205 1086 1210 „-

365 1250 465 1281 ratus
501 1273 508 1280 .
546 1272 554 1279 .
590 1269 598 1277 .
636 1238 786 1275 utilitati
826 1235 941 1280 magis
979 1243 1088 1277 quam

367 1291 576 1328 iracundiae
599 1285 861 1324 consulendum
886 1284 1025 1324 264,3o.
1046 1299 1087 1304 -

368 1342 469 1376 Bene
506 1367 513 1375 .
548 1366 554 1373 .
589 1365 596 1373 .
632 1335 750 1369 famae
789 1335 826 1367 et
859 1328 989 1365 honori
1025 1337 1091 1361 suo

370 1387 537 1424 consulat
560 1386 642 1427 261,
657 1394 701 1418 35.

419 1434 486 1469 nisi
503 1430 658 1467 turbatis
683 1429 792 1463 rebus
816 1427 959 1459 mature
985 1433 1092 1456 con-

372 1482 623 1518 suleretur
649 1479 764 1520 66‚20.
797 1494 842 1499 —
875 1474 916 1506 ut
940 1468 1095 1504 turbatis

373 1531 482 1565 rebus
507 1555 514 1562 .
530 1556 537 1563 .
554 1555 561 1562 .
579 1527 722 1560 mature
736 1520 941 1556 consuleret
956 1518 1038 1560 269,
1050 1527 1095 1551 20.

421 1572 642 1622 periclitanti
662 1571 716 1606 rei
736 1568 903 1615 publicae
917 1594 925 1601 .
941 1594 948 1601 .
965 1592 973 1601 .
987 1576 1006 1598 c
1017 1575 1039 1598 o
1050 1575 1098 1597 n-

375 1625 536 1660 sulere
555 1624 667 1664 71‚20.
684 1639 727 1643 —

376 1671 542 1718 publicae
560 1665 823 1703 consulendum
845 1661 942 1696 foret
962 1661 1044 1703 277,
1054 1669 1100 1694 20.

426 1722 467 1753 ut
492 1717 588 1751 vitae
612 1713 783 1760 propriae
817 1738 825 1746 .
853 1738 860 1745 .
889 1737 895 1745 .
930 1717 1100 1742 consu-

379 1768 501 1802 leret
537 1767 594 1807 83,
610 1774 634 1798 1.
669 1781 711 1786 —
746 1759 874 1803 fugae,
909 1766 981 1800 qua
1012 1782 1020 1790 .
1054 1781 1061 1789 .
1094 1780 1102 1788 .

379 1815 477 1849 vitae
533 1810 722 1846 consulere
777 1807 923 1840 coactus
978 1800 1105 1836 fuisset

382 1864 522 1905 211,2.=‚.
558 1878 600 1884 —
633 1854 807 1901 fugiendo
839 1849 947 1886 saluti
977 1859 1104 1883 consu-

383 1911 459 1944 lere
486 1908 566 1950 124,
584 1916 629 1941 20.

432 1953 650 1989 utilitatibus
668 1959 792 1984 rerum
806 1946 916 1981 etiam
935 1944 973 1978 in
985 1945 1106 1988 poste-

385 2014 468 2038 rum
493 1998 750 2034 consulere
775 1997 916 2036 331,25.
945 2011 986 2016 —-
1014 1990 1107 2024 Con-

387 2050 507 2085 sulens
528 2075 535 2083 .
552 2075 560 2083 .
576 2074 583 2082 .
603 2055 727 2079 rerum
740 2039 949 2076 difficultati
971 2040 1051 2079 333,
1063 2047 1108 2072 15.

391 2095 548 2138 —-,<lum
582 2091 719 2138 gloriae
753 2091 898 2122 nostrae
923 2085 1110 2119 consulere

389 2151 605 2179 conaremur
638 2140 720 2181 280,
740 2148 765 2171 1.
802 2155 843 2160 —
877 2133 1111 2168 circumstan—

390 2192 483 2226 tium
517 2187 633 2233 magis
658 2195 767 2230 quam
802 2193 887 2217 suae
921 2178 1112 2214 consulens

392 2235 599 2274 credulitati
622 2235 703 2276 322,
717 2242 762 2267 25.

441 2285 471 2319 si
492 2283 588 2318 vitae
614 2292 655 2315 ac
680 2277 788 2313 saluti
812 2286 898 2311 suae
924 2271 1115 2309 consul-

394 2337 491 2367 tum
516 2330 627 2367 velint
650 2329 734 2370 267,
748 2336 793 2362 30.
827 2344 869 2349 -
897 2321 1117 2366 quicumque

395 2380 450 2415 rei
503 2377 670 2423 publicae
724 2371 930 2408 consultum
982 2367 1119 2402 vellent

396 2430 478 2471 273,
497 2437 541 2462 30.

447 2568 503 2621 his
538 2565 601 2610 qui
636 2566 736 2598 recte
773 2560 807 2595 ei
844 2556 1123 2610 consultum

403 2605 981 2699 fflgffzzliitsulliiiiriocupieggnzm
986 2614 1066 2693 133}
1079 2612 1125 2684 2ῖῖ

408 2730 449 2736 -
476 2708 568 2743 Cum
596 2735 603 2742 .
632 2733 641 2741 .
666 2733 674 2741 .
709 2703 777 2737 tibi
802 2703 895 2737 bene
920 2698 1126 2734 consultum

407 2756 551 2800 cupiam
574 2755 658 2796 296,
672 2763 718 2787 20.

454 2803 600 2838 Iussum
631 2827 640 2835 .
667 2827 674 2834 .
703 2826 710 2833 .
745 2799 800 2831 est
835 2795 880 2829 ab
905 2804 992 2838 rege
1023 2789 1128 2825 facile

743 1613 985 1662 periclitanti.
1002 1640 1009 1647 .
1025 1637 1033 1645 .
1047 1610 1114 1650 rei,

821 213 985 252 INDEX
1010 205 1360 247 LOOUTIONUM.

1165 521 1200 555 2.
1227 515 1344 551 Mach.
1372 515 1435 557 13,
1459 513 1516 548 23.
1563 509 1687 544 mente
1733 515 1843 540 con-

1120 566 1384 602 sternatus.

1179 942 1267 977 Sall.
1295 941 1372 975 Cat.
1403 940 1459 974 51.
1496 946 1588 971 neve
1623 932 1742 979 magis
1777 930 1854 966 irae

1131 993 1273 1026 vestrae
1298 997 1408 1032 quam
1433 984 1553 1020 famae
1578 977 1851 1020 consulatis3

1134 1031 1485 1121 zizi-..ww
1508 1029 1625 1076 m...
1643 1037 1754 1073 ...m
1776 1025 1854 1060 1...

1185 1230 1218 1263 2.
1239 1226 1355 1260 Mach.
1384 1225 1440 1267 11,
1455 1224 1511 1258 15.
1535 1220 1575 1254 in
1596 1216 1766 1254 omnibus
1789 1213 1860 1249 uti-

1137 1275 1232 1310 litati
1257 1272 1458 1308 consulens.

1190 1417 1307 1451 Amm.
1340 1413 1444 1447 Marc
1469 1409 1581 1452 XXI,
1609 1409 1666 1451 12,
1694 1406 1751 1442 16.
1787 1405 1864 1438 tur-

1144 1464 1237 1499 batis
1263 1458 1516 1497 consuluit
1548 1456 1668 1491 rebus.
1718 1452 1776 1494 Cf.
1808 1461 1865 1486 re-

1145 1511 1317 1546 medium.

1200 1703 1297 1736 Caes.
1324 1700 1367 1735 Β.
1396 1697 1488 1732 Gall.
1514 1694 1602 1736 VII,
1628 1693 1684 1729 12.
1719 1692 1761 1724 ut
1791 1716 1800 1725 .
1827 1715 1836 1724 .
1862 1713 1871 1723 .

1151 1750 1248 1784 vitae
1280 1776 1288 1784 .
1315 1775 1323 1782 .
1352 1775 1359 1783 .
1389 1755 1475 1780 suae
1506 1737 1802 1777 consuleret.
1828 1754 1871 1760 —-

1154 1799 1269 1832 Amm.
1305 1795 1420 1828 Marc.
1455 1791 1547 1833 XX,
1574 1791 1608 1831 9,
1632 1788 1667 1823 4.
1703 1785 1734 1819 si
1766 1780 1876 1826 saluti

1154 1855 1240 1879 suae
1266 1871 1274 1879 .
1302 1871 1309 1878 .
1338 1870 1345 1878 .
1372 1837 1539 1878 consulit,
1564 1841 1622 1871 etc.

1203 1942 1236 1975 2.
1255 1937 1374 1972 Mach.
1396 1937 1430 1977 4,
1447 1935 1505 1970 21.
1531 1927 1688 1976 propriis
1712 1922 1877 1960 utilitati·
1936 1918 1940 1922 ’

1156 1989 1224 2022 bus
1252 1982 1523 2020 consulens.

1213 2267 1300 2302 Sall.
1319 2266 1398 2308 qu.
1419 2265 1497 2299 112.
1524 2261 1554 2295 si
1579 2257 1756 2293 ambobus
1780 2265 1885 2290 con-

1165 2315 1345 2350 sultum
1380 2340 1388 2348 .
1426 2338 1433 2346 .

1167 2363 1312 2397 Phorm.
1337 2359 1395 2401 II,
1422 2360 1454 2399 1,
1479 2358 1511 2391 1.
1543 2353 1606 2398 qui
1629 2350 1721 2386 mihi
1745 2349 1887 2384 consul-

1167 2413 1247 2444 tum
1281 2406 1418 2451 optime
1442 2402 1532 2438 velit
1556 2411 1643 2435 esse.
1680 2417 1723 2423 -—
1758 2396 1889 2430 lustin.

1169 2455 1320 2498 XVIII,
1347 2455 1381 2496 6,
1406 2454 1439 2487 4.
1475 2450 1505 2484 si
1528 2447 1617 2483 velit
1640 2444 1722 2480 urbi
1747 2441 1887 2479 consul-

1170 2507 1250 2539 tum
1275 2512 1364 2543 esse,
1388 2504 1447 2534 etc.

1220 2550 1333 2584 Pauli
1355 2547 1402 2582 H.
1429 2546 1530 2579 Rom.
1556 2542 1644 2584 VII,
1671 2541 1727 2577 11.
1761 2536 1892 2582 quibus

1174 2595 1450 2634 consultum
1475 2590 1655 2636 cupiebat.

1225 2787 1303 2820 Liv.
1321 2783 1373 2826 II,
1393 2783 1450 2825 56,
1471 2782 1525 2817 12.
1551 2777 1657 2812 facile
1681 2775 1771 2809 haec
1795 2782 1895 2806 con-

410 2853 447 2886 et
471 2861 522 2885 co
540 2844 789 2890 ntemptim
817 2844 952 2885 108‚20.
985 2859 1022 2864 —
1043 2836 1129 2872 levi·
1153 2837 1157 2881 l
1178 2830 1383 2876 temptim
1408 2828 1454 2863 de
1478 2828 1557 2861 iure
1583 2819 1791 2858 disserendo
1815 2829 1897 2863 per-

1470 2337 1478 2345 .
1511 2307 1633 2342 vellet.
1670 2324 1712 2329 —
1748 2303 1886 2336 Terent.
1940 2301 1943 2303 ’
