1942 3198
294 232 464 269 XLVIII
830 230 1120 266 PRAEFATIO
1148 230 1186 267 G.
1201 230 1247 266 V.

296 353 545 407 descriptum
604 353 792 407 casparo
851 352 1068 395 Charra-0
1111 351 1350 405 professori
1407 351 1667 406 Tubinyensi
1716 353 1788 395 ad-

294 412 436 464 ferret.
506 411 588 465 Qui.

436 471 535 525 Al)
578 470 818 512 Annalium
858 470 1078 524 Lamperti
1117 469 1339 512 editionem
1370 469 1612 524 principem
1642 483 1693 513 ex
1722 483 1788 513 ex-

294 530 473 583 emplari
502 530 576 571 illo
613 529 828 582 Tubv‘vgyae
864 533 988 570 1525.
1022 531 1138 583 apud
1167 529 1478 571 szderichum
1500 529 1788 572 Morhardum
1876 562 1904 579 f„

295 588 404 642 typis
436 590 719 631 excudendcmz
743 589 906 631 curarit
921 590 946 642 1,
972 587 1225 641 praemissis
1246 588 1421 641 epistola
1442 587 1818 632 Melanchthoniss
1872 591 1894 598 ”

295 649 354 689 ad
382 647 519 701 ipsum
551 649 677 689 datast
709 651 746 689 et
775 647 909 700 ipsius
940 647 1113 700 epistola
1145 646 1405 689 dedicatoria
1436 649 1495 690 acl
1518 647 1790 691 Wilhelmum

294 710 332 748 et
369 706 596 760 Geovyv'mn
627 707 803 748 barones
835 708 883 748 de
915 707 1138 759 Waltpmy
1170 707 1217 748 V.
1242 706 1347 748 Kal.
1373 706 1483 760 Sept.
1517 706 1626 749 anni
1659 709 1787 750 1525.

294 766 412 818 data,
465 765 512 806 m
553 779 655 818 qua,
705 779 796 807 omn
837 767 962 807 codex
1002 765 1061 807 W
1060 765 1374 818 itlenbewyensis
1413 779 1565 808 nomen
1604 764 1790 809 (motoris

295 838 381 866 non
413 826 657 877 praeberet:
699 823 824 879 Opus
859 828 939 874 est,
980 824 1129 877 imquit,
1164 827 1288 866 certe
1320 825 1419 880 ipso
1451 838 1619 880 genere
1650 839 1788 880 quam
1903 863 1906 867 .

294 885 616 926 venerandum.
671 883 780 924 Eius
814 885 982 925 author
1014 884 1211 938 quidem,
1244 886 1317 926 tot
1338 884 1559 926 revolutis
1580 886 1789 927 veterum
1801 898 1836 927 ιο
1881 900 1907 932 ’,η

295 943 614 991 monumentis,
647 944 747 982 tum
779 943 935 997 ipsius,
969 942 1107 985 facile
1131 946 1286 986 extare
1308 957 1402 985 non
1422 946 1589 999 potest.
1631 943 1788 986 Unum

295 1002 381 1042 hoc
413 1001 571 1055 liquet,
605 1001 967 1043 Herveldensem
997 1003 1154 1044 fuisse.
1228 1002 1368 1044 Cuius
1399 1002 1509 1053 vita,
1543 1002 1788 1058 studiaque

293 1062 390 1100 tam
422 1062 491 1101 est
522 1062 575 1101 ut
608 1059 785 1114 culpari
817 1063 1015 1115 possent,
1051 1075 1187 1115 quam
1219 1061 1292 1103 vel
1323 1061 1612 1116 integerrimi
1642 1062 1788 1104 cuius-

295 1133 381 1172 que
395 1119 423 1159 3.
485 1118 545 1160 Et
584 1118 622 1160 is
659 1117 731 1171 qui
763 1123 935 1161 curante
969 1119 1132 1162 Seeerio
1174 1119 1351 1162 codicem
1393 1119 1788 1174 Wittenberyensem

298 1270 331 1312 1)
356 1269 461 1302 Hunc
483 1270 628 1302 titulum
648 1280 741 1312 prae
764 1281 799 1303 se
825 1271 895 1311 fert
919 1270 975 1303 hic
1001 1271 1107 1304 liber:
1132 1269 1303 1314 Quisquis
1330 1281 1367 1304 es
1391 1270 1530 1316 gloriae
1548 1259 1788 1307 Germanicae
1801 1276 1836 1303 1⁸
1875 1265 1895 1299 ἰ

296 1319 332 1349 et
357 1316 534 1349 maiorum
560 1316 750 1360 studiosus,
777 1316 845 1350 hoc
868 1319 971 1351 utare
998 1328 1063 1351 ceu
1089 1317 1262 1362 magistro
1289 1317 1411 1352 libello
1437 1324 1523 1362 (quo
1547 1319 1703 1362 ineptior
1726 1328 1788 1352 εω-

294 1364 448 1405 coyitari
469 1374 540 1396 non
559 1366 743 1406 potuisset.
782 1364 917 1397 Samus
942 1365 1090 1398 de'oeisset
1108 1365 1336 1399 Charo-erus:
1365 1366 1548 1409 ‘Quisquis
1569 1366 1788 1409 cognitum,

295 1410 462 1452 quomodo
490 1412 653 1453 primum
677 1411 795 1453 yloria
819 1413 923 1454 requi
949 1413 1155 1445 Germanici
1177 1413 1386 1455 ean-tabuerit,
1420 1413 1482 1447 hoo
1506 1416 1611 1447 utare
1635 1411 1787 1456 labello').

295 1456 483 1501 Tubingae
509 1468 602 1491 anno
628 1457 827 1493 MDXXV.
879 1459 1125 1502 Subscriptum
1161 1460 1251 1493 libro
1284 1464 1355 1493 est:
1386 1458 1572 1494 Exeusum
1597 1458 1788 1505 Tubingae

295 1503 392 1547 apud
428 1503 693 1538 Hulderichum
730 1504 970 1539 Morhardum
1007 1517 1130 1540 mense
1167 1507 1336 1552 Augusto
1374 1505 1575 1543 MDXXV.
1642 1506 1836 1541 Titulusso

293 1551 540 1584 columnarum>
565 1556 631 1584 est:
656 1551 842 1586 Historiae
868 1551 1145 1588 Germanorum.
1221 1553 1258 1598 2)
1286 1555 1401 1596 Quam
1425 1556 1602 1598 inteyram
1625 1553 1788 1589 eoeth:
1807 1552 1809 1554 ’

296 1597 485 1642 Philippus
510 1597 773 1633 Melanchthon
805 1610 869 1633 suo
896 1599 1070 1644 Chaspari
1097 1599 1278 1636 Ohurrero
1309 1601 1422 1635 bonas
1447 1601 1571 1636 literas
1595 1600 1787 1647 'tubingae

294 1645 332 1678 in
356 1644 482 1679 Suevis
508 1645 653 1680 docenti
678 1645 715 1682 S.
764 1646 868 1681 Fecit
893 1658 1057 1681 mearum
1082 1659 1204 1682 rerum
1229 1649 1330 1683 varia
1354 1647 1512 1693 iactatio,
1537 1648 1588 1683 mi
1613 1647 1786 1693 olimpum,

295 1703 359 1725 cur
383 1692 557 1726 hactenus
583 1693 629 1726 ad
653 1695 690 1727 te
715 1693 806 1727 nihil
831 1694 1046 1738 scripserim,
1078 1695 1225 1729 tametsi
1255 1706 1398 1740 semper
1423 1695 1545 1730 animo
1569 1695 1625 1730 tui
1648 1706 1787 1730 memo·

294 1739 384 1772 riam
411 1739 693 1784 circumferrem,
720 1743 756 1774 et
780 1743 954 1785 tanquam
974 1742 1086 1776 0011118
1104 1742 1236 1776 nostris
1254 1742 1405 1776 adsiduo
1424 1741 1678 1778 obversareris.
1712 1741 1786 1777 Ne-
1797 1748 1834 1777 2⁶

294 1797 364 1829 que
390 1786 487 1820 enim
511 1786 590 1821 fieri
614 1788 744 1831 potuit,
780 1790 820 1821 ut
851 1788 1011 1822 studium
1043 1800 1128 1834 erga
1152 1792 1190 1823 te
1214 1801 1337 1824 meum
1362 1791 1500 1824 temere
1525 1789 1786 1824 benivolentia-

293 1844 363 1876 que
398 1834 664 1878 languesceret,
701 1846 810 1878 quem
843 1838 1035 1880 tantopere
1070 1836 1287 1872 dilexissem.
1337 1835 1456 1881 Quam
1489 1837 1622 1872 vellem
1656 1835 1787 1891 officiis

293 1880 527 1924 amplioribus
544 1882 767 1916 voluntatem
788 1882 899 1917 animi
923 1883 961 1916 in
985 1885 1023 1917 te
1048 1883 1120 1918 mei
1145 1883 1328 1918 declarare
1344 1884 1554 1928 potuissem.
1592 1883 1672 1920 Scis
1688 1894 1787 1919 emm
1843 1894 1846 1895 ’
1900 1877 1902 1883 “

293 1927 390 1960 hunc
423 1927 513 1961 mihi
545 1939 685 1963 morem
717 1940 804 1973 esse,
839 1932 880 1963 ut
905 1929 1104 1964 liberaliter
1129 1933 1166 1964 et
1190 1933 1397 1965 constanter
1422 1942 1551 1967 amem.
1599 1930 1658 1965 Tu
1680 1930 1785 1966 vicis-

293 1974 372 2015 sim,
407 1974 437 2007 si
469 1985 543 2007 non
568 1975 654 2008 sinis
678 1987 744 2009 nos
770 1987 815 2010 ex
840 1976 960 2010 animo
986 1979 1049 2010 tuo
1081 1977 1241 2022 effluere,
1276 1989 1452 2022 perquam
1487 1980 1654 2012 amanter
1685 1977 1834 2014 faciam
1892 2014 1898 2022 ,

294 2019 424 2054 Nescio
450 2021 546 2054 enim
571 2022 633 2064 qui
657 2021 732 2064 fiat,
767 2027 808 2055 ut
832 2034 944 2066 usque
970 2023 1060 2057 adeo
1086 2024 1268 2058 veteribus
1294 2025 1416 2058 amicis
1443 2025 1620 2069 sordeam,
1652 2025 1698 2059 de
1722 2028 1786 2060 tua

294 2067 481 2101 voluntate
499 2067 590 2101 nihil
615 2068 753 2112 dubito,
778 2070 993 2112 praesertim
1019 2070 1048 2104 si
1073 2070 1110 2104 in
1135 2070 1177 2104 iis
1203 2071 1330 2104 studiis
1348 2082 1389 2105 ac
1407 2071 1520 2106 literis
1537 2083 1584 2116 es,
1610 2082 1703 2116 quae
1719 2082 1786 2106 nos

294 2113 340 2147 ad
380 2114 686 2158 benevolentiam,
727 2115 918 2159 pietatem,
959 2115 1069 2150 fidem
1111 2117 1362 2154 adhortantur.
1424 2118 1589 2162 Reliquis
1628 2118 1787 2154 libenter

293 2160 451 2205 ignosco,
478 2161 540 2204 qui
563 2161 602 2195 111
628 2162 804 2196 01118111οᾱ1
829 2162 954 2196 studiis
980 2166 1180 2206 versantur,
1212 2167 1253 2198 ut
1278 2165 1412 2198 mirum
1438 2165 1494 2210 sit,
1525 2177 1599 2199 non
1624 2166 1786 2211 omnino,

292 2207 600 2251 quemadmodum
630 2208 691 2242 ille
726 2209 787 2252 ait,
821 2210 998 2243 vulturios
1022 2209 1111 2246 fieri.
1152 2211 1372 2245 -Discedenti
1402 2211 1486 2246 111110
1511 2211 1658 2247 Secerio
1682 2223 1784 2247 man·
1797 2220 1833 2248 35

293 2255 430 2298 daram,
455 2257 497 2288 ut
521 2257 663 2289 curaret
686 2255 886 2299 historiam,
912 2257 1013 2291 cuius
1039 2260 1093 2291 est
1117 2257 1155 2291 in
1171 2257 1499 2303 Augustinensium
1523 2254 1801 2295 monachorum'

293 2301 512 2335 bibliotheca
548 2303 773 2346 exemplum,
811 2303 974 2339 describi.
1048 2304 1223 2338 Nondum
1264 2305 1361 2339 enim
1397 2305 1472 2340 vidi
1509 2317 1530 2340 a
1567 2305 1786 2343 Germaniae

293 2348 529 2392 scriptoribus
547 2360 589 2383 eo
608 2352 821 2394 argumento
840 2350 1037 2394 quidquam
1054 2351 1262 2396 diligentius
1280 2363 1356 2386 esse
1374 2352 1627 2398 compositum,
1639 2353 1787 2389 tametsi

290 2395 470 2439 quaedam
504 2395 736 2430 admiscuerit
769 2397 814 2430 de
848 2397 998 2441 privatis
1030 2398 1137 2432 rebus
1171 2398 1320 2443 indigna
1343 2402 1574 2443 posterorum
1597 2400 1784 2436 memori&

292 2441 386 2476 Eam
402 2453 480 2476 rem
497 2444 613 2476 totam
630 2445 714 2477 tuae
732 2444 919 2478 committo
938 2446 974 2478 et
990 2443 1076 2479 fidei
1093 2447 1129 2479 et
1145 2445 1372 2490 prudentiae,
1398 2446 1428 2480 si
1449 2446 1620 2481 iudicaris
1636 2447 1785 2492 dignam
1796 2455 1833 2482 ω
1864 2456 1878 2500 γ’]

293 2500 369 2523 0880
393 2489 582 2523 historiam
602 2490 770 2534 editione,
797 2502 929 2534 quaeso
946 2491 1146 2536 incumbas,
1172 2494 1213 2526 ut
1229 2492 1326 2526 illius
1342 2493 1475 2537 praelis
1493 2493 1786 2529 emendatissima

291 2535 495 2580 mandetur,
527 2536 582 2570 sin
607 2537 712 2571 aliter
735 2537 928 2582 videbitur,
960 2537 1066 2572 facile
1091 2538 1231 2583 faciam,
1264 2539 1439 2584 scriptum
1463 2551 1537 2574 non
1563 2541 1784 2587 elegantissi-

292 2594 393 2616 mum
418 2583 576 2619 interire.
614 2584 708 2619 Vale
734 2595 778 2618 ex
788 2584 1095 2630 Vuitttemberga.
1169 2588 1205 2630 3)
1231 2586 1382 2620 Initium
1408 2588 1572 2631 epistolae
1595 2589 1693 2622 hocce
1715 2593 1784 2623 est:

291 2629 491 2664 Incidimus
525 2641 651 2674 nuper,
685 2630 960 2665 Generosissimi
993 2631 1172 2676 Barones,
1207 2633 1327 2667 nescio
1359 2645 1406 2667 an
1439 2645 1600 2678 unquam
1630 2635 1669 2669 in
1698 2644 1784 2679 pru-

291 2676 435 2711 dentius
461 2677 598 2721 aliquot
621 2677 817 2723 insignium
841 2690 964 2712 rerum
988 2682 1173 2724 gestarum
1198 2691 1219 2714 a
1242 2680 1374 2714 nostris
1397 2679 1615 2716 Germaniae
1639 2681 1832 2716 maiori-4⁶
1880 2691 1898 2718 ,ζ

292 2723 359 2757 bus
399 2724 590 2768 scriptum,
632 2725 861 2768 quorundam
902 2725 1195 2760 doctissimorum
1230 2727 1421 2761 hominum
1457 2728 1572 2762 literis
1607 2738 1785 2773 perquam

291 2770 499 2804 humaniter
536 2771 721 2807 admoniti.
780 2773 842 2806 Ea:
882 2774 1032 2816 reliquis
1069 2774 1152 2807 haec
1186 2778 1326 2807 tantum
1359 2775 1463 2808 verba
1496 2777 1654 2810 notanda
1686 2779 1783 2818 sunt,

291 2818 418 2861 quibus
454 2819 543 2852 liber
577 2819 771 2852 laudatur:
809 2821 885 2853 tam
921 2819 1157 2863 foelicissimi,
1194 2822 1274 2854 tum
1308 2832 1431 2855 rerum
1469 2821 1662 2867 dignitate,
1703 2824 1784 2856 tum

289 2864 464 2898 orationis
490 2865 668 2910 elegantia
692 2865 798 2899 huius
823 2866 1060 2902 monumenti.
