<?xml version="1.0" encoding="UTF-8"?>
<!DOCTYPE html PUBLIC "-//W3C//DTD XHTML 1.0 Transitional//EN"
    "http://www.w3.org/TR/xhtml1/DTD/xhtml1-transitional.dtd">
<html xmlns="http://www.w3.org/1999/xhtml" xml:lang="en" lang="en">
 <head>
  <title>
</title>
<meta http-equiv="Content-Type" content="text/html;charset=utf-8" />
  <meta name='ocr-system' content='tesseract 3.04.00' />
  <meta name='ocr-capabilities' content='ocr_page ocr_carea ocr_par ocr_line ocrx_word'/>
</head>
<body>
  <div class='ocr_page' id='page_1' title='image "./lampertimonachih00lambuoft/lampertimonachih00lambuoft_0480.png"; bbox 0 0 2014 3184; ppageno 0'>
   <div class='ocr_carea' id='block_1_1' title="bbox 415 339 487 374">
    <p class='ocr_par' dir='ltr' id='par_1_1' title="bbox 415 339 487 374">
     <span class='ocr_line' id='line_1_1' title="bbox 415 339 487 374; baseline 0.014 -1"><span class='ocrx_word' id='word_1_1' title='bbox 415 339 487 374; x_wconf 89' lang='lat'>404</span> 
     </span>
    </p>
   </div>
   <div class='ocr_carea' id='block_1_2' title="bbox 415 597 1143 784">
    <p class='ocr_par' dir='ltr' id='par_1_2' title="bbox 415 597 1143 784">
     <span class='ocr_line' id='line_1_2' title="bbox 463 597 1143 644; baseline 0 -12"><span class='ocrx_word' id='word_1_2' title='bbox 463 599 559 633; x_wconf 84' lang='lat' dir='ltr'>iactu</span> <span class='ocrx_word' id='word_1_3' title='bbox 593 597 767 643; x_wconf 89' lang='lat' dir='ltr'>lapidum,</span> <span class='ocrx_word' id='word_1_4' title='bbox 801 597 899 642; x_wconf 89' lang='lat' dir='ltr'>quod</span> <span class='ocrx_word' id='word_1_5' title='bbox 932 609 1046 644; x_wconf 85' lang='lat' dir='ltr'>genus</span> <span class='ocrx_word' id='word_1_6' title='bbox 1079 597 1143 632; x_wconf 88' lang='lat' dir='ltr'>teli</span> 
     </span>
     <span class='ocr_line' id='line_1_3' title="bbox 416 644 1142 690; baseline -0.001 -10"><span class='ocrx_word' id='word_1_7' title='bbox 416 646 511 680; x_wconf 85' lang='lat' dir='ltr'>forte</span> <span class='ocrx_word' id='word_1_8' title='bbox 533 647 634 680; x_wconf 89' lang='lat' dir='ltr'>locus</span> <span class='ocrx_word' id='word_1_9' title='bbox 651 645 727 690; x_wconf 89' lang='lat' dir='ltr'>ipse</span> <span class='ocrx_word' id='word_1_10' title='bbox 750 644 945 679; x_wconf 87' lang='lat' dir='ltr'>affatim</span> <span class='ocrx_word' id='word_1_11' title='bbox 962 645 1142 680; x_wconf 85' lang='lat' dir='ltr'>ministra-</span> 
     </span>
     <span class='ocr_line' id='line_1_4' title="bbox 415 692 1143 738; baseline -0.001 -11"><span class='ocrx_word' id='word_1_12' title='bbox 415 694 490 738; x_wconf 89' lang='lat' dir='ltr'>bat,</span> <span class='ocrx_word' id='word_1_13' title='bbox 520 705 593 727; x_wconf 91' lang='lat' dir='ltr'>non</span> <span class='ocrx_word' id='word_1_14' title='bbox 618 695 694 727; x_wconf 87' lang='lat' dir='ltr'>tam</span> <span class='ocrx_word' id='word_1_15' title='bbox 725 692 929 737; x_wconf 88' lang='lat' dir='ltr'>periculum</span> <span class='ocrx_word' id='word_1_16' title='bbox 954 693 1143 737; x_wconf 88' lang='lat' dir='ltr'>propulsa-</span> 
     </span>
     <span class='ocr_line' id='line_1_5' title="bbox 415 741 643 784; baseline -0.004 -8"><span class='ocrx_word' id='word_1_17' title='bbox 415 741 505 776; x_wconf 89' lang='lat' dir='ltr'>bant</span> <span class='ocrx_word' id='word_1_18' title='bbox 531 743 643 784; x_wconf 78' lang='lat'>94,15.</span> 
     </span>
    </p>
   </div>
   <div class='ocr_carea' id='block_1_3' title="bbox 416 929 1143 1022">
    <p class='ocr_par' dir='ltr' id='par_1_3' title="bbox 416 929 1143 1022">
     <span class='ocr_line' id='line_1_6' title="bbox 464 929 1143 974; baseline -0.001 -11"><span class='ocrx_word' id='word_1_19' title='bbox 464 930 500 963; x_wconf 90' lang='lat' dir='ltr'>in</span> <span class='ocrx_word' id='word_1_20' title='bbox 543 929 700 964; x_wconf 86' lang='lat' dir='ltr'>cervices</span> <span class='ocrx_word' id='word_1_21' title='bbox 746 929 959 974; x_wconf 83' lang='lat' dir='ltr'>iugulosque</span> <span class='ocrx_word' id='word_1_22' title='bbox 1001 931 1143 963; x_wconf 89' lang='lat' dir='ltr'>nostros</span> 
     </span>
     <span class='ocr_line' id='line_1_7' title="bbox 416 976 1143 1022; baseline 0 -11"><span class='ocrx_word' id='word_1_23' title='bbox 416 978 511 1011; x_wconf 87' lang='lat' dir='ltr'>viam</span> <span class='ocrx_word' id='word_1_24' title='bbox 530 977 652 1022; x_wconf 78' lang='lat' dir='ltr'>gladio</span> <span class='ocrx_word' id='word_1_25' title='bbox 675 988 740 1010; x_wconf 82' lang='lat' dir='ltr'>suo</span> <span class='ocrx_word' id='word_1_26' title='bbox 766 988 787 1010; x_wconf 89' lang='lat' dir='ltr'>a</span> <span class='ocrx_word' id='word_1_27' title='bbox 797 976 864 1010; x_wconf 91' lang='lat' dir='ltr'>ffe</span> <span class='ocrx_word' id='word_1_28' title='bbox 875 987 895 1011; x_wconf 88' lang='grc'>0</span> <span class='ocrx_word' id='word_1_29' title='bbox 906 979 921 1010; x_wconf 93' lang='lat' dir='ltr'>t</span> <span class='ocrx_word' id='word_1_30' title='bbox 931 987 951 1010; x_wconf 85' lang='lat' dir='ltr'>a</span> <span class='ocrx_word' id='word_1_31' title='bbox 961 979 977 1010; x_wconf 91' lang='lat' dir='ltr'>t</span> <span class='ocrx_word' id='word_1_32' title='bbox 1001 978 1083 1021; x_wconf 87' lang='lat'>280,</span> <span class='ocrx_word' id='word_1_33' title='bbox 1099 987 1143 1012; x_wconf 90' lang='lat'>15.</span> 
     </span>
    </p>
   </div>
   <div class='ocr_carea' id='block_1_4' title="bbox 416 1117 1145 2626">
    <p class='ocr_par' dir='ltr' id='par_1_4' title="bbox 416 1117 1145 1446">
     <span class='ocr_line' id='line_1_8' title="bbox 463 1117 1144 1164; baseline 0 -12"><span class='ocrx_word' id='word_1_34' title='bbox 463 1119 582 1163; x_wconf 88' lang='lat' dir='ltr'>ipsum</span> <span class='ocrx_word' id='word_1_35' title='bbox 621 1129 764 1163; x_wconf 87' lang='lat' dir='ltr'>quoque</span> <span class='ocrx_word' id='word_1_36' title='bbox 796 1130 950 1164; x_wconf 84' lang='lat' dir='ltr'>regnum</span> <span class='ocrx_word' id='word_1_37' title='bbox 989 1129 1010 1152; x_wconf 88' lang='lat' dir='ltr'>a</span> <span class='ocrx_word' id='word_1_38' title='bbox 1021 1117 1038 1152; x_wconf 88' lang='lat' dir='ltr'>f</span> <span class='ocrx_word' id='word_1_39' title='bbox 1045 1117 1062 1152; x_wconf 87' lang='lat' dir='ltr'>f</span> <span class='ocrx_word' id='word_1_40' title='bbox 1069 1129 1089 1152; x_wconf 91' lang='lat' dir='ltr'>e</span> <span class='ocrx_word' id='word_1_41' title='bbox 1100 1129 1120 1152; x_wconf 90' lang='grc'>0</span> <span class='ocrx_word' id='word_1_42' title='bbox 1130 1137 1144 1144; x_wconf 92' lang='grc'><strong>-</strong></span> 
     </span>
     <span class='ocr_line' id='line_1_9' title="bbox 416 1165 1143 1210; baseline -0.001 -10"><span class='ocrx_word' id='word_1_43' title='bbox 416 1170 519 1200; x_wconf 82' lang='lat' dir='ltr'>tare</span> <span class='ocrx_word' id='word_1_44' title='bbox 547 1169 603 1210; x_wconf 89' lang='grc'>71,</span> <span class='ocrx_word' id='word_1_45' title='bbox 619 1177 661 1202; x_wconf 86' lang='lat'>15.</span> <span class='ocrx_word' id='word_1_46' title='bbox 688 1186 730 1191; x_wconf 90' lang='lat'>—</span> <span class='ocrx_word' id='word_1_47' title='bbox 754 1165 880 1200; x_wconf 90' lang='lat' dir='ltr'>videns</span> <span class='ocrx_word' id='word_1_48' title='bbox 907 1194 914 1201; x_wconf 93' lang='lat'>.</span> <span class='ocrx_word' id='word_1_49' title='bbox 934 1194 941 1201; x_wconf 92' lang='lat'>.</span> <span class='ocrx_word' id='word_1_50' title='bbox 961 1193 968 1201; x_wconf 92' lang='lat'>.</span> <span class='ocrx_word' id='word_1_51' title='bbox 995 1165 1143 1209; x_wconf 87' lang='lat' dir='ltr'>propin-</span> 
     </span>
     <span class='ocr_line' id='line_1_10' title="bbox 417 1213 1144 1258; baseline 0.003 -12"><span class='ocrx_word' id='word_1_52' title='bbox 417 1225 528 1258; x_wconf 85' lang='lat' dir='ltr'>quum</span> <span class='ocrx_word' id='word_1_53' title='bbox 546 1225 651 1247; x_wconf 89' lang='lat' dir='ltr'>suum</span> <span class='ocrx_word' id='word_1_54' title='bbox 668 1225 822 1258; x_wconf 84' lang='lat' dir='ltr'>regnum</span> <span class='ocrx_word' id='word_1_55' title='bbox 840 1213 1010 1247; x_wconf 85' lang='lat' dir='ltr'>affectare</span> <span class='ocrx_word' id='word_1_56' title='bbox 1028 1215 1084 1256; x_wconf 90' lang='lat'>77,</span> <span class='ocrx_word' id='word_1_57' title='bbox 1099 1223 1144 1248; x_wconf 82' lang='lat'>25.</span> 
     </span>
     <span class='ocr_line' id='line_1_11' title="bbox 419 1260 1145 1306; baseline 0 -12"><span class='ocrx_word' id='word_1_58' title='bbox 419 1281 460 1286; x_wconf 83' lang='lat'>——</span> <span class='ocrx_word' id='word_1_59' title='bbox 509 1272 663 1306; x_wconf 86' lang='lat' dir='ltr'>regnum</span> <span class='ocrx_word' id='word_1_60' title='bbox 711 1261 897 1295; x_wconf 83' lang='lat' dir='ltr'>affectasse</span> <span class='ocrx_word' id='word_1_61' title='bbox 948 1260 1145 1294; x_wconf 78' lang='lat' dir='ltr'><strong>infamatus</strong></span> 
     </span>
     <span class='ocr_line' id='line_1_12' title="bbox 417 1308 1144 1353; baseline -0.004 -9"><span class='ocrx_word' id='word_1_62' title='bbox 417 1311 496 1351; x_wconf 83' lang='lat'>217,</span> <span class='ocrx_word' id='word_1_63' title='bbox 512 1319 538 1343; x_wconf 92' lang='lat'>5.</span> <span class='ocrx_word' id='word_1_64' title='bbox 567 1329 608 1333; x_wconf 93' lang='lat'><em>-</em></span> <span class='ocrx_word' id='word_1_65' title='bbox 634 1310 675 1342; x_wconf 89' lang='lat' dir='ltr'>ut</span> <span class='ocrx_word' id='word_1_66' title='bbox 693 1334 701 1342; x_wconf 98' lang='lat'>.</span> <span class='ocrx_word' id='word_1_67' title='bbox 717 1334 724 1342; x_wconf 95' lang='lat'>.</span> <span class='ocrx_word' id='word_1_68' title='bbox 740 1336 747 1344; x_wconf 89' lang='lat'>.</span> <span class='ocrx_word' id='word_1_69' title='bbox 766 1308 908 1353; x_wconf 87' lang='lat' dir='ltr'>regium</span> <span class='ocrx_word' id='word_1_70' title='bbox 930 1319 1064 1342; x_wconf 90' lang='lat' dir='ltr'>nomen</span> <span class='ocrx_word' id='word_1_71' title='bbox 1089 1319 1144 1342; x_wconf 89' lang='lat' dir='ltr'>re-</span> 
     </span>
     <span class='ocr_line' id='line_1_13' title="bbox 416 1354 1144 1401; baseline 0 -12"><span class='ocrx_word' id='word_1_72' title='bbox 416 1356 588 1401; x_wconf 86' lang='lat' dir='ltr'>giumque</span> <span class='ocrx_word' id='word_1_73' title='bbox 619 1355 786 1390; x_wconf 86' lang='lat' dir='ltr'>diadema</span> <span class='ocrx_word' id='word_1_74' title='bbox 819 1355 1011 1400; x_wconf 90' lang='lat' dir='ltr'>impudens</span> <span class='ocrx_word' id='word_1_75' title='bbox 1037 1354 1144 1389; x_wconf 85' lang='lat' dir='ltr'>affec-</span> 
     </span>
     <span class='ocr_line' id='line_1_14' title="bbox 417 1405 676 1446; baseline 0.008 -10"><span class='ocrx_word' id='word_1_76' title='bbox 417 1405 529 1437; x_wconf 83' lang='lat' dir='ltr'>tasset</span> <span class='ocrx_word' id='word_1_77' title='bbox 553 1405 634 1446; x_wconf 87' lang='lat'>285,</span> <span class='ocrx_word' id='word_1_78' title='bbox 651 1415 676 1439; x_wconf 89' lang='lat'>1.</span> 
     </span>
    </p>

    <p class='ocr_par' dir='ltr' id='par_1_5' title="bbox 417 1449 1144 1541">
     <span class='ocr_line' id='line_1_15' title="bbox 465 1449 1144 1494; baseline 0 -11"><span class='ocrx_word' id='word_1_79' title='bbox 465 1461 620 1494; x_wconf 90' lang='lat' dir='ltr'>eumque</span> <span class='ocrx_word' id='word_1_80' title='bbox 653 1450 746 1484; x_wconf 89' lang='lat' dir='ltr'>miro</span> <span class='ocrx_word' id='word_1_81' title='bbox 781 1450 925 1484; x_wconf 88' lang='lat' dir='ltr'>colebat</span> <span class='ocrx_word' id='word_1_82' title='bbox 956 1461 976 1483; x_wconf 89' lang='lat' dir='ltr'>a</span> <span class='ocrx_word' id='word_1_83' title='bbox 987 1449 1004 1483; x_wconf 90' lang='lat' dir='ltr'>f</span> <span class='ocrx_word' id='word_1_84' title='bbox 1011 1449 1029 1483; x_wconf 85' lang='lat' dir='ltr'>f</span> <span class='ocrx_word' id='word_1_85' title='bbox 1036 1460 1055 1483; x_wconf 91' lang='lat' dir='ltr'>e</span> <span class='ocrx_word' id='word_1_86' title='bbox 1066 1451 1144 1483; x_wconf 87' lang='lat' dir='ltr'>ctu</span> 
     </span>
     <span class='ocr_line' id='line_1_16' title="bbox 417 1499 538 1541; baseline -0.008 -8"><span class='ocrx_word' id='word_1_87' title='bbox 417 1499 497 1541; x_wconf 89' lang='lat'>288,</span> <span class='ocrx_word' id='word_1_88' title='bbox 511 1508 538 1532; x_wconf 89' lang='lat'>5.</span> 
     </span>
    </p>

    <p class='ocr_par' dir='ltr' id='par_1_6' title="bbox 417 1543 1144 1777">
     <span class='ocr_line' id='line_1_17' title="bbox 463 1543 1144 1588; baseline -0.001 -10"><span class='ocrx_word' id='word_1_89' title='bbox 463 1544 590 1588; x_wconf 69' lang='lat' dir='ltr'>rebus,</span> <span class='ocrx_word' id='word_1_90' title='bbox 630 1555 718 1588; x_wconf 83' lang='lat' dir='ltr'>quas</span> <span class='ocrx_word' id='word_1_91' title='bbox 759 1543 880 1578; x_wconf 89' lang='lat' dir='ltr'>animo</span> <span class='ocrx_word' id='word_1_92' title='bbox 922 1543 1144 1588; x_wconf 86' lang='lat' dir='ltr'>agitabat</span> 
     </span>
     <span class='ocr_line' id='line_1_18' title="bbox 419 1591 1144 1636; baseline -0.004 -9"><span class='ocrx_word' id='word_1_93' title='bbox 419 1594 557 1635; x_wconf 86' lang='lat'>147,10.</span> <span class='ocrx_word' id='word_1_94' title='bbox 582 1612 624 1616; x_wconf 98' lang='lat'><strong>—</strong></span> <span class='ocrx_word' id='word_1_95' title='bbox 649 1591 704 1625; x_wconf 89' lang='lat' dir='ltr'>his</span> <span class='ocrx_word' id='word_1_96' title='bbox 730 1602 821 1635; x_wconf 87' lang='lat' dir='ltr'>quae</span> <span class='ocrx_word' id='word_1_97' title='bbox 843 1591 964 1624; x_wconf 89' lang='lat' dir='ltr'>animo</span> <span class='ocrx_word' id='word_1_98' title='bbox 983 1591 1144 1636; x_wconf 72' lang='lat' dir='ltr'>agitabat</span> 
     </span>
     <span class='ocr_line' id='line_1_19' title="bbox 417 1638 1142 1683; baseline -0.006 -7"><span class='ocrx_word' id='word_1_99' title='bbox 417 1642 498 1683; x_wconf 86' lang='lat'>302,</span> <span class='ocrx_word' id='word_1_100' title='bbox 510 1650 554 1674; x_wconf 79' lang='lat'>25.</span> <span class='ocrx_word' id='word_1_101' title='bbox 568 1660 610 1663; x_wconf 93' lang='lat'>--</span> <span class='ocrx_word' id='word_1_102' title='bbox 623 1638 710 1683; x_wconf 90' lang='lat' dir='ltr'>quid</span> <span class='ocrx_word' id='word_1_103' title='bbox 724 1638 845 1672; x_wconf 87' lang='lat' dir='ltr'>animo</span> <span class='ocrx_word' id='word_1_104' title='bbox 857 1638 1012 1683; x_wconf 83' lang='lat' dir='ltr'>agitaret</span> <span class='ocrx_word' id='word_1_105' title='bbox 1027 1641 1142 1682; x_wconf 87' lang='lat'>310,1.</span> 
     </span>
     <span class='ocr_line' id='line_1_20' title="bbox 420 1686 1144 1730; baseline -0.001 -10"><span class='ocrx_word' id='word_1_106' title='bbox 420 1707 461 1711; x_wconf 97' lang='lat'><strong>—</strong></span> <span class='ocrx_word' id='word_1_107' title='bbox 500 1686 561 1730; x_wconf 89' lang='lat' dir='ltr'>qui</span> <span class='ocrx_word' id='word_1_108' title='bbox 603 1697 746 1730; x_wconf 79' lang='lat' dir='ltr'>semper</span> <span class='ocrx_word' id='word_1_109' title='bbox 782 1686 904 1720; x_wconf 86' lang='lat' dir='ltr'>animo</span> <span class='ocrx_word' id='word_1_110' title='bbox 942 1686 1144 1730; x_wconf 72' lang='lat' dir='ltr'>agitaverat</span> 
     </span>
     <span class='ocr_line' id='line_1_21' title="bbox 417 1735 556 1777; baseline -0.007 -8"><span class='ocrx_word' id='word_1_111' title='bbox 417 1735 498 1777; x_wconf 86' lang='lat'>328,</span> <span class='ocrx_word' id='word_1_112' title='bbox 513 1745 556 1768; x_wconf 89' lang='lat'>10.</span> 
     </span>
    </p>

    <p class='ocr_par' dir='ltr' id='par_1_7' title="bbox 417 1779 1143 1919">
     <span class='ocr_line' id='line_1_22' title="bbox 465 1779 1143 1816; baseline 0 -2"><span class='ocrx_word' id='word_1_113' title='bbox 465 1780 534 1814; x_wconf 88' lang='lat' dir='ltr'>His</span> <span class='ocrx_word' id='word_1_114' title='bbox 561 1809 568 1816; x_wconf 89' lang='lat'>.</span> <span class='ocrx_word' id='word_1_115' title='bbox 597 1807 604 1815; x_wconf 90' lang='lat'>.</span> <span class='ocrx_word' id='word_1_116' title='bbox 632 1806 640 1815; x_wconf 94' lang='lat'>.</span> <span class='ocrx_word' id='word_1_117' title='bbox 667 1780 893 1815; x_wconf 83' lang='lat' dir='ltr'>sermonibus</span> <span class='ocrx_word' id='word_1_118' title='bbox 929 1791 950 1814; x_wconf 86' lang='lat' dir='ltr'>a</span> <span class='ocrx_word' id='word_1_119' title='bbox 974 1781 1009 1814; x_wconf 93' lang='lat' dir='ltr'>b.</span> <span class='ocrx_word' id='word_1_120' title='bbox 1035 1779 1143 1814; x_wconf 90' lang='lat' dir='ltr'>Lullo</span> 
     </span>
     <span class='ocr_line' id='line_1_23' title="bbox 417 1827 1143 1863; baseline -0.003 0"><span class='ocrx_word' id='word_1_121' title='bbox 417 1831 631 1863; x_wconf 87' lang='lat' dir='ltr'>cunctorum</span> <span class='ocrx_word' id='word_1_122' title='bbox 674 1828 828 1862; x_wconf 87' lang='lat' dir='ltr'>fratrum</span> <span class='ocrx_word' id='word_1_123' title='bbox 870 1827 1009 1861; x_wconf 89' lang='lat' dir='ltr'>animos</span> <span class='ocrx_word' id='word_1_124' title='bbox 1047 1853 1055 1862; x_wconf 93' lang='lat'>.</span> <span class='ocrx_word' id='word_1_125' title='bbox 1091 1853 1100 1862; x_wconf 94' lang='lat'>.</span> <span class='ocrx_word' id='word_1_126' title='bbox 1135 1853 1143 1861; x_wconf 95' lang='lat'>.</span> 
     </span>
     <span class='ocr_line' id='line_1_24' title="bbox 418 1876 810 1919; baseline 0.003 -9"><span class='ocrx_word' id='word_1_127' title='bbox 418 1876 658 1910; x_wconf 88' lang='lat' dir='ltr'>alienavit</span> <span class='ocrx_word' id='word_1_128' title='bbox 687 1878 768 1919; x_wconf 87' lang='lat'>324,</span> <span class='ocrx_word' id='word_1_129' title='bbox 783 1886 810 1911; x_wconf 86' lang='lat'>5.</span> 
     </span>
    </p>

    <p class='ocr_par' dir='ltr' id='par_1_8' title="bbox 417 1922 1142 2014">
     <span class='ocr_line' id='line_1_25' title="bbox 465 1922 1142 1966; baseline 0 -10"><span class='ocrx_word' id='word_1_130' title='bbox 465 1923 644 1957; x_wconf 84' lang='lat' dir='ltr'>seculares</span> <span class='ocrx_word' id='word_1_131' title='bbox 678 1922 832 1957; x_wconf 89' lang='lat' dir='ltr'>alieni</span> <span class='ocrx_word' id='word_1_132' title='bbox 864 1933 1009 1966; x_wconf 81' lang='lat' dir='ltr'>semper</span> <span class='ocrx_word' id='word_1_133' title='bbox 1033 1933 1142 1966; x_wconf 88' lang='lat' dir='ltr'>appe-</span> 
     </span>
     <span class='ocr_line' id='line_1_26' title="bbox 417 1973 701 2014; baseline 0.007 -11"><span class='ocrx_word' id='word_1_134' title='bbox 417 1973 535 2004; x_wconf 78' lang='lat' dir='ltr'><strong>tentes</strong></span> <span class='ocrx_word' id='word_1_135' title='bbox 562 1973 642 2014; x_wconf 85' lang='grc'>333,</span> <span class='ocrx_word' id='word_1_136' title='bbox 658 1982 701 2005; x_wconf 84' lang='grc'>30.</span> 
     </span>
    </p>

    <p class='ocr_par' dir='ltr' id='par_1_9' title="bbox 416 2018 1144 2248">
     <span class='ocr_line' id='line_1_27' title="bbox 465 2018 1142 2061; baseline -0.001 -10"><span class='ocrx_word' id='word_1_137' title='bbox 465 2018 675 2061; x_wconf 88' lang='lat' dir='ltr'>episcopum</span> <span class='ocrx_word' id='word_1_138' title='bbox 702 2043 710 2051; x_wconf 97' lang='lat'>.</span> <span class='ocrx_word' id='word_1_139' title='bbox 738 2044 746 2052; x_wconf 95' lang='lat'>.</span> <span class='ocrx_word' id='word_1_140' title='bbox 774 2042 782 2050; x_wconf 93' lang='lat'>.</span> <span class='ocrx_word' id='word_1_141' title='bbox 809 2019 844 2050; x_wconf 88' lang='lat' dir='ltr'>et</span> <span class='ocrx_word' id='word_1_142' title='bbox 870 2019 1031 2051; x_wconf 86' lang='lat' dir='ltr'>caeteros</span> <span class='ocrx_word' id='word_1_143' title='bbox 1058 2045 1065 2052; x_wconf 90' lang='lat'>.</span> <span class='ocrx_word' id='word_1_144' title='bbox 1095 2045 1103 2052; x_wconf 87' lang='lat'>.</span> <span class='ocrx_word' id='word_1_145' title='bbox 1135 2042 1142 2050; x_wconf 93' lang='lat'>.</span> 
     </span>
     <span class='ocr_line' id='line_1_28' title="bbox 418 2063 1143 2108; baseline 0 -11"><span class='ocrx_word' id='word_1_146' title='bbox 418 2075 438 2097; x_wconf 83' lang='lat' dir='ltr'>a</span> <span class='ocrx_word' id='word_1_147' title='bbox 449 2064 509 2097; x_wconf 92' lang='lat' dir='ltr'>lio</span> <span class='ocrx_word' id='word_1_148' title='bbox 521 2076 539 2097; x_wconf 90' lang='lat' dir='ltr'>r</span> <span class='ocrx_word' id='word_1_149' title='bbox 549 2075 564 2097; x_wconf 91' lang='lat' dir='ltr'>s</span> <span class='ocrx_word' id='word_1_150' title='bbox 576 2076 644 2097; x_wconf 92' lang='lat' dir='ltr'>um</span> <span class='ocrx_word' id='word_1_151' title='bbox 666 2063 867 2107; x_wconf 77' lang='lat' dir='ltr'>intendere,</span> <span class='ocrx_word' id='word_1_152' title='bbox 894 2075 1002 2107; x_wconf 89' lang='lat' dir='ltr'>quam</span> <span class='ocrx_word' id='word_1_153' title='bbox 1020 2064 1143 2108; x_wconf 88' lang='lat' dir='ltr'>loque-</span> 
     </span>
     <span class='ocr_line' id='line_1_29' title="bbox 416 2110 1144 2154; baseline 0 -10"><span class='ocrx_word' id='word_1_154' title='bbox 416 2114 543 2145; x_wconf 83' lang='lat' dir='ltr'>rentur</span> <span class='ocrx_word' id='word_1_155' title='bbox 579 2113 661 2153; x_wconf 88' lang='grc'>264,</span> <span class='ocrx_word' id='word_1_156' title='bbox 675 2121 719 2146; x_wconf 85' lang='grc'>15.</span> <span class='ocrx_word' id='word_1_157' title='bbox 758 2131 800 2135; x_wconf 85' lang='grc'>-</span> <span class='ocrx_word' id='word_1_158' title='bbox 834 2110 929 2144; x_wconf 83' lang='grc'>118110</span> <span class='ocrx_word' id='word_1_159' title='bbox 964 2110 1144 2154; x_wconf 87' lang='lat' dir='ltr'>pontificis</span> 
     </span>
     <span class='ocr_line' id='line_1_30' title="bbox 417 2157 1144 2201; baseline -0.001 -9"><span class='ocrx_word' id='word_1_160' title='bbox 417 2158 511 2192; x_wconf 88' lang='lat' dir='ltr'>circa</span> <span class='ocrx_word' id='word_1_161' title='bbox 524 2169 561 2191; x_wconf 90' lang='lat' dir='ltr'>se</span> <span class='ocrx_word' id='word_1_162' title='bbox 574 2157 839 2201; x_wconf 81' lang='lat' dir='ltr'>indulgentiam</span> <span class='ocrx_word' id='word_1_163' title='bbox 856 2158 1028 2191; x_wconf 82' lang='lat' dir='ltr'>aliorsum</span> <span class='ocrx_word' id='word_1_164' title='bbox 1042 2169 1144 2201; x_wconf 87' lang='lat' dir='ltr'>spec-</span> 
     </span>
     <span class='ocr_line' id='line_1_31' title="bbox 416 2204 1141 2248; baseline 0.001 -9"><span class='ocrx_word' id='word_1_165' title='bbox 416 2208 505 2248; x_wconf 87' lang='lat' dir='ltr'>tare,</span> <span class='ocrx_word' id='word_1_166' title='bbox 532 2215 640 2248; x_wconf 88' lang='lat' dir='ltr'>quam</span> <span class='ocrx_word' id='word_1_167' title='bbox 662 2204 731 2248; x_wconf 88' lang='lat' dir='ltr'>ipsi</span> <span class='ocrx_word' id='word_1_168' title='bbox 748 2204 985 2248; x_wconf 86' lang='lat' dir='ltr'>opinarentur</span> <span class='ocrx_word' id='word_1_169' title='bbox 1001 2207 1083 2247; x_wconf 88' lang='lat'>323,</span> <span class='ocrx_word' id='word_1_170' title='bbox 1097 2216 1141 2240; x_wconf 83' lang='lat'>20.</span> 
     </span>
    </p>

    <p class='ocr_par' dir='ltr' id='par_1_10' title="bbox 416 2251 1143 2382">
     <span class='ocr_line' id='line_1_32' title="bbox 465 2251 1143 2296; baseline -0.003 -10"><span class='ocrx_word' id='word_1_171' title='bbox 465 2252 605 2287; x_wconf 88' lang='lat' dir='ltr'>Verum</span> <span class='ocrx_word' id='word_1_172' title='bbox 640 2263 682 2286; x_wconf 88' lang='lat' dir='ltr'>ea</span> <span class='ocrx_word' id='word_1_173' title='bbox 711 2252 819 2296; x_wconf 87' lang='lat' dir='ltr'>longe</span> <span class='ocrx_word' id='word_1_174' title='bbox 857 2251 1005 2285; x_wconf 87' lang='lat' dir='ltr'>aliter</span> <span class='ocrx_word' id='word_1_175' title='bbox 1034 2262 1143 2295; x_wconf 88' lang='lat' dir='ltr'>quam</span> 
     </span>
     <span class='ocr_line' id='line_1_33' title="bbox 417 2298 1141 2344; baseline 0.001 -11"><span class='ocrx_word' id='word_1_176' title='bbox 417 2299 493 2344; x_wconf 91' lang='lat' dir='ltr'>ipse</span> <span class='ocrx_word' id='word_1_177' title='bbox 519 2310 581 2343; x_wconf 90' lang='lat' dir='ltr'>spe</span> <span class='ocrx_word' id='word_1_178' title='bbox 599 2298 824 2343; x_wconf 80' lang='lat' dir='ltr'>concepisset</span> <span class='ocrx_word' id='word_1_179' title='bbox 841 2309 979 2333; x_wconf 82' lang='lat' dir='ltr'>cessere</span> <span class='ocrx_word' id='word_1_180' title='bbox 1003 2301 1141 2342; x_wconf 89' lang='lat'>323,10.</span> 
     </span>
     <span class='ocr_line' id='line_1_34' title="bbox 416 2348 540 2382; baseline -0.016 0"><span class='ocrx_word' id='word_1_181' title='bbox 416 2348 487 2382; x_wconf 89' lang='grc'>346</span> <span class='ocrx_word' id='word_1_182' title='bbox 512 2357 540 2381; x_wconf 90' lang='lat'>5.</span> 
     </span>
    </p>

    <p class='ocr_par' dir='ltr' id='par_1_11' title="bbox 418 2373 1144 2580">
     <span class='ocr_line' id='line_1_35' title="bbox 465 2373 1144 2437; baseline -0.001 -10"><span class='ocrx_word' id='word_1_183' title='bbox 465 2373 543 2428; x_wconf 55' lang='lat' dir='ltr'>N⁹ec</span> <span class='ocrx_word' id='word_1_184' title='bbox 585 2393 647 2427; x_wconf 91' lang='lat' dir='ltr'>diu</span> <span class='ocrx_word' id='word_1_185' title='bbox 689 2404 865 2437; x_wconf 88' lang='lat' dir='ltr'>anceps</span> <span class='ocrx_word' id='word_1_186' title='bbox 909 2403 1033 2437; x_wconf 88' lang='lat' dir='ltr'>pugna</span> <span class='ocrx_word' id='word_1_187' title='bbox 1074 2392 1144 2426; x_wconf 90' lang='lat' dir='ltr'>fuit</span> 
     </span>
     <span class='ocr_line' id='line_1_36' title="bbox 420 2440 1144 2485; baseline -0.004 -8"><span class='ocrx_word' id='word_1_188' title='bbox 420 2443 498 2484; x_wconf 87' lang='lat'>116,</span> <span class='ocrx_word' id='word_1_189' title='bbox 510 2452 554 2477; x_wconf 82' lang='lat'>20.</span> <span class='ocrx_word' id='word_1_190' title='bbox 582 2461 625 2466; x_wconf 93' lang='lat'><strong>—</strong></span> <span class='ocrx_word' id='word_1_191' title='bbox 651 2440 724 2474; x_wconf 90' lang='lat' dir='ltr'>Diu</span> <span class='ocrx_word' id='word_1_192' title='bbox 756 2451 888 2484; x_wconf 87' lang='lat' dir='ltr'>anceps</span> <span class='ocrx_word' id='word_1_193' title='bbox 918 2442 996 2474; x_wconf 89' lang='lat' dir='ltr'>erat</span> <span class='ocrx_word' id='word_1_194' title='bbox 1019 2451 1144 2485; x_wconf 83' lang='lat' dir='ltr'>pugna</span> 
     </span>
     <span class='ocr_line' id='line_1_37' title="bbox 420 2487 1142 2532; baseline -0.004 -8"><span class='ocrx_word' id='word_1_195' title='bbox 420 2491 498 2532; x_wconf 89' lang='grc'>197,</span> <span class='ocrx_word' id='word_1_196' title='bbox 511 2500 537 2523; x_wconf 96' lang='grc'>1.</span> <span class='ocrx_word' id='word_1_197' title='bbox 548 2509 589 2513; x_wconf 85' lang='grc'>-</span> <span class='ocrx_word' id='word_1_198' title='bbox 599 2487 821 2532; x_wconf 84' lang='lat' dir='ltr'>aliquamdiu</span> <span class='ocrx_word' id='word_1_199' title='bbox 827 2490 1019 2532; x_wconf 84' lang='lat' dir='ltr'>utramque</span> <span class='ocrx_word' id='word_1_200' title='bbox 1028 2487 1142 2522; x_wconf 88' lang='lat' dir='ltr'>aciem</span> 
     </span>
     <span class='ocr_line' id='line_1_38' title="bbox 418 2535 963 2580; baseline 0.002 -11"><span class='ocrx_word' id='word_1_201' title='bbox 418 2546 550 2579; x_wconf 86' lang='lat' dir='ltr'>anceps</span> <span class='ocrx_word' id='word_1_202' title='bbox 575 2546 698 2580; x_wconf 85' lang='lat' dir='ltr'>pugna</span> <span class='ocrx_word' id='word_1_203' title='bbox 722 2535 839 2569; x_wconf 89' lang='lat' dir='ltr'>tenuit</span> <span class='ocrx_word' id='word_1_204' title='bbox 866 2537 922 2578; x_wconf 89' lang='grc'>72,</span> <span class='ocrx_word' id='word_1_205' title='bbox 937 2545 963 2570; x_wconf 88' lang='lat'>5.</span> 
     </span>
    </p>

    <p class='ocr_par' dir='ltr' id='par_1_12' title="bbox 466 2581 1142 2626">
     <span class='ocr_line' id='line_1_39' title="bbox 466 2581 1142 2626; baseline 0 -10"><span class='ocrx_word' id='word_1_206' title='bbox 466 2593 519 2616; x_wconf 89' lang='lat' dir='ltr'>an</span> <span class='ocrx_word' id='word_1_207' title='bbox 531 2582 606 2626; x_wconf 89' lang='lat' dir='ltr'>cip</span> <span class='ocrx_word' id='word_1_208' title='bbox 617 2582 676 2616; x_wconf 89' lang='lat' dir='ltr'>iti</span> <span class='ocrx_word' id='word_1_209' title='bbox 699 2582 817 2616; x_wconf 89' lang='lat' dir='ltr'>adhuc</span> <span class='ocrx_word' id='word_1_210' title='bbox 835 2581 982 2616; x_wconf 85' lang='lat' dir='ltr'>fortuna</span> <span class='ocrx_word' id='word_1_211' title='bbox 1006 2584 1085 2625; x_wconf 86' lang='lat'>143,</span> <span class='ocrx_word' id='word_1_212' title='bbox 1097 2593 1142 2617; x_wconf 86' lang='lat'>20.</span> 
     </span>
    </p>
   </div>
   <div class='ocr_carea' id='block_1_5' title="bbox 417 2722 1143 2861">
    <p class='ocr_par' dir='ltr' id='par_1_13' title="bbox 417 2722 1143 2861">
     <span class='ocr_line' id='line_1_40' title="bbox 464 2722 1142 2768; baseline -0.002 -11"><span class='ocrx_word' id='word_1_213' title='bbox 464 2723 624 2768; x_wconf 82' lang='lat' dir='ltr'>graviter</span> <span class='ocrx_word' id='word_1_214' title='bbox 645 2723 853 2767; x_wconf 89' lang='lat' dir='ltr'>ancipiti</span> <span class='ocrx_word' id='word_1_215' title='bbox 877 2722 1039 2767; x_wconf 89' lang='lat' dir='ltr'>periculo</span> <span class='ocrx_word' id='word_1_216' title='bbox 1060 2734 1142 2767; x_wconf 90' lang='lat' dir='ltr'>per-</span> 
     </span>
     <span class='ocr_line' id='line_1_41' title="bbox 417 2769 1143 2814; baseline -0.001 -10"><span class='ocrx_word' id='word_1_217' title='bbox 417 2770 508 2804; x_wconf 86' lang='lat' dir='ltr'>moti</span> <span class='ocrx_word' id='word_1_218' title='bbox 548 2772 626 2813; x_wconf 88' lang='lat'>148,</span> <span class='ocrx_word' id='word_1_219' title='bbox 640 2782 685 2806; x_wconf 79' lang='lat'>20.</span> <span class='ocrx_word' id='word_1_220' title='bbox 718 2791 760 2795; x_wconf 86' lang='lat'>——</span> <span class='ocrx_word' id='word_1_221' title='bbox 796 2769 944 2814; x_wconf 86' lang='lat' dir='ltr'>ancipiti</span> <span class='ocrx_word' id='word_1_222' title='bbox 980 2770 1143 2814; x_wconf 87' lang='lat' dir='ltr'>periculo</span> 
     </span>
     <span class='ocr_line' id='line_1_42' title="bbox 417 2819 749 2861; baseline 0.003 -10"><span class='ocrx_word' id='word_1_223' title='bbox 417 2820 604 2860; x_wconf 85' lang='lat' dir='ltr'>permotus</span> <span class='ocrx_word' id='word_1_224' title='bbox 631 2819 710 2861; x_wconf 90' lang='lat'>183,</span> <span class='ocrx_word' id='word_1_225' title='bbox 721 2828 749 2852; x_wconf 87' lang='lat'>5.</span> 
     </span>
    </p>
   </div>
   <div class='ocr_carea' id='block_1_6' title="bbox 417 2957 1142 3049">
    <p class='ocr_par' dir='ltr' id='par_1_14' title="bbox 417 2957 1142 3049">
     <span class='ocr_line' id='line_1_43' title="bbox 466 2957 1142 3002; baseline 0.001 -12"><span class='ocrx_word' id='word_1_226' title='bbox 466 2957 527 3001; x_wconf 93' lang='lat' dir='ltr'>qui</span> <span class='ocrx_word' id='word_1_227' title='bbox 554 2985 560 2992; x_wconf 91' lang='lat'>.</span> <span class='ocrx_word' id='word_1_228' title='bbox 588 2983 596 2991; x_wconf 90' lang='lat'>.</span> <span class='ocrx_word' id='word_1_229' title='bbox 623 2983 631 2992; x_wconf 94' lang='lat'>.</span> <span class='ocrx_word' id='word_1_230' title='bbox 657 2957 822 2992; x_wconf 88' lang='lat' dir='ltr'>homines</span> <span class='ocrx_word' id='word_1_231' title='bbox 847 2957 969 2992; x_wconf 87' lang='lat' dir='ltr'>vivere</span> <span class='ocrx_word' id='word_1_232' title='bbox 994 2959 1142 3002; x_wconf 86' lang='lat' dir='ltr'>cogeret</span> 
     </span>
     <span class='ocr_line' id='line_1_44' title="bbox 417 3002 958 3049; baseline 0.006 -12"><span class='ocrx_word' id='word_1_233' title='bbox 417 3002 491 3038; x_wconf 91' lang='lat' dir='ltr'>ritu</span> <span class='ocrx_word' id='word_1_234' title='bbox 517 3005 791 3049; x_wconf 84' lang='lat' dir='ltr'>angelorum</span> <span class='ocrx_word' id='word_1_235' title='bbox 820 3007 958 3047; x_wconf 88' lang='grc'>199,10.</span> 
     </span>
    </p>
   </div>
   <div class='ocr_carea' id='block_1_7' title="bbox 1167 543 1170 1217">
    <p class='ocr_par' dir='ltr' id='par_1_15' title="bbox 1167 543 1170 1217">
     <span class='ocr_line' id='line_1_45' title="bbox 1167 543 1170 1217; baseline 0 0"><span class='ocrx_word' id='word_1_236' title='bbox 1167 543 1170 1217; x_wconf 95' lang='lat' dir='ltr'> </span> 
     </span>
    </p>
   </div>
   <div class='ocr_carea' id='block_1_8' title="bbox 901 336 1440 374">
    <p class='ocr_par' dir='ltr' id='par_1_16' title="bbox 901 336 1440 374">
     <span class='ocr_line' id='line_1_46' title="bbox 901 336 1440 374; baseline 0.002 -1"><span class='ocrx_word' id='word_1_237' title='bbox 901 337 1064 373; x_wconf 81' lang='lat' dir='ltr'><strong><em>INDEX</em></strong></span> <span class='ocrx_word' id='word_1_238' title='bbox 1089 336 1440 374; x_wconf 88' lang='lat' dir='ltr'>LOCUTIONUM.</span> 
     </span>
    </p>
   </div>
   <div class='ocr_carea' id='block_1_9' title="bbox 1191 454 1922 1208">
    <p class='ocr_par' dir='ltr' id='par_1_17' title="bbox 1191 454 1920 595">
     <span class='ocr_line' id='line_1_47' title="bbox 1191 454 1918 492; baseline -0.001 -2"><span class='ocrx_word' id='word_1_239' title='bbox 1191 455 1294 490; x_wconf 84' lang='lat' dir='ltr'>nullo</span> <span class='ocrx_word' id='word_1_240' title='bbox 1317 455 1542 490; x_wconf 80' lang='lat' dir='ltr'>detractante</span> <span class='ocrx_word' id='word_1_241' title='bbox 1558 454 1738 490; x_wconf 88' lang='lat' dir='ltr'>militiam.</span> <span class='ocrx_word' id='word_1_242' title='bbox 1758 474 1800 480; x_wconf 91' lang='lat'>—-</span> <span class='ocrx_word' id='word_1_243' title='bbox 1821 455 1918 492; x_wconf 62' lang='lat' dir='ltr'>Gau,</span> 
     </span>
     <span class='ocr_line' id='line_1_48' title="bbox 1193 501 1920 547; baseline -0.001 -10"><span class='ocrx_word' id='word_1_244' title='bbox 1193 504 1235 539; x_wconf 93' lang='lat' dir='ltr'>B.</span> <span class='ocrx_word' id='word_1_245' title='bbox 1257 503 1350 539; x_wconf 82' lang='lat' dir='ltr'>Gall.</span> <span class='ocrx_word' id='word_1_246' title='bbox 1375 503 1456 545; x_wconf 84' lang='lat' dir='ltr'><strong><em>VII,</em></strong></span> <span class='ocrx_word' id='word_1_247' title='bbox 1470 505 1526 539; x_wconf 88' lang='lat'>71.</span> <span class='ocrx_word' id='word_1_248' title='bbox 1553 513 1751 547; x_wconf 83' lang='lat' dir='ltr'>omnesque</span> <span class='ocrx_word' id='word_1_249' title='bbox 1775 501 1838 547; x_wconf 89' lang='lat' dir='ltr'>qui</span> <span class='ocrx_word' id='word_1_250' title='bbox 1853 513 1920 547; x_wconf 85' lang='lat' dir='ltr'>per</span> 
     </span>
     <span class='ocr_line' id='line_1_49' title="bbox 1193 549 1776 595; baseline 0 -11"><span class='ocrx_word' id='word_1_251' title='bbox 1193 552 1350 585; x_wconf 83' lang='lat' dir='ltr'>aetatem</span> <span class='ocrx_word' id='word_1_252' title='bbox 1379 561 1480 584; x_wconf 85' lang='lat' dir='ltr'>arma</span> <span class='ocrx_word' id='word_1_253' title='bbox 1505 550 1600 585; x_wconf 87' lang='lat' dir='ltr'>ferre</span> <span class='ocrx_word' id='word_1_254' title='bbox 1625 549 1776 595; x_wconf 84' lang='lat' dir='ltr'>possint.</span> 
     </span>
    </p>

    <p class='ocr_par' dir='ltr' id='par_1_18' title="bbox 1192 597 1920 926">
     <span class='ocr_line' id='line_1_50' title="bbox 1239 597 1919 640; baseline 0 -9"><span class='ocrx_word' id='word_1_255' title='bbox 1239 598 1317 633; x_wconf 82' lang='lat' dir='ltr'>Liv.</span> <span class='ocrx_word' id='word_1_256' title='bbox 1353 598 1427 639; x_wconf 91' lang='lat' dir='ltr'><strong><em>IX,</em></strong></span> <span class='ocrx_word' id='word_1_257' title='bbox 1457 601 1514 634; x_wconf 86' lang='lat'>35.</span> <span class='ocrx_word' id='word_1_258' title='bbox 1555 608 1654 632; x_wconf 87' lang='lat' dir='ltr'>nunc</span> <span class='ocrx_word' id='word_1_259' title='bbox 1691 597 1785 640; x_wconf 86' lang='lat' dir='ltr'>tela,</span> <span class='ocrx_word' id='word_1_260' title='bbox 1821 606 1919 631; x_wconf 89' lang='grc'>1111110</span> 
     </span>
     <span class='ocr_line' id='line_1_51' title="bbox 1193 643 1919 689; baseline 0 -11"><span class='ocrx_word' id='word_1_261' title='bbox 1193 655 1289 689; x_wconf 84' lang='lat' dir='ltr'>saxa,</span> <span class='ocrx_word' id='word_1_262' title='bbox 1325 645 1454 689; x_wconf 85' lang='lat' dir='ltr'>quibus</span> <span class='ocrx_word' id='word_1_263' title='bbox 1489 655 1550 680; x_wconf 87' lang='lat' dir='ltr'>eos</span> <span class='ocrx_word' id='word_1_264' title='bbox 1586 643 1794 679; x_wconf 75' lang='lat' dir='ltr'>adfatim</span> <span class='ocrx_word' id='word_1_265' title='bbox 1817 644 1919 679; x_wconf 80' lang='lat' dir='ltr'>locus</span> 
     </span>
     <span class='ocr_line' id='line_1_52' title="bbox 1192 691 1918 738; baseline 0 -12"><span class='ocrx_word' id='word_1_266' title='bbox 1192 692 1268 736; x_wconf 88' lang='lat' dir='ltr'>ipse</span> <span class='ocrx_word' id='word_1_267' title='bbox 1294 692 1470 736; x_wconf 86' lang='lat' dir='ltr'>armabat,</span> <span class='ocrx_word' id='word_1_268' title='bbox 1494 692 1682 738; x_wconf 76' lang='lat' dir='ltr'>ingerere3</span> <span class='ocrx_word' id='word_1_269' title='bbox 1715 691 1764 735; x_wconf 89' lang='lat' dir='ltr'>X,</span> <span class='ocrx_word' id='word_1_270' title='bbox 1783 693 1842 728; x_wconf 85' lang='lat'>41.</span> <span class='ocrx_word' id='word_1_271' title='bbox 1866 691 1918 726; x_wconf 88' lang='lat' dir='ltr'>la-</span> 
     </span>
     <span class='ocr_line' id='line_1_53' title="bbox 1192 738 1919 784; baseline 0.001 -11"><span class='ocrx_word' id='word_1_272' title='bbox 1192 739 1336 784; x_wconf 85' lang='lat' dir='ltr'>pidibus</span> <span class='ocrx_word' id='word_1_273' title='bbox 1358 740 1575 784; x_wconf 83' lang='lat' dir='ltr'>propulsant</span> <span class='ocrx_word' id='word_1_274' title='bbox 1590 739 1747 775; x_wconf 83' lang='lat' dir='ltr'>hostem.</span> <span class='ocrx_word' id='word_1_275' title='bbox 1766 759 1806 764; x_wconf 93' lang='lat'><strong>—</strong></span> <span class='ocrx_word' id='word_1_276' title='bbox 1829 738 1919 774; x_wconf 82' lang='lat' dir='ltr'>Sall.</span> 
     </span>
     <span class='ocr_line' id='line_1_54' title="bbox 1193 786 1919 831; baseline 0.001 -11"><span class='ocrx_word' id='word_1_277' title='bbox 1193 787 1272 829; x_wconf 73' lang='lat' dir='ltr'>luy.</span> <span class='ocrx_word' id='word_1_278' title='bbox 1282 789 1338 822; x_wconf 88' lang='grc'>67.</span> <span class='ocrx_word' id='word_1_279' title='bbox 1353 798 1440 820; x_wconf 84' lang='lat' dir='ltr'>saxa</span> <span class='ocrx_word' id='word_1_280' title='bbox 1453 790 1490 821; x_wconf 87' lang='lat' dir='ltr'>et</span> <span class='ocrx_word' id='word_1_281' title='bbox 1499 787 1580 831; x_wconf 82' lang='lat' dir='ltr'>alia,</span> <span class='ocrx_word' id='word_1_282' title='bbox 1595 797 1690 831; x_wconf 84' lang='lat' dir='ltr'>quae</span> <span class='ocrx_word' id='word_1_283' title='bbox 1702 786 1803 821; x_wconf 79' lang='lat' dir='ltr'>loeus</span> <span class='ocrx_word' id='word_1_284' title='bbox 1814 797 1919 831; x_wconf 80' lang='lat' dir='ltr'>prae-</span> 
     </span>
     <span class='ocr_line' id='line_1_55' title="bbox 1192 833 1918 878; baseline -0.001 -10"><span class='ocrx_word' id='word_1_285' title='bbox 1192 835 1313 878; x_wconf 87' lang='lat' dir='ltr'>bebat,</span> <span class='ocrx_word' id='word_1_286' title='bbox 1339 834 1503 868; x_wconf 84' lang='lat' dir='ltr'>certatim</span> <span class='ocrx_word' id='word_1_287' title='bbox 1530 834 1690 870; x_wconf 84' lang='lat' dir='ltr'>mittere.</span> <span class='ocrx_word' id='word_1_288' title='bbox 1712 853 1757 859; x_wconf 90' lang='lat'>—</span> <span class='ocrx_word' id='word_1_289' title='bbox 1781 833 1918 871; x_wconf 76' lang='lat' dir='ltr'>Lucan.</span> 
     </span>
     <span class='ocr_line' id='line_1_56' title="bbox 1199 880 1920 926; baseline 0.003 -12"><span class='ocrx_word' id='word_1_290' title='bbox 1199 881 1280 923; x_wconf 86' lang='lat' dir='ltr'><strong><em>VII,</em></strong></span> <span class='ocrx_word' id='word_1_291' title='bbox 1305 883 1385 917; x_wconf 84' lang='lat'>574.</span> <span class='ocrx_word' id='word_1_292' title='bbox 1410 881 1495 926; x_wconf 82' lang='lat' dir='ltr'>Ipse</span> <span class='ocrx_word' id='word_1_293' title='bbox 1523 909 1530 917; x_wconf 95' lang='lat'>.</span> <span class='ocrx_word' id='word_1_294' title='bbox 1559 907 1567 915; x_wconf 91' lang='lat'>.</span> <span class='ocrx_word' id='word_1_295' title='bbox 1595 907 1603 916; x_wconf 99' lang='lat'>.</span> <span class='ocrx_word' id='word_1_296' title='bbox 1628 881 1702 916; x_wconf 80' lang='lat' dir='ltr'>tela</span> <span class='ocrx_word' id='word_1_297' title='bbox 1726 880 1920 916; x_wconf 72' lang='lat' dir='ltr'>ministrat.</span> 
     </span>
    </p>

    <p class='ocr_par' dir='ltr' id='par_1_19' title="bbox 1192 927 1922 1115">
     <span class='ocr_line' id='line_1_57' title="bbox 1247 927 1919 974; baseline 0.001 -12"><span class='ocrx_word' id='word_1_298' title='bbox 1247 929 1385 963; x_wconf 77' lang='lat' dir='ltr'>Terent.</span> <span class='ocrx_word' id='word_1_299' title='bbox 1411 929 1557 964; x_wconf 79' lang='lat' dir='ltr'>Phorm.</span> <span class='ocrx_word' id='word_1_300' title='bbox 1589 930 1628 971; x_wconf 91' lang='lat' dir='ltr'>V,</span> <span class='ocrx_word' id='word_1_301' title='bbox 1646 931 1680 973; x_wconf 87' lang='grc'>9,</span> <span class='ocrx_word' id='word_1_302' title='bbox 1698 930 1755 965; x_wconf 91' lang='grc'>71.</span> <span class='ocrx_word' id='word_1_303' title='bbox 1780 927 1820 962; x_wconf 88' lang='grc'>111</span> <span class='ocrx_word' id='word_1_304' title='bbox 1842 928 1919 974; x_wconf 79' lang='lat' dir='ltr'>gla-</span> 
     </span>
     <span class='ocr_line' id='line_1_58' title="bbox 1193 975 1920 1011; baseline 0.001 -2"><span class='ocrx_word' id='word_1_305' title='bbox 1193 975 1349 1010; x_wconf 86' lang='lat' dir='ltr'>diatorio</span> <span class='ocrx_word' id='word_1_306' title='bbox 1375 976 1496 1011; x_wconf 86' lang='lat' dir='ltr'>animo</span> <span class='ocrx_word' id='word_1_307' title='bbox 1522 975 1569 1010; x_wconf 85' lang='lat' dir='ltr'>ad</span> <span class='ocrx_word' id='word_1_308' title='bbox 1589 987 1649 1010; x_wconf 91' lang='lat' dir='ltr'>me</span> <span class='ocrx_word' id='word_1_309' title='bbox 1674 975 1920 1011; x_wconf 79' lang='lat' dir='ltr'>affectant</span> 
     </span>
     <span class='ocr_line' id='line_1_59' title="bbox 1192 1022 1922 1067; baseline 0.003 -11"><span class='ocrx_word' id='word_1_310' title='bbox 1192 1023 1300 1057; x_wconf 83' lang='lat' dir='ltr'>viam.</span> <span class='ocrx_word' id='word_1_311' title='bbox 1321 1043 1363 1048; x_wconf 96' lang='lat'><strong>—</strong></span> <span class='ocrx_word' id='word_1_312' title='bbox 1382 1024 1517 1060; x_wconf 77' lang='lat' dir='ltr'>Lucan.</span> <span class='ocrx_word' id='word_1_313' title='bbox 1542 1024 1612 1067; x_wconf 92' lang='lat' dir='ltr'>IV,</span> <span class='ocrx_word' id='word_1_314' title='bbox 1630 1025 1712 1060; x_wconf 88' lang='lat'>820.</span> <span class='ocrx_word' id='word_1_315' title='bbox 1747 1022 1811 1058; x_wconf 85' lang='lat' dir='ltr'>Ius</span> <span class='ocrx_word' id='word_1_316' title='bbox 1834 1023 1922 1058; x_wconf 87' lang='lat' dir='ltr'>licet</span> 
     </span>
     <span class='ocr_line' id='line_1_60' title="bbox 1193 1070 1919 1115; baseline 0.001 -11"><span class='ocrx_word' id='word_1_317' title='bbox 1193 1071 1230 1104; x_wconf 90' lang='lat' dir='ltr'>in</span> <span class='ocrx_word' id='word_1_318' title='bbox 1256 1070 1397 1115; x_wconf 86' lang='lat' dir='ltr'>iugulos</span> <span class='ocrx_word' id='word_1_319' title='bbox 1423 1073 1565 1106; x_wconf 85' lang='lat' dir='ltr'>nostros</span> <span class='ocrx_word' id='word_1_320' title='bbox 1587 1070 1655 1105; x_wconf 84' lang='lat' dir='ltr'>sibi</span> <span class='ocrx_word' id='word_1_321' title='bbox 1679 1070 1807 1105; x_wconf 84' lang='lat' dir='ltr'>fecerit</span> <span class='ocrx_word' id='word_1_322' title='bbox 1823 1081 1919 1105; x_wconf 85' lang='lat' dir='ltr'>ense.</span> 
     </span>
    </p>

    <p class='ocr_par' dir='ltr' id='par_1_20' title="bbox 1194 1117 1920 1208">
     <span class='ocr_line' id='line_1_61' title="bbox 1242 1117 1919 1164; baseline 0 -12"><span class='ocrx_word' id='word_1_323' title='bbox 1242 1119 1318 1153; x_wconf 72' lang='lat' dir='ltr'>Liv.</span> <span class='ocrx_word' id='word_1_324' title='bbox 1347 1119 1398 1161; x_wconf 91' lang='grc' dir='ltr'>ΙΙ,</span> <span class='ocrx_word' id='word_1_325' title='bbox 1417 1121 1449 1162; x_wconf 90' lang='lat'>7,</span> <span class='ocrx_word' id='word_1_326' title='bbox 1468 1120 1502 1154; x_wconf 86' lang='lat'>6.</span> <span class='ocrx_word' id='word_1_327' title='bbox 1538 1129 1693 1164; x_wconf 84' lang='lat' dir='ltr'>regnum</span> <span class='ocrx_word' id='word_1_328' title='bbox 1728 1129 1812 1152; x_wconf 89' lang='lat' dir='ltr'>eum</span> <span class='ocrx_word' id='word_1_329' title='bbox 1839 1117 1919 1152; x_wconf 85' lang='lat' dir='ltr'>ad-</span> 
     </span>
     <span class='ocr_line' id='line_1_62' title="bbox 1194 1165 1920 1208; baseline 0.001 -9"><span class='ocrx_word' id='word_1_330' title='bbox 1194 1165 1294 1199; x_wconf 85' lang='lat' dir='ltr'>fect</span> <span class='ocrx_word' id='word_1_331' title='bbox 1306 1176 1385 1200; x_wconf 88' lang='lat' dir='ltr'>are</span> <span class='ocrx_word' id='word_1_332' title='bbox 1410 1165 1507 1200; x_wconf 88' lang='lat' dir='ltr'>fama</span> <span class='ocrx_word' id='word_1_333' title='bbox 1523 1165 1682 1208; x_wconf 81' lang='lat' dir='ltr'>ferebat3</span> <span class='ocrx_word' id='word_1_334' title='bbox 1707 1165 1920 1208; x_wconf 85' lang='lat' dir='ltr'>XXIV,25.</span> 
     </span>
    </p>
   </div>
   <div class='ocr_carea' id='block_1_10' title="bbox 1193 1213 1920 1400">
    <p class='ocr_par' dir='ltr' id='par_1_21' title="bbox 1193 1213 1920 1400">
     <span class='ocr_line' id='line_1_63' title="bbox 1193 1213 1920 1258; baseline 0.001 -12"><span class='ocrx_word' id='word_1_335' title='bbox 1193 1224 1348 1258; x_wconf 82' lang='lat' dir='ltr'>regnum</span> <span class='ocrx_word' id='word_1_336' title='bbox 1375 1239 1383 1247; x_wconf 93' lang='lat'>.</span> <span class='ocrx_word' id='word_1_337' title='bbox 1403 1241 1410 1248; x_wconf 90' lang='lat'>.</span> <span class='ocrx_word' id='word_1_338' title='bbox 1430 1241 1437 1248; x_wconf 92' lang='lat'>.</span> <span class='ocrx_word' id='word_1_339' title='bbox 1464 1213 1648 1248; x_wconf 81' lang='lat' dir='ltr'>adfectare</span> <span class='ocrx_word' id='word_1_340' title='bbox 1678 1215 1828 1248; x_wconf 86' lang='lat' dir='ltr'>conatus</span> <span class='ocrx_word' id='word_1_341' title='bbox 1854 1214 1920 1258; x_wconf 81' lang='lat' dir='ltr'>est,</span> 
     </span>
     <span class='ocr_line' id='line_1_64' title="bbox 1194 1260 1918 1305; baseline 0.004 -12"><span class='ocrx_word' id='word_1_342' title='bbox 1194 1264 1252 1296; x_wconf 77' lang='lat' dir='ltr'>etc.</span> <span class='ocrx_word' id='word_1_343' title='bbox 1282 1281 1323 1285; x_wconf 97' lang='lat'><strong>—</strong></span> <span class='ocrx_word' id='word_1_344' title='bbox 1350 1261 1480 1296; x_wconf 72' lang='lat' dir='ltr'>lustin.</span> <span class='ocrx_word' id='word_1_345' title='bbox 1507 1261 1560 1304; x_wconf 88' lang='lat' dir='ltr'>II,</span> <span class='ocrx_word' id='word_1_346' title='bbox 1582 1263 1638 1304; x_wconf 87' lang='lat'>14,</span> <span class='ocrx_word' id='word_1_347' title='bbox 1660 1262 1715 1296; x_wconf 87' lang='grc'>14.</span> <span class='ocrx_word' id='word_1_348' title='bbox 1749 1260 1813 1305; x_wconf 88' lang='lat' dir='ltr'>qui</span> <span class='ocrx_word' id='word_1_349' title='bbox 1839 1287 1848 1302; x_wconf 78' lang='grc'>.</span> <span class='ocrx_word' id='word_1_350' title='bbox 1874 1287 1884 1296; x_wconf 92' lang='grc'>.</span> <span class='ocrx_word' id='word_1_351' title='bbox 1910 1287 1918 1296; x_wconf 94' lang='grc'>.</span> 
     </span>
     <span class='ocr_line' id='line_1_65' title="bbox 1194 1307 1920 1352; baseline 0.001 -11"><span class='ocrx_word' id='word_1_352' title='bbox 1194 1319 1349 1352; x_wconf 86' lang='lat' dir='ltr'>regnum</span> <span class='ocrx_word' id='word_1_353' title='bbox 1376 1336 1383 1343; x_wconf 92' lang='lat'>.</span> <span class='ocrx_word' id='word_1_354' title='bbox 1411 1333 1419 1342; x_wconf 88' lang='lat'>.</span> <span class='ocrx_word' id='word_1_355' title='bbox 1447 1336 1454 1344; x_wconf 91' lang='lat'>.</span> <span class='ocrx_word' id='word_1_356' title='bbox 1481 1307 1687 1350; x_wconf 79' lang='lat' dir='ltr'>adfectans3</span> <span class='ocrx_word' id='word_1_357' title='bbox 1711 1307 1800 1350; x_wconf 86' lang='lat' dir='ltr'><strong><em>XV,</em></strong></span> <span class='ocrx_word' id='word_1_358' title='bbox 1825 1309 1860 1350; x_wconf 87' lang='grc'>2,</span> <span class='ocrx_word' id='word_1_359' title='bbox 1885 1309 1920 1344; x_wconf 92' lang='grc'>5.</span> 
     </span>
     <span class='ocr_line' id='line_1_66' title="bbox 1193 1354 1917 1400; baseline 0 -12"><span class='ocrx_word' id='word_1_360' title='bbox 1193 1366 1348 1399; x_wconf 86' lang='lat' dir='ltr'>regnum</span> <span class='ocrx_word' id='word_1_361' title='bbox 1363 1381 1370 1389; x_wconf 95' lang='lat'>.</span> <span class='ocrx_word' id='word_1_362' title='bbox 1387 1382 1395 1391; x_wconf 95' lang='lat'>.</span> <span class='ocrx_word' id='word_1_363' title='bbox 1410 1381 1418 1389; x_wconf 98' lang='lat'>.</span> <span class='ocrx_word' id='word_1_364' title='bbox 1433 1355 1531 1399; x_wconf 90' lang='lat' dir='ltr'>quod</span> <span class='ocrx_word' id='word_1_365' title='bbox 1543 1354 1754 1400; x_wconf 79' lang='lat' dir='ltr'>affectabat3</span> <span class='ocrx_word' id='word_1_366' title='bbox 1764 1355 1917 1399; x_wconf 86' lang='lat' dir='ltr'><strong><em>XVIII,</em></strong></span> 
     </span>
    </p>
   </div>
   <div class='ocr_carea' id='block_1_11' title="bbox 1192 1402 1919 1778">
    <p class='ocr_par' dir='ltr' id='par_1_22' title="bbox 1195 1402 1919 1448">
     <span class='ocr_line' id='line_1_67' title="bbox 1195 1402 1919 1448; baseline -0.001 -10"><span class='ocrx_word' id='word_1_367' title='bbox 1195 1405 1226 1445; x_wconf 91' lang='lat'>7,</span> <span class='ocrx_word' id='word_1_368' title='bbox 1243 1404 1298 1438; x_wconf 88' lang='grc'>18.</span> <span class='ocrx_word' id='word_1_369' title='bbox 1325 1402 1497 1436; x_wconf 87' lang='lat' dir='ltr'>adfectati</span> <span class='ocrx_word' id='word_1_370' title='bbox 1518 1403 1622 1448; x_wconf 84' lang='lat' dir='ltr'>reg-ni</span> <span class='ocrx_word' id='word_1_371' title='bbox 1639 1404 1839 1445; x_wconf 82' lang='lat' dir='ltr'>accusatus,</span> <span class='ocrx_word' id='word_1_372' title='bbox 1859 1405 1919 1438; x_wconf 77' lang='lat' dir='ltr'>eto.</span> 
     </span>
    </p>

    <p class='ocr_par' dir='ltr' id='par_1_23' title="bbox 1192 1448 1918 1531">
     <span class='ocr_line' id='line_1_68' title="bbox 1249 1448 1918 1494; baseline 0 -11"><span class='ocrx_word' id='word_1_373' title='bbox 1249 1451 1286 1484; x_wconf 88' lang='lat' dir='ltr'>V.</span> <span class='ocrx_word' id='word_1_374' title='bbox 1312 1449 1424 1485; x_wconf 78' lang='lat' dir='ltr'>Mart.</span> <span class='ocrx_word' id='word_1_375' title='bbox 1452 1452 1507 1485; x_wconf 91' lang='lat'>16.</span> <span class='ocrx_word' id='word_1_376' title='bbox 1545 1460 1759 1494; x_wconf 87' lang='lat' dir='ltr'>semperque</span> <span class='ocrx_word' id='word_1_377' title='bbox 1787 1448 1918 1484; x_wconf 82' lang='lat' dir='ltr'>Marti-</span> 
     </span>
     <span class='ocr_line' id='line_1_69' title="bbox 1192 1496 1870 1531; baseline 0 -1"><span class='ocrx_word' id='word_1_378' title='bbox 1192 1507 1281 1530; x_wconf 91' lang='lat' dir='ltr'>num</span> <span class='ocrx_word' id='word_1_379' title='bbox 1308 1522 1316 1530; x_wconf 95' lang='lat'>.</span> <span class='ocrx_word' id='word_1_380' title='bbox 1343 1522 1352 1530; x_wconf 94' lang='lat'>.</span> <span class='ocrx_word' id='word_1_381' title='bbox 1379 1522 1387 1530; x_wconf 94' lang='lat'>.</span> <span class='ocrx_word' id='word_1_382' title='bbox 1414 1496 1506 1530; x_wconf 91' lang='lat' dir='ltr'>miro</span> <span class='ocrx_word' id='word_1_383' title='bbox 1535 1497 1649 1531; x_wconf 91' lang='lat' dir='ltr'>coluit</span> <span class='ocrx_word' id='word_1_384' title='bbox 1672 1496 1870 1531; x_wconf 84' lang='lat' dir='ltr'>affectu.</span> 
     </span>
    </p>

    <p class='ocr_par' dir='ltr' id='par_1_24' title="bbox 1193 1543 1919 1778">
     <span class='ocr_line' id='line_1_70' title="bbox 1241 1543 1919 1589; baseline 0 -11"><span class='ocrx_word' id='word_1_385' title='bbox 1241 1544 1330 1579; x_wconf 84' lang='lat' dir='ltr'>Sall.</span> <span class='ocrx_word' id='word_1_386' title='bbox 1356 1544 1434 1587; x_wconf 72' lang='lat' dir='ltr'>qu.</span> <span class='ocrx_word' id='word_1_387' title='bbox 1461 1546 1517 1580; x_wconf 85' lang='lat'>63.</span> <span class='ocrx_word' id='word_1_388' title='bbox 1553 1555 1645 1588; x_wconf 85' lang='lat' dir='ltr'>quae</span> <span class='ocrx_word' id='word_1_389' title='bbox 1670 1543 1792 1578; x_wconf 83' lang='lat' dir='ltr'>auimo</span> <span class='ocrx_word' id='word_1_390' title='bbox 1817 1543 1919 1589; x_wconf 85' lang='lat' dir='ltr'>agi·</span> 
     </span>
     <span class='ocr_line' id='line_1_71' title="bbox 1193 1590 1918 1635; baseline 0 -10"><span class='ocrx_word' id='word_1_391' title='bbox 1193 1592 1337 1628; x_wconf 84' lang='lat' dir='ltr'>tabat.</span> <span class='ocrx_word' id='word_1_392' title='bbox 1359 1612 1400 1616; x_wconf 88' lang='lat'>—</span> <span class='ocrx_word' id='word_1_393' title='bbox 1419 1592 1496 1626; x_wconf 83' lang='lat' dir='ltr'>Liv.</span> <span class='ocrx_word' id='word_1_394' title='bbox 1516 1591 1547 1635; x_wconf 86' lang='lat' dir='ltr'>I,</span> <span class='ocrx_word' id='word_1_395' title='bbox 1567 1594 1624 1635; x_wconf 89' lang='grc'>26,</span> <span class='ocrx_word' id='word_1_396' title='bbox 1643 1593 1677 1627; x_wconf 90' lang='grc'>4.</span> <span class='ocrx_word' id='word_1_397' title='bbox 1702 1591 1772 1626; x_wconf 89' lang='grc'>1100</span> <span class='ocrx_word' id='word_1_398' title='bbox 1795 1590 1918 1626; x_wconf 86' lang='lat' dir='ltr'>animo</span> 
     </span>
     <span class='ocr_line' id='line_1_72' title="bbox 1194 1638 1918 1683; baseline 0 -11"><span class='ocrx_word' id='word_1_399' title='bbox 1194 1638 1347 1683; x_wconf 81' lang='lat' dir='ltr'>agitavi3</span> <span class='ocrx_word' id='word_1_400' title='bbox 1389 1639 1526 1682; x_wconf 88' lang='lat' dir='ltr'><strong><em>XLIV,</em></strong></span> <span class='ocrx_word' id='word_1_401' title='bbox 1555 1641 1610 1675; x_wconf 91' lang='lat'>18.</span> <span class='ocrx_word' id='word_1_402' title='bbox 1653 1649 1696 1673; x_wconf 88' lang='grc'>08</span> <span class='ocrx_word' id='word_1_403' title='bbox 1729 1638 1806 1672; x_wconf 80' lang='lat' dir='ltr'>sola</span> <span class='ocrx_word' id='word_1_404' title='bbox 1837 1664 1846 1672; x_wconf 92' lang='lat'>.</span> <span class='ocrx_word' id='word_1_405' title='bbox 1873 1664 1882 1673; x_wconf 96' lang='lat'>.</span> <span class='ocrx_word' id='word_1_406' title='bbox 1909 1663 1918 1673; x_wconf 92' lang='lat'>.</span> 
     </span>
     <span class='ocr_line' id='line_1_73' title="bbox 1193 1685 1917 1730; baseline 0 -11"><span class='ocrx_word' id='word_1_407' title='bbox 1193 1686 1314 1720; x_wconf 89' lang='lat' dir='ltr'>animo</span> <span class='ocrx_word' id='word_1_408' title='bbox 1338 1685 1509 1730; x_wconf 81' lang='lat' dir='ltr'>agitabat,</span> <span class='ocrx_word' id='word_1_409' title='bbox 1527 1691 1586 1722; x_wconf 75' lang='lat' dir='ltr'>etc.</span> <span class='ocrx_word' id='word_1_410' title='bbox 1601 1706 1646 1711; x_wconf 87' lang='lat'>—</span> <span class='ocrx_word' id='word_1_411' title='bbox 1663 1686 1792 1722; x_wconf 68' lang='lat' dir='ltr'>lustin.</span> <span class='ocrx_word' id='word_1_412' title='bbox 1813 1685 1917 1730; x_wconf 87' lang='lat' dir='ltr'><strong><em>VIII,</em></strong></span> 
     </span>
     <span class='ocr_line' id='line_1_74' title="bbox 1194 1733 1783 1778; baseline -0.003 -9"><span class='ocrx_word' id='word_1_413' title='bbox 1194 1736 1226 1777; x_wconf 89' lang='grc'>3,</span> <span class='ocrx_word' id='word_1_414' title='bbox 1255 1736 1310 1769; x_wconf 89' lang='lat'>12.</span> <span class='ocrx_word' id='word_1_415' title='bbox 1337 1744 1429 1777; x_wconf 88' lang='lat' dir='ltr'>quae</span> <span class='ocrx_word' id='word_1_416' title='bbox 1454 1733 1626 1778; x_wconf 82' lang='lat' dir='ltr'>agitasset</span> <span class='ocrx_word' id='word_1_417' title='bbox 1650 1733 1783 1767; x_wconf 84' lang='lat' dir='ltr'>animo.</span> 
     </span>
    </p>
   </div>
   <div class='ocr_carea' id='block_1_12' title="bbox 1241 1779 2000 1825">
    <p class='ocr_par' dir='ltr' id='par_1_25' title="bbox 1241 1779 2000 1825">
     <span class='ocr_line' id='line_1_75' title="bbox 1241 1779 2000 1825; baseline 0.003 -12"><span class='ocrx_word' id='word_1_418' title='bbox 1241 1781 1319 1816; x_wconf 78' lang='lat' dir='ltr'>Liv.</span> <span class='ocrx_word' id='word_1_419' title='bbox 1356 1781 1464 1824; x_wconf 91' lang='lat' dir='ltr'><strong><em>VIII,</em></strong></span> <span class='ocrx_word' id='word_1_420' title='bbox 1499 1783 1555 1817; x_wconf 85' lang='lat'>35.</span> <span class='ocrx_word' id='word_1_421' title='bbox 1598 1791 1642 1815; x_wconf 83' lang='lat' dir='ltr'>ea</span> <span class='ocrx_word' id='word_1_422' title='bbox 1681 1791 1826 1825; x_wconf 90' lang='lat' dir='ltr'>quoque</span> <span class='ocrx_word' id='word_1_423' title='bbox 1865 1779 1921 1815; x_wconf 83' lang='lat' dir='ltr'>ira</span> <span class='ocrx_word' id='word_1_424' title='bbox 1991 1781 2000 1789; x_wconf 90' lang='lat'>&#39;</span> 
     </span>
    </p>
   </div>
   <div class='ocr_carea' id='block_1_13' title="bbox 1193 1827 1920 1966">
    <p class='ocr_par' dir='ltr' id='par_1_26' title="bbox 1193 1827 1920 1966">
     <span class='ocr_line' id='line_1_76' title="bbox 1193 1827 1920 1881; baseline 0.001 -20"><span class='ocrx_word' id='word_1_425' title='bbox 1193 1839 1214 1861; x_wconf 88' lang='lat' dir='ltr'>a</span> <span class='ocrx_word' id='word_1_426' title='bbox 1224 1828 1259 1881; x_wconf 76' lang='lat' dir='ltr'>li</span> <span class='ocrx_word' id='word_1_427' title='bbox 1269 1839 1288 1862; x_wconf 89' lang='lat' dir='ltr'>e</span> <span class='ocrx_word' id='word_1_428' title='bbox 1298 1839 1323 1862; x_wconf 93' lang='lat' dir='ltr'>n</span> <span class='ocrx_word' id='word_1_429' title='bbox 1334 1838 1354 1862; x_wconf 89' lang='lat' dir='ltr'>a</span> <span class='ocrx_word' id='word_1_430' title='bbox 1363 1828 1409 1862; x_wconf 88' lang='lat' dir='ltr'>vi</span> <span class='ocrx_word' id='word_1_431' title='bbox 1420 1830 1435 1861; x_wconf 90' lang='lat' dir='ltr'>t</span> <span class='ocrx_word' id='word_1_432' title='bbox 1476 1839 1497 1862; x_wconf 87' lang='lat' dir='ltr'>a</span> <span class='ocrx_word' id='word_1_433' title='bbox 1537 1827 1714 1862; x_wconf 84' lang='lat' dir='ltr'>dictatore</span> <span class='ocrx_word' id='word_1_434' title='bbox 1761 1827 1920 1862; x_wconf 87' lang='lat' dir='ltr'>militum</span> 
     </span>
     <span class='ocr_line' id='line_1_77' title="bbox 1193 1886 1343 1909; baseline 0 0"><span class='ocrx_word' id='word_1_435' title='bbox 1193 1886 1343 1909; x_wconf 62' lang='lat' dir='ltr'>ammos</span> 
     </span>
     <span class='ocr_line' id='line_1_78' title="bbox 1242 1921 1918 1966; baseline 0.003 -10"><span class='ocrx_word' id='word_1_436' title='bbox 1242 1923 1330 1958; x_wconf 83' lang='lat' dir='ltr'>Sall.</span> <span class='ocrx_word' id='word_1_437' title='bbox 1358 1923 1436 1957; x_wconf 82' lang='lat' dir='ltr'>Cat.</span> <span class='ocrx_word' id='word_1_438' title='bbox 1469 1923 1502 1958; x_wconf 86' lang='lat'>5.</span> <span class='ocrx_word' id='word_1_439' title='bbox 1542 1921 1638 1956; x_wconf 83' lang='lat' dir='ltr'>alie</span> <span class='ocrx_word' id='word_1_440' title='bbox 1650 1922 1697 1956; x_wconf 90' lang='lat' dir='ltr'>ni</span> <span class='ocrx_word' id='word_1_441' title='bbox 1731 1923 1918 1966; x_wconf 73' lang='lat' dir='ltr'>appetem.</span> 
     </span>
    </p>
   </div>
   <div class='ocr_carea' id='block_1_14' title="bbox 1192 2017 1919 2155">
    <p class='ocr_par' dir='ltr' id='par_1_27' title="bbox 1192 2017 1919 2155">
     <span class='ocr_line' id='line_1_79' title="bbox 1245 2017 1919 2059; baseline 0 -9"><span class='ocrx_word' id='word_1_442' title='bbox 1245 2017 1380 2051; x_wconf 78' lang='lat' dir='ltr'>Terent.</span> <span class='ocrx_word' id='word_1_443' title='bbox 1406 2017 1503 2052; x_wconf 82' lang='lat' dir='ltr'>Eun.</span> <span class='ocrx_word' id='word_1_444' title='bbox 1529 2017 1560 2058; x_wconf 92' lang='lat' dir='ltr'>I,</span> <span class='ocrx_word' id='word_1_445' title='bbox 1585 2019 1620 2059; x_wconf 88' lang='lat'>2,</span> <span class='ocrx_word' id='word_1_446' title='bbox 1649 2018 1680 2052; x_wconf 91' lang='lat'>1.</span> <span class='ocrx_word' id='word_1_447' title='bbox 1705 2027 1846 2059; x_wconf 89' lang='lat' dir='ltr'>vereor,</span> <span class='ocrx_word' id='word_1_448' title='bbox 1870 2025 1919 2051; x_wconf 88' lang='lat' dir='ltr'>ne</span> 
     </span>
     <span class='ocr_line' id='line_1_80' title="bbox 1192 2063 1918 2108; baseline 0.001 -11"><span class='ocrx_word' id='word_1_449' title='bbox 1192 2063 1316 2098; x_wconf 88' lang='lat' dir='ltr'>illud.</span> <span class='ocrx_word' id='word_1_450' title='bbox 1344 2090 1352 2098; x_wconf 94' lang='lat'>.</span> <span class='ocrx_word' id='word_1_451' title='bbox 1381 2092 1388 2100; x_wconf 94' lang='lat'>.</span> <span class='ocrx_word' id='word_1_452' title='bbox 1415 2063 1669 2106; x_wconf 86' lang='lat' dir='ltr'>aliorsum,</span> <span class='ocrx_word' id='word_1_453' title='bbox 1705 2066 1814 2107; x_wconf 86' lang='lat' dir='ltr'>atque</span> <span class='ocrx_word' id='word_1_454' title='bbox 1849 2073 1918 2108; x_wconf 83' lang='lat' dir='ltr'>ego</span> 
     </span>
     <span class='ocr_line' id='line_1_81' title="bbox 1193 2111 1490 2155; baseline 0 -10"><span class='ocrx_word' id='word_1_455' title='bbox 1193 2111 1273 2155; x_wconf 88' lang='lat' dir='ltr'>feci,</span> <span class='ocrx_word' id='word_1_456' title='bbox 1299 2111 1490 2155; x_wconf 85' lang='lat' dir='ltr'>acceperit.</span> 
     </span>
    </p>
   </div>
   <div class='ocr_carea' id='block_1_15' title="bbox 1189 2251 1918 3050">
    <p class='ocr_par' dir='ltr' id='par_1_28' title="bbox 1191 2251 1918 2392">
     <span class='ocr_line' id='line_1_82' title="bbox 1240 2251 1918 2297; baseline 0.001 -12"><span class='ocrx_word' id='word_1_457' title='bbox 1240 2252 1326 2287; x_wconf 84' lang='lat' dir='ltr'>Sall.</span> <span class='ocrx_word' id='word_1_458' title='bbox 1354 2253 1434 2296; x_wconf 69' lang='lat' dir='ltr'>luy.</span> <span class='ocrx_word' id='word_1_459' title='bbox 1462 2255 1494 2288; x_wconf 92' lang='grc'>7.</span> <span class='ocrx_word' id='word_1_460' title='bbox 1532 2251 1607 2287; x_wconf 87' lang='lat' dir='ltr'>Sed</span> <span class='ocrx_word' id='word_1_461' title='bbox 1640 2263 1683 2287; x_wconf 86' lang='lat' dir='ltr'>ea</span> <span class='ocrx_word' id='word_1_462' title='bbox 1715 2262 1773 2286; x_wconf 84' lang='lat' dir='ltr'>res</span> <span class='ocrx_word' id='word_1_463' title='bbox 1807 2251 1918 2297; x_wconf 78' lang='lat' dir='ltr'>longe</span> 
     </span>
     <span class='ocr_line' id='line_1_83' title="bbox 1192 2298 1836 2334; baseline 0.003 -2"><span class='ocrx_word' id='word_1_464' title='bbox 1192 2299 1339 2332; x_wconf 88' lang='lat' dir='ltr'>aliter</span> <span class='ocrx_word' id='word_1_465' title='bbox 1375 2310 1417 2333; x_wconf 88' lang='lat' dir='ltr'>ac</span> <span class='ocrx_word' id='word_1_466' title='bbox 1453 2302 1553 2333; x_wconf 85' lang='lat' dir='ltr'>ratus</span> <span class='ocrx_word' id='word_1_467' title='bbox 1590 2301 1669 2334; x_wconf 87' lang='lat' dir='ltr'>erat</span> <span class='ocrx_word' id='word_1_468' title='bbox 1705 2298 1836 2334; x_wconf 76' lang='lat' dir='ltr'>evenit.</span> 
     </span>
     <span class='ocr_line' id='line_1_84' title="bbox 1191 2345 1916 2392; baseline 0.003 -13"><span class='ocrx_word' id='word_1_469' title='bbox 1191 2346 1269 2380; x_wconf 71' lang='lat' dir='ltr'>Liv.</span> <span class='ocrx_word' id='word_1_470' title='bbox 1283 2346 1335 2387; x_wconf 85' lang='lat' dir='ltr'>II,</span> <span class='ocrx_word' id='word_1_471' title='bbox 1345 2347 1404 2388; x_wconf 86' lang='lat'>46,</span> <span class='ocrx_word' id='word_1_472' title='bbox 1415 2349 1448 2381; x_wconf 90' lang='lat'>2.</span> <span class='ocrx_word' id='word_1_473' title='bbox 1473 2357 1530 2380; x_wconf 90' lang='lat' dir='ltr'>res</span> <span class='ocrx_word' id='word_1_474' title='bbox 1544 2346 1649 2380; x_wconf 87' lang='lat' dir='ltr'>aliter</span> <span class='ocrx_word' id='word_1_475' title='bbox 1661 2346 1770 2392; x_wconf 85' lang='lat' dir='ltr'>longe</span> <span class='ocrx_word' id='word_1_476' title='bbox 1783 2345 1916 2381; x_wconf 83' lang='lat' dir='ltr'>evenit.</span> 
     </span>
    </p>

    <p class='ocr_par' dir='ltr' id='par_1_29' title="bbox 1190 2393 1916 2578">
     <span class='ocr_line' id='line_1_85' title="bbox 1246 2393 1916 2437; baseline 0.001 -11"><span class='ocrx_word' id='word_1_477' title='bbox 1246 2394 1347 2435; x_wconf 71' lang='lat' dir='ltr'>Very.</span> <span class='ocrx_word' id='word_1_478' title='bbox 1387 2394 1473 2428; x_wconf 80' lang='lat' dir='ltr'>Aen.</span> <span class='ocrx_word' id='word_1_479' title='bbox 1514 2393 1569 2435; x_wconf 86' lang='lat' dir='ltr'><strong><em>X,</em></strong></span> <span class='ocrx_word' id='word_1_480' title='bbox 1608 2395 1690 2429; x_wconf 87' lang='grc'>359.</span> <span class='ocrx_word' id='word_1_481' title='bbox 1740 2403 1916 2437; x_wconf 73' lang='lat' dir='ltr'>anceps</span> 
     </span>
     <span class='ocr_line' id='line_1_86' title="bbox 1190 2438 1916 2484; baseline 0.001 -12"><span class='ocrx_word' id='word_1_482' title='bbox 1190 2451 1314 2484; x_wconf 87' lang='lat' dir='ltr'>pugna</span> <span class='ocrx_word' id='word_1_483' title='bbox 1339 2439 1411 2475; x_wconf 89' lang='lat' dir='ltr'>diu.</span> <span class='ocrx_word' id='word_1_484' title='bbox 1440 2459 1482 2464; x_wconf 94' lang='lat'>—</span> <span class='ocrx_word' id='word_1_485' title='bbox 1508 2441 1586 2475; x_wconf 83' lang='lat' dir='ltr'>Liv.</span> <span class='ocrx_word' id='word_1_486' title='bbox 1612 2440 1720 2483; x_wconf 92' lang='lat' dir='ltr'><strong><em>XXI,</em></strong></span> <span class='ocrx_word' id='word_1_487' title='bbox 1747 2443 1780 2476; x_wconf 85' lang='lat'>9.</span> <span class='ocrx_word' id='word_1_488' title='bbox 1822 2438 1916 2473; x_wconf 85' lang='lat' dir='ltr'>Gum</span> 
     </span>
     <span class='ocr_line' id='line_1_87' title="bbox 1192 2486 1915 2531; baseline 0 -11"><span class='ocrx_word' id='word_1_489' title='bbox 1192 2486 1254 2520; x_wconf 90' lang='lat' dir='ltr'>diu</span> <span class='ocrx_word' id='word_1_490' title='bbox 1267 2497 1400 2531; x_wconf 86' lang='lat' dir='ltr'>anceps</span> <span class='ocrx_word' id='word_1_491' title='bbox 1410 2486 1536 2520; x_wconf 89' lang='lat' dir='ltr'>fuisset</span> <span class='ocrx_word' id='word_1_492' title='bbox 1549 2489 1752 2531; x_wconf 64' lang='lat' dir='ltr'>certamem</span> <span class='ocrx_word' id='word_1_493' title='bbox 1765 2489 1824 2523; x_wconf 88' lang='grc'>46.</span> <span class='ocrx_word' id='word_1_494' title='bbox 1837 2497 1915 2521; x_wconf 85' lang='grc'>001·-</span> 
     </span>
     <span class='ocr_line' id='line_1_88' title="bbox 1191 2533 1914 2578; baseline 0.003 -11"><span class='ocrx_word' id='word_1_495' title='bbox 1191 2536 1314 2567; x_wconf 87' lang='lat' dir='ltr'>tamen</span> <span class='ocrx_word' id='word_1_496' title='bbox 1340 2536 1418 2568; x_wconf 90' lang='lat' dir='ltr'>erat</span> <span class='ocrx_word' id='word_1_497' title='bbox 1440 2533 1662 2578; x_wconf 85' lang='lat' dir='ltr'>aliquamdiu</span> <span class='ocrx_word' id='word_1_498' title='bbox 1687 2544 1830 2578; x_wconf 84' lang='lat' dir='ltr'>anceps,</span> <span class='ocrx_word' id='word_1_499' title='bbox 1855 2538 1914 2569; x_wconf 78' lang='lat' dir='ltr'>eto.</span> 
     </span>
    </p>

    <p class='ocr_par' dir='ltr' id='par_1_30' title="bbox 1192 2581 1914 2720">
     <span class='ocr_line' id='line_1_89' title="bbox 1238 2581 1914 2623; baseline 0.003 -9"><span class='ocrx_word' id='word_1_500' title='bbox 1238 2581 1374 2616; x_wconf 71' lang='lat' dir='ltr'>Lucan.</span> <span class='ocrx_word' id='word_1_501' title='bbox 1393 2582 1459 2623; x_wconf 87' lang='lat' dir='ltr'>IV,</span> <span class='ocrx_word' id='word_1_502' title='bbox 1476 2583 1557 2616; x_wconf 84' lang='lat'>390.</span> <span class='ocrx_word' id='word_1_503' title='bbox 1587 2581 1736 2615; x_wconf 85' lang='lat' dir='ltr'>fortuna</span> <span class='ocrx_word' id='word_1_504' title='bbox 1753 2609 1760 2617; x_wconf 93' lang='lat'>.</span> <span class='ocrx_word' id='word_1_505' title='bbox 1780 2607 1789 2616; x_wconf 92' lang='lat'>.</span> <span class='ocrx_word' id='word_1_506' title='bbox 1809 2609 1816 2617; x_wconf 94' lang='lat'>.</span> <span class='ocrx_word' id='word_1_507' title='bbox 1834 2591 1914 2616; x_wconf 78' lang='grc'>0110-</span> 
     </span>
     <span class='ocr_line' id='line_1_90' title="bbox 1192 2628 1912 2672; baseline 0 -10"><span class='ocrx_word' id='word_1_508' title='bbox 1192 2628 1348 2662; x_wconf 86' lang='lat' dir='ltr'>cessibus</span> <span class='ocrx_word' id='word_1_509' title='bbox 1366 2639 1388 2661; x_wconf 91' lang='lat' dir='ltr'>a</span> <span class='ocrx_word' id='word_1_510' title='bbox 1397 2640 1421 2661; x_wconf 92' lang='lat' dir='ltr'>n</span> <span class='ocrx_word' id='word_1_511' title='bbox 1431 2639 1451 2662; x_wconf 90' lang='grc'>0</span> <span class='ocrx_word' id='word_1_512' title='bbox 1461 2639 1480 2662; x_wconf 88' lang='grc'>0</span> <span class='ocrx_word' id='word_1_513' title='bbox 1490 2640 1514 2672; x_wconf 91' lang='lat' dir='ltr'>p</span> <span class='ocrx_word' id='word_1_514' title='bbox 1525 2639 1551 2663; x_wconf 77' lang='lat' dir='ltr'>S.</span> <span class='ocrx_word' id='word_1_515' title='bbox 1569 2648 1610 2652; x_wconf 85' lang='lat'>—</span> <span class='ocrx_word' id='word_1_516' title='bbox 1627 2629 1728 2671; x_wconf 73' lang='lat' dir='ltr'>Verq.</span> <span class='ocrx_word' id='word_1_517' title='bbox 1743 2629 1830 2664; x_wconf 76' lang='lat' dir='ltr'>Aen.</span> <span class='ocrx_word' id='word_1_518' title='bbox 1844 2628 1912 2671; x_wconf 87' lang='lat' dir='ltr'>IV,</span> 
     </span>
     <span class='ocr_line' id='line_1_91' title="bbox 1192 2675 1913 2720; baseline 0 -10"><span class='ocrx_word' id='word_1_519' title='bbox 1192 2677 1272 2710; x_wconf 88' lang='grc'>603.</span> <span class='ocrx_word' id='word_1_520' title='bbox 1297 2686 1430 2719; x_wconf 84' lang='lat' dir='ltr'>anceps</span> <span class='ocrx_word' id='word_1_521' title='bbox 1450 2686 1595 2720; x_wconf 84' lang='lat' dir='ltr'>pugnae</span> <span class='ocrx_word' id='word_1_522' title='bbox 1616 2675 1736 2710; x_wconf 87' lang='lat' dir='ltr'>fuerat</span> <span class='ocrx_word' id='word_1_523' title='bbox 1756 2676 1913 2711; x_wconf 74' lang='lat' dir='ltr'>fortuna.</span> 
     </span>
    </p>

    <p class='ocr_par' dir='ltr' id='par_1_31' title="bbox 1189 2723 1914 2954">
     <span class='ocr_line' id='line_1_92' title="bbox 1239 2723 1914 2767; baseline 0.001 -12"><span class='ocrx_word' id='word_1_524' title='bbox 1239 2723 1327 2757; x_wconf 84' lang='lat' dir='ltr'>Sall.</span> <span class='ocrx_word' id='word_1_525' title='bbox 1337 2723 1412 2757; x_wconf 80' lang='lat' dir='ltr'>Cat.</span> <span class='ocrx_word' id='word_1_526' title='bbox 1424 2725 1481 2758; x_wconf 82' lang='lat'>29.</span> <span class='ocrx_word' id='word_1_527' title='bbox 1500 2723 1710 2767; x_wconf 78' lang='lat' dir='ltr'>anclplti</span> <span class='ocrx_word' id='word_1_528' title='bbox 1722 2723 1914 2767; x_wconf 82' lang='grc' dir='ltr'>11181οΡ01·-</span> 
     </span>
     <span class='ocr_line' id='line_1_93' title="bbox 1191 2770 1912 2823; baseline 0.002 -21"><span class='ocrx_word' id='word_1_529' title='bbox 1191 2773 1327 2802; x_wconf 84' lang='lat' dir='ltr'>motus·</span> <span class='ocrx_word' id='word_1_530' title='bbox 1320 2770 1421 2812; x_wconf 73' lang='lat' dir='ltr'>,I.uq</span> <span class='ocrx_word' id='word_1_531' title='bbox 1432 2772 1489 2806; x_wconf 87' lang='grc'>38.</span> <span class='ocrx_word' id='word_1_532' title='bbox 1503 2770 1912 2823; x_wconf 60' lang='grc' dir='ltr'>11011001οω800οΡομ-</span> 
     </span>
     <span class='ocr_line' id='line_1_94' title="bbox 1191 2816 1891 2861; baseline 0.003 -12"><span class='ocrx_word' id='word_1_533' title='bbox 1191 2816 1294 2859; x_wconf 77' lang='lat' dir='ltr'>Sulp.</span> <span class='ocrx_word' id='word_1_534' title='bbox 1304 2817 1377 2852; x_wconf 82' lang='lat' dir='ltr'>Sev</span> <span class='ocrx_word' id='word_1_535' title='bbox 1389 2817 1458 2860; x_wconf 84' lang='lat' dir='ltr'>Ep.</span> <span class='ocrx_word' id='word_1_536' title='bbox 1472 2819 1506 2852; x_wconf 91' lang='lat'>2.</span> <span class='ocrx_word' id='word_1_537' title='bbox 1523 2817 1673 2861; x_wconf 84' lang='lat' dir='ltr'>ancipiti</span> <span class='ocrx_word' id='word_1_538' title='bbox 1685 2817 1891 2861; x_wconf 88' lang='lat' dir='ltr'>periculo..</span> 
     </span>
     <span class='ocr_line' id='line_1_95' title="bbox 1189 2841 1911 2907; baseline 0.006 -11"><span class='ocrx_word' id='word_1_539' title='bbox 1189 2867 1419 2907; x_wconf 90' lang='lat' dir='ltr'>praeventus.</span> <span class='ocrx_word' id='word_1_540' title='bbox 1440 2884 1481 2889; x_wconf 89' lang='lat'>—</span> <span class='ocrx_word' id='word_1_541' title='bbox 1502 2865 1630 2899; x_wconf 76' lang='lat' dir='ltr'>lustin.</span> <span class='ocrx_word' id='word_1_542' title='bbox 1643 2864 1789 2907; x_wconf 89' lang='lat' dir='ltr'><strong><em>XXVI,</em></strong></span> <span class='ocrx_word' id='word_1_543' title='bbox 1805 2866 1838 2907; x_wconf 90' lang='lat'>1,</span> <span class='ocrx_word' id='word_1_544' title='bbox 1855 2841 1911 2900; x_wconf 90' lang='grc'>10.</span> 
     </span>
     <span class='ocr_line' id='line_1_96' title="bbox 1191 2910 1911 2954; baseline 0.003 -11"><span class='ocrx_word' id='word_1_545' title='bbox 1191 2910 1340 2954; x_wconf 85' lang='lat' dir='ltr'>ancipiti</span> <span class='ocrx_word' id='word_1_546' title='bbox 1373 2911 1533 2954; x_wconf 89' lang='lat' dir='ltr'>periculo</span> <span class='ocrx_word' id='word_1_547' title='bbox 1560 2937 1568 2945; x_wconf 94' lang='lat'>.</span> <span class='ocrx_word' id='word_1_548' title='bbox 1595 2936 1604 2945; x_wconf 90' lang='lat'>.</span> <span class='ocrx_word' id='word_1_549' title='bbox 1630 2936 1639 2945; x_wconf 90' lang='lat'>.</span> <span class='ocrx_word' id='word_1_550' title='bbox 1664 2910 1911 2946; x_wconf 86' lang='lat' dir='ltr'>circumventi.</span> 
     </span>
    </p>

    <p class='ocr_par' dir='ltr' id='par_1_32' title="bbox 1189 2956 1911 3050">
     <span class='ocr_line' id='line_1_97' title="bbox 1238 2956 1911 3002; baseline 0.001 -12"><span class='ocrx_word' id='word_1_551' title='bbox 1238 2957 1338 3000; x_wconf 74' lang='lat' dir='ltr'>Sulp.</span> <span class='ocrx_word' id='word_1_552' title='bbox 1350 2958 1423 2993; x_wconf 83' lang='lat' dir='ltr'>Sev.</span> <span class='ocrx_word' id='word_1_553' title='bbox 1434 2959 1531 2993; x_wconf 75' lang='lat' dir='ltr'>Dial.</span> <span class='ocrx_word' id='word_1_554' title='bbox 1543 2958 1614 3000; x_wconf 93' lang='grc' dir='ltr'>Ι,4.</span> <span class='ocrx_word' id='word_1_555' title='bbox 1633 2958 1694 3002; x_wconf 85' lang='lat' dir='ltr'>qui</span> <span class='ocrx_word' id='word_1_556' title='bbox 1706 2969 1772 2992; x_wconf 87' lang='lat' dir='ltr'>nos</span> <span class='ocrx_word' id='word_1_557' title='bbox 1785 2956 1911 2992; x_wconf 79' lang='lat' dir='ltr'>Gallos</span> 
     </span>
     <span class='ocr_line' id='line_1_98' title="bbox 1189 3004 1910 3050; baseline 0 -12"><span class='ocrx_word' id='word_1_558' title='bbox 1189 3004 1286 3049; x_wconf 85' lang='lat' dir='ltr'>cogis</span> <span class='ocrx_word' id='word_1_559' title='bbox 1300 3005 1466 3049; x_wconf 88' lang='lat' dir='ltr'>exemplo</span> <span class='ocrx_word' id='word_1_560' title='bbox 1480 3016 1501 3039; x_wconf 86' lang='lat' dir='ltr'>a</span> <span class='ocrx_word' id='word_1_561' title='bbox 1510 3016 1535 3038; x_wconf 90' lang='grc'>11</span> <span class='ocrx_word' id='word_1_562' title='bbox 1544 3016 1569 3050; x_wconf 86' lang='lat' dir='ltr'>g</span> <span class='ocrx_word' id='word_1_563' title='bbox 1579 3016 1598 3039; x_wconf 90' lang='grc'>0</span> <span class='ocrx_word' id='word_1_564' title='bbox 1608 3005 1651 3038; x_wconf 96' lang='grc'>10</span> <span class='ocrx_word' id='word_1_565' title='bbox 1661 3016 1680 3038; x_wconf 91' lang='lat' dir='ltr'>r</span> <span class='ocrx_word' id='word_1_566' title='bbox 1690 3016 1714 3038; x_wconf 92' lang='lat' dir='ltr'>u</span> <span class='ocrx_word' id='word_1_567' title='bbox 1724 3016 1761 3038; x_wconf 91' lang='lat' dir='ltr'>m</span> <span class='ocrx_word' id='word_1_568' title='bbox 1777 3004 1910 3038; x_wconf 86' lang='lat' dir='ltr'>vivere.</span> 
     </span>
    </p>
   </div>
  </div>
 </body>
</html>
