2014 3184
202 438 263 462 Iac.
275 439 302 469 5,
315 438 359 465 16.

242 1327 299 1353 (m,
311 1327 352 1353 115,

375 245 444 280 338
591 244 718 281 VITA
742 246 901 283 LULLI
925 248 1166 287 ARGHIEP.
1193 250 1341 288 AUOT.
1367 252 1661 293 LAMPERTO.

375 368 635 420 spectatum
688 368 864 411 faciens
910 384 1063 413 rerum
1110 374 1413 428 experientia,
1469 378 1607 431 quida
1654 380 1876 422 momenti

374 425 546 467 habeat
573 426 836 482 deprecatio
869 429 980 471 iusti
1012 431 1208 473 assidua.
1258 432 1468 485 Quadam
1490 437 1565 479 die
1586 437 1732 480 frater
1752 439 1876 481 idem

373 485 600 527 maturius
638 499 685 528 se
727 488 786 529 ad
824 489 1094 531 aecclesiam
1125 492 1306 546 agebat,
1346 496 1393 536 et
1425 507 1530 538 ecce
1560 496 1748 552 vulpem
1778 513 1874 554 pre-

374 543 521 585 dictas
554 545 703 587 claves
734 547 784 587 in
815 561 892 590 ore
923 550 1160 591 tenentem
1193 551 1390 594 offendit
1421 568 1503 609 pro
1535 555 1713 598 foribus
1745 571 1873 600 occu-

376 602 524 645 buisse
558 605 605 646 et
637 606 866 648 commissi
897 608 1080 650 sceleris
1104 623 1244 664 penas
1266 614 1412 654 morte
1436 615 1718 669 expendisse.
1769 617 1904 659 Fra-5

371 662 521 704 tribus
560 664 618 704 ad
656 664 743 706 hoc
783 667 1098 720 spectaculum
1131 672 1510 714 concurrentibus
1543 676 1590 715 et
1621 675 1871 720 inusitatae

370 721 437 763 rei
477 722 699 764 miraculo
741 726 1053 779 stupentibus,
1098 741 1202 769 cum
1243 732 1478 772 auctorem
1523 732 1640 774 facti
1683 734 1872 778 beatum

371 779 559 822 Lullum
586 783 877 836 prodidisset,
910 785 1049 827 facile
1072 787 1250 829 cunctis
1272 791 1511 843 persuasit,
1545 793 1599 832 ut
1631 794 1872 837 crederent

371 852 475 880 eum
508 841 623 882 haut
655 841 848 884 obscuro
871 844 996 898 apud
1018 844 1169 887 Deum
1196 846 1296 889 loco
1319 848 1492 900 haberi,
1526 851 1605 905 qui
1635 855 1791 907 posset
1821 854 1871 896 in

370 899 515 940 oculis
547 899 785 942 hominum
817 904 914 943 tam
946 905 1175 958 stupenda
1206 908 1398 961 operari.
1884 926 1918 952 10

513 961 583 999 24.
631 958 744 1001 Erat
776 963 987 1003 matrona
1018 964 1216 1017 quedam
1256 965 1305 1007 in
1344 967 1525 1010 familia
1564 971 1712 1012 sancti
1743 971 1870 1014 Lulli

368 1017 552 1059 nomine
593 1018 898 1073 Raginswint,
946 1022 1083 1064 rebus
1125 1024 1433 1068 familiaribus
1474 1027 1618 1071 effuse
1659 1029 1867 1083 effluens,

369 1076 448 1118 sed
481 1077 676 1119 cecitate
708 1092 936 1134 oppressa,
979 1081 1101 1136 ipsas
1142 1084 1308 1137 quibus
1350 1085 1574 1129 effluebat
1605 1102 1714 1143 opes
1745 1090 1868 1146 igno-

367 1135 513 1176 rabat.
577 1136 712 1179 Hanc
744 1152 932 1180 suorum
963 1140 1180 1195 frequens
1213 1144 1472 1187 exhortatio
1509 1146 1559 1188 in
1597 1160 1698 1189 eam
1729 1149 1868 1192 fidem

367 1194 634 1245 adduxerat,
669 1199 722 1237 ut
754 1210 833 1252 spe
867 1200 1121 1242 certissima
1153 1203 1415 1258 conciperet
1447 1218 1494 1247 se
1523 1220 1550 1247 a
1571 1206 1707 1249 beato
1729 1207 1867 1252 Lullo
1881 1223 1914 1250 15

366 1254 675 1296 incumbentis
707 1257 817 1298 mali
843 1259 1095 1300 remedium
1118 1274 1249 1315 posse
1272 1265 1502 1318 consequi.
1550 1265 1688 1308 Forte
1710 1269 1866 1310 autem

365 1312 612 1355 natalicius
660 1315 758 1356 eius
805 1317 902 1359 dies
942 1317 1161 1360 instabat.
1233 1321 1308 1362 Ad
1355 1336 1491 1376 quem
1538 1324 1865 1369 celebrandum

366 1385 467 1412 cum
510 1372 610 1427 ipsa
651 1387 830 1428 quoque
872 1377 1056 1431 populo,
1105 1379 1184 1432 qui
1230 1380 1428 1435 stipatus
1471 1396 1524 1424 eo
1566 1384 1862 1436 confluxerat,

365 1431 538 1472 sociata
575 1433 847 1475 occurrisset
879 1437 926 1476 et
958 1436 1165 1478 osculum
1204 1439 1350 1480 fixura
1390 1463 1447 1468 —
1487 1442 1611 1495 quod
1649 1443 1864 1499 religioni

366 1485 578 1531 duciturb
617 1492 742 1546 apud
773 1493 1019 1548 populares
1060 1496 1236 1538 animos
1275 1520 1334 1525 —
1376 1502 1515 1555 caput
1555 1514 1683 1544 sacro
1724 1503 1864 1546 altari
1877 1519 1913 1544 20

364 1549 674 1603 applicuisset,
707 1552 856 1593 visum
886 1554 1074 1609 recepit,
1109 1557 1155 1597 et
1186 1556 1352 1599 clausis
1386 1559 1466 1600 diu
1498 1560 1643 1603 oculis
1672 1565 1863 1618 repente

364 1608 581 1662 splendor
611 1609 768 1651 illuxit
798 1625 892 1653 non
922 1612 1099 1656 frustra
1130 1617 1302 1669 sperati
1333 1617 1533 1661 luminis.

507 1671 576 1708 25.
624 1669 788 1711 Puella
809 1672 1005 1724 quedam
1029 1672 1228 1716 Hemina
1247 1671 1449 1720 *nomine
1482 1678 1743 1733 egritudine
1767 1695 1862 1724 non
1875 1691 1988 1724 *Mb--

366 1726 512 1767 minus
552 1729 680 1782 gravi
721 1742 859 1783 quam
900 1731 1121 1774 diuturna
1160 1733 1416 1777 laborabat.
1478 1737 1599 1779 Nam
1637 1753 1664 1780 a
1699 1740 1862 1782 tenera

363 1787 514 1827 aetate
547 1787 747 1842 paralysi
777 1789 936 1831 morbo
968 1791 1190 1843 resoluta,
1218 1794 1361 1844 nullo,
1401 1809 1459 1838 ne
1491 1797 1550 1838 ad
1582 1797 1737 1840 cibum
1767 1800 1861 1854 qui·
1873 1815 1909 1840 25

363 1844 466 1886 dem
498 1847 566 1886 ori
598 1847 927 1902 porrigendum
958 1863 1042 1891 usa
1072 1851 1228 1893 fuerat
1256 1854 1566 1896 membrorum
1590 1857 1858 1900 ministerio.

363 1902 568 1958 Cumque
600 1905 692 1946 iam
723 1907 773 1947 in
794 1921 962 1962 magna
983 1910 1195 1952 sanitatis
1218 1912 1538 1967 desperatione
1564 1928 1860 1971 suppremum

360 1963 567 2005 traheret
608 1965 833 2019 spiritum,
877 1968 1071 2010 seculari
1113 1970 1210 2011 eius
1250 1971 1447 2024 domino,
1492 1975 1566 2015 cui
1605 1973 1859 2019 Gozbertus

360 2035 528 2063 nomen
560 2026 670 2072 erat,
705 2025 855 2066 astitit
885 2026 934 2066 in
956 2028 1125 2069 somnis
1146 2029 1217 2070 vir
1238 2034 1428 2085 aspectu
1447 2035 1655 2085 venusto,
1689 2035 1859 2078 canitie

361 2080 533 2134 cignea,
569 2081 733 2123 habitu
764 2085 1034 2138 pontificali,
1068 2088 1296 2141 gravitate
1318 2090 1566 2133 admodum
1587 2094 1856 2148 temperata,
1872 2111 1907 2136 ao

360 2152 496 2192 quem
521 2140 708 2181 beatum
731 2141 918 2183 Lullum
942 2157 1038 2186 esse
1061 2146 1220 2187 multis
1253 2148 1466 2191 elucebat
1498 2151 1696 2203 inditiis3
1729 2153 1858 2208 isque

360 2197 557 2252 benigne
590 2199 791 2242 salutato
823 2203 1042 2256 precepit,
1076 2207 1130 2245 ut
1162 2206 1365 2258 puellam
1398 2209 1518 2251 hanc
1554 2210 1604 2251 in
1634 2214 1858 2254 monaste-

358 2256 478 2297 rium
511 2257 825 2301 Herveldense
858 2260 1072 2312 deferret,
1111 2266 1397 2317 reperturam
1428 2267 1494 2308 ibi
1526 2268 1625 2310 Deo
1657 2270 1856 2325 propitio

359 2316 567 2358 diutinae
588 2317 858 2360 valitudinis
887 2320 1115 2362 solatium.
1163 2322 1345 2364 Retulit
1375 2325 1455 2367 ille
1477 2327 1688 2380 protinus
1708 2329 1856 2370 visum

359 2375 417 2416 ad
448 2376 635 2417 vicinos.
699 2377 835 2419 Fides
876 2378 1038 2420 habita
1076 2382 1145 2422 est
1176 2382 1417 2434 referenti;
1459 2398 1544 2427 nec
1585 2386 1677 2427 alio
1718 2401 1855 2441 quam
1869 2405 1904 2431 35

357 2433 411 2474 ut
442 2434 591 2476 visum
628 2435 784 2477 fuerat
822 2437 982 2480 ordine
1013 2439 1080 2481 rei
1112 2441 1334 2494 processit
1366 2445 1570 2485 eventus.
1612 2444 1754 2486 'Nam
1783 2460 1854 2489 ve-

357 2492 488 2534 niens
521 2497 574 2534 00
608 2508 713 2535 011111
744 2496 947 2550 puellam
989 2497 1231 2541 detulisset
1269 2499 1319 2540 in
1360 2502 1628 2544 aecclesiam
1668 2507 1854 2548 sanctae

357 2551 532 2594 Mariae
574 2553 709 2594 sitam
749 2555 799 2595 in
839 2558 994 2598 monte
1035 2557 1113 2611 qui
1153 2559 1413 2612 proximus⁰
1457 2563 1735 2605 monasterio
1775 2564 1854 2606 im-

356 2610 515 2662 minet,
549 2611 686 2654 beato
709 2613 858 2663 Lullo,
893 2616 971 2669 qui
1003 2616 1140 2658 huius
1172 2618 1471 2671 profectionis
1504 2623 1665 2663 auctor
1684 2623 1851 2675 fuerat,

357 2682 489 2723 opem
530 2670 722 2722 ferente,
767 2674 987 2728 extimplo
1029 2689 1218 2717 coevum
1258 2677 1346 2718 sibi
1385 2680 1601 2722 membris
1641 2682 1901 2726 omnibusw

355 2729 588 2782 torporem
610 2731 748 2780 exuit,
784 2733 831 2773 et
863 2733 1117 2775 dissuetum
1149 2734 1229 2776 diu
1255 2736 1464 2779 defuncti
1487 2740 1687 2794 corporis
1718 2754 1852 2782 usum

355 2787 451 2827 voti
484 2801 667 2842 compos
698 2791 886 2844 recepit.

355 2899 385 2932 a)
404 2899 455 2931 qd‘
476 2900 578 2933 (quod)
597 2903 638 2930 2⁸.
712 2904 743 2937 b)
762 2903 873 2930 dicitur
892 2906 933 2933 2³.
1006 2909 1033 2938 c)
1054 2910 1099 2933 est
1118 2908 1195 2939 add„
1215 2909 1264 2933 sed
1283 2909 1336 2937 del.
1356 2911 1396 2938 2³³.
