2014 3184
394 166 523 205 VITA
548 166 708 203 LULLI
733 163 975 202 ARCHIEP.
1000 162 1149 200 AUOT.
1176 160 1471 198 LAMPERTO.
1617 163 1687 197 327

179 294 310 336 retur
323 290 351 332 ¹.
416 290 498 332 Hii
539 290 644 339 duo,
693 290 748 330 ut
794 287 898 343 paci
945 289 993 329 et
1037 285 1310 328 concordiae
1357 284 1687 365 prospicerent,

181 354 427 408 paternum
466 350 590 392 inter
630 362 678 391 se
721 346 944 390 diviserea
989 359 1198 401 regnum.
1262 344 1387 386 Nec)
1430 345 1590 385 tamen
1630 343 1690 384 ad

180 410 378 453 tutelam
410 409 537 466 pacis
568 409 617 450 id
639 408 818 450 factum
839 405 995 462 potuit
1022 405 1250 447 sufficere.
1296 403 1687 452 Kal-lomannusss,

45 485 92 519 *μ
105 486 168 512 144.
181 471 252 513 vir
282 469 450 512 ferocis
480 469 689 517 naturae,
721 468 850 508 totus
883 462 1154 507 *ambitione
1186 476 1376 519 preceps
1408 462 1688 518 rapiebatur,

153 543 332 585 bneque
371 529 467 571 irae
509 529 592 570 aut
627 525 876 582 cupiditati
917 538 1027 566 suae
1069 518 1390 578 aliquatenusd
1426 521 1691 563 moderaba-

182 592 273 641 tur,
308 588 571 637 dummodo,
605 587 752 628 fratre
785 585 946 634 eiecto,
980 583 1105 626 solus
1135 596 1280 637 regno
1303 581 1546 637 potiretur.
1601 579 1692 622 Sed

184 648 387 691 Karolus
427 647 546 690 lenis
586 645 763 701 ingenii
795 646 843 687 et
883 645 1128 699 provectae
1167 641 1416 684 admodum
1449 639 1692 695 gravitatis

185 710 298 751 erat.
335 707 383 749 Is
404 707 598 748 fratrem
619 704 886 747 iuveniliter
906 702 1276 744 tumultuantem
1299 700 1525 756 paciendo
1547 699 1693 753 magis

185 781 323 823 quam
363 766 544 808 iniuriis
576 765 760 807 obviam
798 763 951 805 eundo
993 762 1206 816 mitigare
1249 760 1516 802 conabatur.
1581 758 1694 799 Erat

139 842 172 867 ιο
185 827 371 883 quidem
403 828 506 868 tum
538 825 690 879 gratia
722 825 769 866 et
796 823 955 864 favore
977 822 1123 863 totius
1156 819 1328 876 populi,
1362 821 1464 860 tum
1497 817 1694 874 propriis

184 887 373 936 viribus,
413 887 516 926 tum
546 897 636 926 usu
667 885 715 926 et
746 882 915 938 peritia
946 882 1013 923 rei
1045 880 1272 930 militaris,
1306 881 1408 920 tum
1441 878 1573 933 copia
1605 891 1694 918 om-

186 946 316 988 nium
357 958 474 1000 quae
516 943 651 986 bellis
698 944 930 998 oportuna
971 954 1068 983 esse
1115 939 1268 981 solent
1309 938 1509 979 multum
1549 937 1695 977 fratre

186 1005 471 1048 instructior.
533 1003 696 1044 Mitius
735 1004 896 1044 tamen
929 1014 1034 1042 cum
1073 999 1220 1041 fratre
1263 998 1494 1053 agendum
1525 996 1695 1037 iudica-

188 1066 287 1114 bat,
337 1063 515 1106 scilicet
561 1061 725 1104 maiori
772 1061 860 1103 sibi
907 1059 1082 1115 gloriae
1124 1058 1248 1113 apud
1290 1057 1441 1098 Deum
1484 1058 1531 1098 et
1573 1055 1696 1110 apud

141 1139 175 1164 ιε,
188 1124 398 1166 homines
428 1123 529 1164 fore
562 1121 848 1171 existimans,
889 1120 928 1161 si
958 1119 1113 1174 potius
1144 1117 1282 1159 fratri
1319 1115 1383 1158 ‘ad
1413 1118 1598 1170 tempus
1631 1127 1696 1155 ce-

189 1185 338 1232 deret,
379 1196 518 1237 quam
550 1183 763 1236 acceptas
796 1193 823 1222 a
854 1179 1000 1221 fratre
1031 1177 1224 1219 iniurias
1257 1176 1454 1232 pessimo
1488 1173 1697 1228 exemplo

189 1243 343 1284 ultum
374 1242 477 1284 iret.
540 1241 638 1283 Nec
669 1242 828 1282 tamen
865 1239 1039 1280 idcirco
1071 1236 1416 1278 Karlomannus
1451 1235 1506 1276 de
1538 1232 1698 1275 feroci-

187 1305 288 1345 tate
335 1301 477 1343 animi
518 1300 765 1355 quicquam
812 1297 1102 1347 remittebat,
1153 1296 1233 1338 sed
1273 1293 1608 1336 tumultuosius
1649 1291 1699 1332 in

190 1363 288 1404 dies
329 1374 479 1417 agere,
521 1359 768 1415 rumpendi
798 1357 972 1400 federis
1004 1355 1267 1398 occasiones
1299 1366 1503 1408 querere,
1545 1354 1699 1393 totum

142 1437 178 1463 20
191 1421 388 1475 denique
428 1420 570 1462 robur
610 1418 743 1473 regni
784 1418 856 1459 sui
895 1417 946 1458 in
978 1416 1136 1458 odium
1178 1416 1317 1468 atque
1357 1413 1416 1454 ad
1448 1411 1700 1468 perniciem

190 1481 349 1522 fratris
385 1479 649 1522 sollicitare.
713 1477 906 1531 Iamque
939 1489 992 1518 eo
1025 1475 1369 1530 processerante
1408 1470 1698 1520 inimiciciae,

191 1542 246 1582 ut
278 1534 361 1582 exf
391 1538 588 1581 occultis
620 1535 986 1579 detractionibus
1019 1535 1078 1576 ad
1110 1535 1319 1589 apertam
1349 1532 1444 1573 vim
1476 1533 1523 1573 et
1555 1529 1701 1585 publi-

194 1613 298 1641 cum
321 1598 497 1640 bellum
527 1611 600 1639 res
634 1597 842 1651 spectare
863 1595 1122 1643 videretur;
1156 1606 1241 1634 nec
1270 1593 1370 1634 erat
1401 1591 1451 1631 in
1484 1590 1701 1643 ambiguo

195 1658 525 1700 dissensionem
578 1657 698 1697 hanc
750 1655 964 1696 luctuoso
1017 1653 1145 1694 exitu
1197 1664 1294 1693 esse
1346 1649 1700 1692 terminandam.

147 1734 182 1759 25
195 1717 367 1759 Verum
410 1715 704 1771 periclitante
746 1715 834 1755 hoc
875 1713 1012 1754 modo
1054 1713 1182 1753 statu
1221 1710 1289 1752 rei
1331 1708 1544 1764 publicae
1587 1721 1702 1748 com-

196 1777 331 1819 mode
363 1775 500 1816 affuit
530 1773 845 1816 misericordia
876 1772 979 1813 Dei.
1042 1770 1163 1811 Nam
1196 1769 1554 1815 Karlomannus,
1593 1766 1702 1807 dum

195 1835 333 1878 fratri
371 1835 590 1876 iamiamg
625 1847 753 1874 arma
791 1831 964 1873 inferre
997 1832 1044 1872 et
1074 1843 1271 1884 regnum
1313 1841 1395 1883 per
1425 1827 1518 1868 vim
1549 1828 1701 1867 totum

195 1896 246 1937 in
277 1908 325 1938 se
349 1887 631 1936 transferreh
658 1892 913 1941 moliretur,
948 1889 1212 1944 egritudine
1244 1888 1493 1943 preventus
1525 1884 1704 1926 interiit
1718 1887 1798 1921 771.

198 1957 246 1998 et
277 1954 452 2010 optimo
480 1953 579 1994 viro
600 1951 738 1993 fratri
770 1964 853 1992 suo
885 1949 1090 1992 nefariae
1124 1945 1482 1990 concertationis
1513 1943 1704 1986 necessi-

150 2032 184 2057 30
196 2017 344 2056 tatem
377 2012 559 2062 exemit,
594 2011 780 2053 biennio
811 2010 910 2052 fere
942 2010 1104 2064 postea
1138 2021 1277 2062 quam
1308 2007 1441 2061 pater
1473 2005 1570 2046 eius
1603 2003 1704 2057 Pip-

198 2074 335 2129 pinus
357 2075 552 2114 naturae
574 2070 875 2113 concesserat.
918 2069 995 2110 Ita
1016 2067 1219 2109 Karolus
1240 2065 1554 2121 principatum
1581 2062 1706 2104 solus

199 2127 451 2188 optinuiti,
484 2131 555 2172 vir
585 2131 635 2172 in
667 2124 876 2172 bellicisk
911 2127 1048 2170 rebus
1090 2126 1225 2168 valde
1267 2126 1516 2166 strennuus
1558 2124 1605 2164 et
1647 2122 1706 2163 ad

200 2192 355 2234 omnia
385 2190 553 2246 quibus
586 2189 792 2231 animum
824 2182 1091 2230 adiecisset¹
1134 2184 1494 2227 efficacissimus.
1550 2181 1610 2222 Et
1641 2195 1706 2223 re-

199 2265 325 2301 vera,
369 2251 407 2292 si
443 2249 518 2292 vel
549 2249 707 2290 Titum
739 2248 922 2290 Livium
958 2246 1032 2288 vel
1065 2245 1279 2300 Crispum
1313 2242 1568 2284 Salustium
1610 2254 1706 2282 sua-

153 2328 187 2355 35
199 2325 302 2352 rum
348 2323 504 2352 rerum
551 2310 788 2364 gestarum
828 2307 1100 2362 scriptorem
1140 2306 1306 2345 nactus
1347 2302 1531 2347 fuisset,
1582 2299 1708 2340 salva

201 2370 292 2412 fide
321 2369 528 2417 dixerim,
562 2368 685 2423 quod
705 2367 780 2410 vel
803 2366 916 2408 Iulii
941 2365 1016 2407 vel
1038 2363 1241 2418 Augusti
1265 2361 1444 2404 Cesaris
1466 2359 1539 2402 vel
1563 2359 1708 2400 cuius-

202 2425 322 2471 libet
348 2427 650 2470 illustrissimi
680 2426 879 2468 Romani
914 2423 1206 2480 imperatoris
1239 2421 1435 2476 gloriam
1466 2421 1563 2460 tam
1597 2416 1709 2459 belli

203 2502 341 2542 quam
387 2487 514 2542 pacis
558 2486 736 2528 artibus
781 2485 1063 2539 exequasset.
1127 2481 1342 2523 Extantm
1383 2478 1569 2533 quidem
1611 2477 1709 2519 eius

205 2614 234 2645 a)
255 2621 379 2645 regnum
399 2611 462 2640 div.
480 2613 522 2640 2¹.
587 2613 617 2644 b)
636 2613 699 2638 Nec
712 2626 747 2631 -
760 2611 900 2638 sufficere
920 2618 974 2638 om.
994 2608 1038 2637 2b.
1113 2610 1140 2639 c)
1160 2607 1400 2633 Karolomannus
1419 2605 1447 2632 h.
1460 2605 1479 2632 l.
1499 2605 1539 2631 2⁸.
1606 2601 1636 2629 d)
1656 2601 1710 2627 ali-

157 2648 193 2674 40
207 2649 349 2680 quatinus
369 2649 402 2673 2¹·
420 2655 539 2680 semper.
613 2649 641 2679 e)
661 2651 816 2674 cesserant
835 2648 876 2674 2⁸.
960 2646 982 2678 f)
1001 2653 1055 2672 om.
1076 2645 1118 2672 2⁵.
1200 2645 1230 2675 g)
1250 2643 1307 2667 iam
1328 2642 1369 2668 2⁸.
1448 2639 1480 2672 h)
1501 2638 1649 2665 tranferre
1668 2636 1711 2664 2¹³.

207 2684 228 2718 i)
247 2685 341 2710 obtin.
360 2683 405 2711 2¹³.
477 2683 508 2714 k)
527 2684 560 2709 in
578 2683 694 2709 becinis
715 2682 758 2711 2¹³.
832 2683 853 2714 l)
872 2681 1025 2707 iniecisset
1044 2681 1085 2708 2¹.
1159 2680 1199 2710 ni)
1219 2678 1349 2703 Exstant
1368 2677 1410 2704 2⁸.

210 2779 245 2823 1)
264 2777 529 2861 {ligdelm‘pgrba
548 2777 716 2820 Ieyuntur
734 2778 771 2810 in
790 2776 980 2819 Lamperti
994 2774 1082 2809 Inst.
1102 2772 1348 2807 Herveldensae‘s
1365 2771 1580 2814 γ’ναρηιεηίο,
1607 2769 1713 2811 infra

202 2838 242 2871 p.
260 2832 268 2859 :
333 2850 343 2867 ,
383 2852 391 2860 .
414 2849 434 2860 ..
462 2851 469 2859 .
