2014 3184
368 238 439 272 294
735 233 1004 269 LAMPERTI
1029 233 1281 270 ANNALES.
1332 233 1378 269 A.
1408 235 1511 270 1077.

252 357 355 408 1077-
371 358 494 412 apud
547 357 755 398 homines
806 357 993 398 interim
1044 356 1179 398 liberi
1231 355 1523 410 expeditique
1575 354 1867 412 {pauerentff

185 403 678 458 (1“'¹·2⁸·²)'Rfitbertum=²
717 416 1148 469 Babenbergensem
1180 415 1445 469 episcopum
1487 416 1533 456 et
1565 409 1863 456 Udalricumb

372 476 427 517 de
471 475 685 517 Cosheim
731 477 778 517 et
826 477 1048 525 caeteros,
1098 488 1291 528 quorum
1339 473 1541 515 consiliis
1589 487 1635 515 se
1681 486 1869 527 remque

371 534 604 589 publicam
637 534 926 588 prodidisset,
961 548 988 574 a
1019 547 1101 574 sua
1131 533 1180 573 in
1212 534 1513 587 perpetuum⁰
1548 532 1868 574 familiaritate

371 595 602 635 amoveret
617 594 644 632 ².
709 592 901 644 Quodsi,
945 593 1154 647 purgatis
1195 605 1311 646 quae
1353 592 1658 639 obicerentur,
1704 593 1900 646 potens⁶

143 670 179 699 cf.
191 669 356 699 2.Par.1,1.
371 653 750 706 confortatusque
791 652 840 692 in
880 665 1022 706 regno
1063 651 1359 706 perstitisset,
1407 650 1620 691 subditus
1660 650 1868 692 Romano

371 711 579 766 pontifici
611 724 789 766 semper
821 711 1036 764 dictoque
1069 710 1391 764 obtemperans
1422 709 1575 751 foret3
1606 711 1654 751 et
1685 709 1745 750 ad
1777 722 1869 751 cor-

370 770 573 824 rigenda,
613 783 926 824 quaecumque
959 770 1007 809 in
1037 782 1180 823 regno
1213 769 1310 810 eius
1343 770 1504 809 contra
1535 767 1870 810 ecclesiasticas

370 829 494 883 leges
527 842 667 883 prava
699 828 1032 870 consuetudine
1064 827 1380 877 inolevissent,
1425 827 1716 869 consentiens
1747 827 1791 869 ei
1822 829 1870 869 et

370 902 451 942 pro
483 887 606 928 virili
638 888 849 941 portione
883 889 1152 941 cooperator
1183 886 1413 928 existeret.
1461 886 1535 927 Ad
1566 886 1796 938 ultimum,
1830 885 1870 928 si
1882 899 1919 925 10

370 947 480 1000 quid
533 947 697 987 horum
751 946 1127 1000 prevaricaretur,
1182 946 1360 986 irritam
1406 945 1506 987 fore
1559 946 1698 995 hanc,
1751 959 1868 1000 quae

370 1002 520 1046 nuncd
554 1007 797 1060 tantopere
831 1005 1035 1060 expetita
1067 1004 1139 1054 sit,
1174 1005 1484 1045 anathematis
1516 1004 1866 1055 absolutionem,

370 1065 481 1118 quin
532 1065 671 1106 immo
723 1064 816 1105 iam
869 1078 950 1119 pro
999 1064 1209 1105 convicto
1257 1064 1556 1118 confessoque
1603 1063 1869 1105 habendum

370 1126 512 1173 essee,
556 1137 640 1165 nec
682 1123 807 1164 ultra
847 1137 928 1177 pro
971 1123 1216 1164 asserenda
1256 1123 1522 1164 innocentia
1561 1135 1645 1164 sua
1685 1122 1868 1164 audien-

369 1183 483 1223 tiam
530 1183 905 1236 impetraturum,
955 1182 1275 1236 principesque
1315 1182 1447 1236 regni
1487 1181 1612 1222 omni
1653 1181 1868 1236 deinceps
1883 1194 1919 1220 15

370 1241 621 1294 questione,
660 1243 828 1282 cuncta
867 1241 1166 1282 iurisiurandi
1203 1241 1425 1295 religione
1458 1240 1677 1282 liberatos
1713 1253 1868 1294 regem

370 1299 524 1350 alium,
558 1301 607 1340 in
629 1314 764 1353 quem
787 1301 1041 1341 communis
1064 1300 1229 1341 electio
1252 1299 1567 1349 consensisset,
1602 1294 1864 1340 creaturosf

371 1372 467 1400 esse
481 1359 510 1398 4.
575 1358 826 1400 Gratanter
866 1372 945 1400 rex
993 1359 1172 1412 accepit
1213 1358 1535 1399 condiciones⁵
1575 1359 1622 1399 et
1669 1359 1869 1399 servatu-

368 1431 470 1457 rum
503 1431 550 1459 se
583 1418 737 1458 omnia
768 1431 905 1471 quam
947 1417 1276 1458 sanctissimisg
1311 1419 1494 1471 poterat
1535 1416 1866 1458 assertionibus

369 1476 684 1530 promittebat.
734 1476 831 1518 Nec
863 1478 1018 1517 tamen
1052 1476 1343 1530 promittenti
1374 1478 1547 1517 temere
1571 1476 1683 1517 fides
1706 1476 1917 1517 habitam

370 1537 451 1576 est.
505 1534 595 1576 Sed
618 1535 759 1576 abbas
783 1534 1107 1585 Cloniacensis,
1141 1529 1386 1588 quoniamh
1412 1535 1563 1576 iurare
1585 1535 1867 1577 monasticae
2011 1538 2014 1581 i

368 1594 604 1648 religionis
627 1589 846 1648 optentui
874 1589 1211 1644 detractabatk,
1236 1594 1373 1635 fidem
1395 1607 1524 1634 suam
1547 1607 1700 1635 coram
1721 1593 1867 1635 oculis

369 1653 523 1693 omnia
555 1653 784 1694 cernentis
807 1653 895 1694 Dei
927 1653 1219 1707 interposuit.
1269 1653 1524 1707 Episcopus
1556 1666 1735 1707 quoque
1759 1651 1867 1694 Citi-

369 1711 515 1753 censis
548 1714 594 1753 et
627 1712 867 1766 episcopus
885 1711 1220 1754 Vercellensis6
1252 1713 1299 1753 et
1320 1712 1439 1753 Azzo
1470 1711 1675 1753 marchio
1708 1713 1755 1753 et
1786 1711 1868 1753 alii

366 1827 395 1856 a)
415 1826 591 1851 autbertum
611 1826 637 1851 Α
649 1827 673 1853 1.
746 1825 777 1859 b)
797 1825 898 1854 Udalr.
919 1827 979 1854 Al.
999 1827 1078 1854 131¹.
1146 1825 1173 1859 e)
1192 1827 1316 1858 imperp.
1335 1826 1397 1853 ΒΞ.
1452 1826 1482 1856 ‹1›
1501 1828 1572 1851 tune
1590 1826 1688 1854 Bl.2.
1742 1824 1771 1859 e)
1789 1827 1868 1852 emet
1880 1821 1916 1848 25

366 1861 442 1888 131²,
526 1861 548 1894 f)
569 1864 724 1887 creaturus
744 1862 805 1889 132.
890 1863 922 1894 g)
940 1862 1144 1887 sanctissimus
1163 1862 1222 1889 132.
1304 1860 1334 1894 h)
1354 1862 1499 1893 quomodo
1518 1860 1598 1889 Bib.
1684 1861 1706 1892 i)
1724 1861 1786 1890 obt.
1804 1861 1867 1890 Al.

366 1897 392 1920 Β
404 1895 446 1924 lb.
458 1897 482 1923 2.
557 1897 587 1928 k)
607 1897 792 1922 detrectabat
810 1897 837 1922 B
847 1896 890 1924 lb.
900 1898 925 1925 2.

2007 1843 2014 1907 5

2004 1908 2014 1967 l

368 1978 402 2020 1)
426 1978 532 2011 Hane
556 1980 791 2012 condicionem
816 1980 1054 2012 anathematis
1082 1980 1241 2013 solvendi
1273 1979 1412 2022 (omnes
1438 1999 1483 2003 —
1508 1979 1711 2021 manerent)
1737 1979 1865 2022 Lamp.

366 2029 576 2058 commentus
607 2029 665 2060 est.
720 2026 917 2068 Greyorius
947 2028 1087 2059 demum
1123 2028 1163 2059 in
1197 2027 1350 2060 secunda
1383 2027 1736 2060 excommunicatione
1771 2026 1867 2070 reyis

367 2082 399 2106 a.
430 2074 532 2113 1080,
569 2072 656 2114 Req.
681 2073 764 2115 VH,
793 2075 876 2115 14a,
917 2074 937 2108 l.
968 2074 990 2108 l.
1022 2086 1059 2117 p.
1087 2075 1167 2109 402.
1203 2075 1343 2106 caut-ius
1376 2074 1494 2106 dixit:
1530 2083 1616 2107 nec
1651 2071 1916 2108 fidelitatemao

368 2118 531 2151 omnium
557 2118 619 2161 qui
644 2118 711 2152 sibi
736 2119 944 2152 iuraverant
971 2146 978 2154 .
1007 2147 1013 2154 .
1042 2145 1070 2162 .‚
1105 2131 1125 2152 a
1151 2131 1221 2163 qua
1247 2131 1371 2153 omnes
1405 2120 1554 2163 absolvi,
1590 2148 1597 2155 .
1625 2145 1634 2155 .
1661 2145 1669 2154 .
1695 2121 1746 2154 ut
1771 2119 1866 2154 sibi

369 2168 670 2209 servaretur,
705 2166 947 2210 praecepi.
1069 2168 1105 2208 2)
1140 2167 1270 2200 Verum
1305 2171 1353 2199 est
1377 2178 1493 2209 reyem
1518 2168 1690 2201 monitum
1714 2178 1794 2210 esse,
1825 2170 1867 2200 ut

367 2212 412 2245 ab
445 2214 771 2254 ecc-communicati&
812 2215 984 2255 inprimis
1020 2213 1065 2246 ab
1098 2215 1267 2256 episcopis
1304 2214 1556 2255 Lanqobardis
1591 2224 1627 2247 se
1661 2214 1863 2256 abstineret,

368 2260 568 2302 (Berthold.
595 2261 713 2303 [Ann.
740 2260 776 2294 S.
804 2261 942 2303 Blasii]
963 2271 1001 2303 p.
1021 2262 1114 2299 290,·
1147 2260 1276 2293 Bruno
1310 2271 1336 2293 c.
1362 2262 1431 2299 90,·
1465 2261 1599 2293 Bonizo
1623 2261 1644 2295 l.
1666 2261 1770 2303 VIII,
1797 2261 1821 2296 l.
1841 2261 1864 2296 l.

362 2318 400 2349 p.
421 2309 519 2349 610),
547 2311 586 2340 ut
610 2307 673 2340 hos
697 2307 785 2340 duos
809 2307 857 2340 in
881 2309 1171 2351 perpetuum
1197 2318 1220 2339 a
1245 2307 1502 2348 familiaritate
1526 2311 1706 2349 amoveret,
1734 2307 1862 2350 Lamp.
1877 2316 1914 2344 35

367 2358 580 2387 commentus
596 2358 656 2398 est,
684 2355 864 2388 ostendens
887 2354 952 2388 lios
975 2355 1049 2397 ipsi
1071 2356 1229 2387 maximo
1253 2354 1331 2387 odio
1348 2355 1469 2395 fuisse.
1511 2354 1710 2398 Episcopus
1726 2355 1866 2388 Baben-

369 2402 484 2444 beryis
509 2406 591 2435 tunc
612 2403 718 2435 etiam
735 2405 859 2446 eaptus
883 2406 980 2441 erat;
1005 2402 1050 2442 cf.
1077 2411 1193 2444 supra
1215 2413 1252 2444 p.
1269 2403 1350 2436 289.
1440 2402 1476 2444 3)
1500 2401 1638 2434 Eadem
1661 2401 1766 2434 verba
1787 2402 1865 2435 vide

367 2459 482 2491 supra
503 2461 541 2492 p.
561 2451 641 2491 281,
671 2450 692 2484 l.
712 2451 769 2484 22.
855 2449 891 2491 4)
915 2448 1012 2482 Haec
1030 2447 1105 2491 (Ad
1130 2448 1301 2481 ultimum
1326 2468 1372 2472 —
1398 2450 1487 2491 esse)
1514 2449 1672 2481 omn-ium
1696 2459 1864 2482 commem-

368 2500 486 2529 torum
510 2496 699 2539 Lamperti
720 2497 975 2538 qravissimum
999 2500 1059 2539 est,
1086 2496 1180 2539 quod
1203 2496 1346 2536 invenit,
1372 2500 1412 2528 ut
1437 2495 1626 2528 ostenderet
1651 2495 1864 2529 Heinrioum

367 2553 482 2585 reqem
515 2544 596 2575 iure
626 2545 817 2586 meritoque
841 2544 1038 2586 depositum
1043 2568 1054 2585 ‚
1089 2542 1286 2584 Rudolfum
1320 2543 1416 2575 iusta
1447 2543 1588 2576 ratione
1618 2542 1757 2576 electum
1781 2553 1862 2578 esse.
1875 2552 1914 2578 40

367 2590 482 2632 Atque
507 2591 624 2623 eadem
650 2591 790 2624 ratione
813 2594 928 2623 motus
957 2590 1107 2623 similem
1131 2590 1364 2623 condicionem
1397 2591 1436 2622 in
1466 2591 1583 2633 pactis
1609 2590 1866 2632 Gerstun.9ensi

367 2640 397 2669 et
425 2636 717 2679 Oppenheimensi
738 2641 909 2670 statutam
934 2648 1003 2670 esse
1027 2639 1210 2670 ementitus
1233 2640 1282 2670 est
1306 2647 1422 2679 supra
1445 2647 1484 2679 p.
1512 2639 1590 2672 180.
1617 2638 1699 2672 282.
1749 2635 1864 2669 Multo

366 2685 517 2716 saniora
542 2684 668 2717 Bruno
692 2694 719 2718 e.
739 2686 794 2719 90.
821 2685 862 2716 de
886 2685 1005 2717 eadem
1028 2694 1068 2717 re
1092 2685 1198 2718 dixit.
1320 2684 1355 2726 5)
1388 2682 1608 2717 Securitates
1633 2694 1748 2726 supra
1772 2693 1864 2716 oom-

363 2730 504 2773 pluries
529 2731 717 2770 laudamus,-
752 2731 920 2774 Greyorii
943 2732 1027 2774 Req.
1054 2731 1124 2772 IV,
1145 2732 1226 2765 l2a.
1349 2732 1384 2774 6)
1418 2731 1625 2773 Greyorius.
1674 2730 1751 2764 Hos
1775 2731 1864 2763 duos

367 2778 543 2820 episcopos
566 2779 727 2810 nominat
751 2779 856 2811 etiam
881 2778 1062 2813 Berthold.
1097 2778 1211 2820 (Ann.
1237 2777 1274 2811 S.
1300 2777 1438 2820 Blasii)
1466 2789 1505 2820 p.
1534 2779 1615 2813 289.
1668 2777 1912 2819 Θνῳονίιιθῶ

363 2834 474 2866 papa,
501 2824 586 2866 Rey.
605 2824 671 2866 IV,
693 2826 748 2859 12.
770 2826 936 2867 scripsit:
961 2823 1123 2869 Quarum
1140 2825 1404 2866 (securitatum)
1423 2824 1532 2858 etiam
1550 2822 1862 2858 confirmationem

364 2881 432 2913 per
456 2881 584 2903 manus
610 2870 749 2904 abbatis
768 2870 1012 2905 cluniacensis
1038 2873 1074 2905 et
1097 2869 1254 2904 filiarum
1271 2874 1478 2904 nostrarum
1494 2870 1684 2905 Mathildis
1709 2872 1747 2904 et
1762 2869 1861 2904 Ade-
