2046 3190
307 240 376 273 202
673 238 942 274 LAMPERTI
968 238 1220 274 ANNALES.
1271 239 1318 273 A.
1347 241 1450 275 1075.

117 375 217 399 Iudith
229 375 254 406 2,
267 375 292 399 2.
309 363 590 408 evocaverat,
634 360 782 402 habuit
823 374 915 403 cum
955 360 1015 402 eis
1055 359 1290 402 misterium
1331 359 1498 403 consilii
1537 359 1606 402 sui
1647 363 1693 403 et
1731 375 1806 404 eos

191 418 292 452 1074-
308 420 455 461 modis
478 420 690 462 omnibus
722 421 780 462 ad
813 421 1165 462 instaurandum
1189 421 1359 462 bellum
1386 420 1661 462 Saxonicum
1688 421 1807 463 solli·

139 465 221 494 (Μ’
234 467 295 496 eoe')
308 479 483 520 citabat
499 479 526 519 ¹.
589 479 742 521 Multa
780 480 830 521 in
874 494 1059 534 presens
1100 480 1396 534 largiebatur,
1439 480 1574 534 plura
1604 480 1654 521 in
1684 481 1807 522 futu-

307 553 409 579 rum
451 539 770 593 pollicebatur,
817 540 998 580 nullum
1039 542 1269 594 postremo
1310 539 1383 581 vel
1424 539 1608 581 infimae
1656 540 1807 581 condi-

309 598 471 645 cionis,
521 599 600 652 qui
646 599 782 640 modo
831 599 1126 641 conficiendis
1173 599 1317 639 tantis
1363 599 1500 640 rebus
1543 599 1837 641 commodus5

307 659 562 711 putaretur,
606 658 909 712 relinquebat,
954 672 1087 712 quem
1130 672 1222 699 non
1265 658 1374 699 dato
1410 658 1610 699 vicissim
1651 660 1698 700 et
1739 672 1806 700 ac-

309 718 442 771 cepto
473 717 770 758 iureiurando
803 718 946 758 fidum
979 718 1066 759 sibi
1099 719 1146 758 et
1168 717 1416 758 obnoxium
1447 718 1637 759 faceret.
1691 716 1807 759 Cum

308 790 362 817 ea
394 776 683 830 potissimum
725 777 1003 831 pollicitatio
1036 790 1193 818 omnes
1235 777 1293 817 ad
1327 777 1708 818 consentiendum
1742 777 1807 818 in-

307 835 532 885 flecteret,
583 836 705 889 quod
758 836 842 877 sub
895 836 1222 877 testificatione
1268 835 1567 877 iurisiurandi
1614 836 1808 891 singulis

307 895 622 948 promittebat,
667 895 705 935 si
737 909 894 936 eorum
937 895 1107 936 auxilio
1141 894 1385 936 Saxoniam
1417 895 1803 950 Turingiamque²
1823 912 1856 938 10

306 956 634 1008 recuperasset,
678 955 800 1008 quod
841 955 952 1009 ipsis
990 956 1233 1008 utramque
1266 954 1548 1009 provinciam
1579 968 1672 1010 pre·
1693 954 1808 997 arbi-

307 1015 434 1054 tratu
476 1027 557 1054 suo
598 1009 747 1055 interb
787 1027 833 1055 se
875 1014 1164 1068 partiendam
1205 1015 1250 1055 et
1283 1015 1507 1068 perpetuo
1538 1014 1638 1056 iure
1670 1014 1808 1069 possi-

308 1073 506 1114 dendam
538 1073 794 1114 traditurus
828 1076 947 1115 esset
961 1074 989 1113 ².
1054 1073 1129 1114 Ita
1168 1073 1236 1114 ira
1274 1075 1489 1114 aestuans
1521 1073 1639 1114 nihil
1671 1087 1808 1128 quam

307 1132 578 1185 sanguinem
626 1147 782 1174 eorum
831 1133 909 1187 qui
957 1147 1003 1174 se
1051 1133 1341 1174 offenderant
1389 1133 1605 1174 malebat.
1674 1132 1808 1184 Quod

307 1193 463 1232 tamen
496 1205 616 1232 anno
648 1192 766 1232 iame
805 1192 988 1246 integro
1021 1206 1157 1245 quam
1189 1192 1385 1233 maxime
1425 1192 1805 1242 dissimulaverat,
1822 1207 1856 1234 15

307 1251 421 1292 adeo
454 1253 507 1290 ut
539 1251 769 1305 principes
802 1251 1039 1301 Saxoniae,
1083 1251 1295 1304 quotiens
1333 1251 1392 1292 ad
1424 1265 1529 1293 eum
1560 1251 1804 1302 venissent,

308 1310 549 1363 magnifice
583 1310 835 1364 susciperet
868 1313 914 1352 et
947 1311 1006 1351 ad
1038 1311 1251 1351 absentes
1284 1311 1476 1364 pacifica
1508 1324 1806 1365 sepenumero

307 1370 445 1422 atque
479 1369 732 1410 honorifica
763 1370 983 1410 mandata
1016 1370 1268 1410 destinaret
1284 1369 1311 1408 3.

450 1427 614 1468 Paucis
637 1430 740 1482 post
763 1429 925 1470 diebus
947 1428 1235 1483 Mogontiam
1256 1428 1396 1475 venit,
1429 1428 1585 1482 ibique
1607 1429 1807 1470 occurrit

307 1486 349 1528 ei
380 1484 699 1528 Ruzenorum‘l
735 1501 814 1529 rex
846 1488 1110 1529 Demetrius
1151 1487 1336 1529 nomine
1350 1487 1377 1538 4,
1422 1488 1633 1529 deferens
1670 1488 1713 1529 ei
1742 1488 1855 1530 in-20

77 1525 291 1592 3.Re,‹1⁶.f1‘0,25.
307 1546 589 1587 estimabiles
621 1547 810 1588 divicias
841 1547 891 1587 in
921 1547 1040 1588 vasis
1073 1547 1222 1588 aureis
1255 1549 1302 1588 et
1334 1547 1564 1601 argenteis
1597 1549 1644 1589 et
1674 1547 1807 1589 vesti-

308 1605 393 1646 bus
414 1605 548 1646 valde
581 1606 810 1660 preciosiS,
845 1607 1084 1660 petiitque,
1118 1607 1172 1646 ut
1195 1606 1365 1647 auxilio
1393 1606 1480 1648 sibi
1501 1606 1623 1648 foret
1646 1608 1807 1648 contra

306 1665 526 1706 frat-remss
575 1678 707 1706 suum
722 1665 749 1716 ⁵,
799 1666 878 1719 qui
926 1679 972 1707 se
1019 1679 1101 1720 per
1140 1665 1233 1706 vim
1279 1679 1421 1719 regno
1463 1665 1713 1720 expulisset
1759 1667 1806 1708 et

307 1737 500 1777 regnum
541 1720 799 1766 tirannicaf
834 1725 1125 1766 immanitate
1163 1727 1432 1779 occupasset
1446 1724 1474 1764 ⁶.
1537 1725 1705 1766 Missus
1737 1726 1806 1767 est

307 1783 517 1837 protinus
550 1797 577 1824 a
607 1797 714 1838 rege
737 1784 1063 1826 Burchardusg
1088 1784 1377 1826 Treverensis
1409 1779 1685 1826 aecclesiaeh
1711 1798 1855 1839 pre-25

307 1842 484 1896 positus
518 1857 652 1897 agere
686 1857 790 1884 cum
821 1843 903 1884 illo
937 1844 993 1885 de
1024 1843 1218 1893 iniuriis,
1257 1857 1369 1897 quas
1400 1844 1536 1884 fratri
1566 1843 1804 1894 intulerat,

308 1903 354 1942 et
387 1915 687 1952 commonere,
721 1905 775 1943 ut
806 1916 960 1956 regno,
996 1903 1118 1957 quod
1149 1897 1349 1944 iniuste¹¹
1385 1903 1639 1953 invasisset,
1681 1902 1806 1944 ultro

189 1414 291 1448 1075.

197 1460 293 1491 (Ian.)

307 1961 562 2009 decederet,
598 1961 803 2015 alioquin
835 1962 1161 2003 auctoritatem
1194 1963 1240 2003 et
1267 1976 1393 2002 arma
1414 1961 1656 2004 Teutonici
1675 1962 1807 2016 regni

306 2020 572 2073 propediem
591 2017 909 2074 experturumi
941 2022 1053 2062 fore.
1103 2021 1150 2062 Is
1177 2021 1400 2075 legationi
1432 2021 1541 2063 huic
1563 2023 1807 2076 propterea

306 2080 561 2131 oportunus
582 2079 839 2129 videbatur,
874 2080 996 2133 quod
1017 2079 1109 2128 ille,
1139 2081 1197 2121 ad
1219 2093 1354 2133 quem
1376 2080 1660 2130 mittebatur,
1690 2094 1854 2124 soro-30

305 2150 401 2178 rem
419 2137 431 2160 ⁷
454 2137 550 2178 eius
572 2137 621 2177 in
644 2138 858 2192 coniugio
885 2139 1100 2188 habebat,
1136 2141 1182 2180 et
1203 2139 1300 2193 ipse
1323 2139 1410 2180 hac
1433 2140 1489 2181 de
1513 2153 1650 2181 causa
1681 2139 1805 2194 apud

305 2210 472 2250 regem,
516 2210 573 2238 ne
615 2197 726 2250 quid
766 2197 815 2237 in
846 2197 979 2237 illum
1014 2198 1201 2238 interim
1242 2198 1425 2251 gravius
1467 2199 1804 2248 decerneretur,-

306 2255 494 2296 summis
526 2256 737 2310 precibus
764 2255 1042 2297 obtinuerat.
1095 2252 1415 2297 Ruzenorumk
1439 2270 1519 2298 rex
1540 2257 1662 2298 Dedi
1692 2271 1804 2298 mar-

307 2314 461 2355 chioni
495 2314 731 2364 Saxonico,
766 2315 895 2356 cuius
934 2315 1078 2356 ductu
1111 2329 1164 2356 eo
1197 2315 1457 2363 advenerat,
1493 2329 1519 2356 a
1550 2329 1656 2370 rege
1689 2329 1804 2357 com-

305 2373 469 2414 missus
503 2375 571 2415 est
605 2375 866 2425 servandus,
902 2374 1046 2415 donec
1078 2374 1222 2427 legati
1253 2376 1606 2415 reverterentur.
1818 2399 1852 2424 35

305 2486 334 2520 a)
360 2489 452 2513 Thur.
472 2489 535 2513 Bl.
547 2489 574 2513 2.
667 2487 697 2521 b)
722 2489 800 2514 intra.
818 2489 881 2514 ΒΞ.
965 2489 992 2518 c)
1019 2496 1075 2514 om.
1094 2488 1156 2513 Bl.
1171 2488 1198 2513 2.
1283 2486 1313 2520 d)
1339 2488 1542 2514 Ruzzenorum
1560 2489 1639 2513 131³·
1651 2492 1663 2507 θ
1684 2489 1713 2514 h.
1729 2489 1749 2515 l.
1770 2490 1801 2523 23

304 2524 505 2549 Russenorum
524 2523 605 2549 Blb.
673 2523 702 2557 e)
720 2525 798 2549 frate
817 2525 898 2550 31².
973 2523 996 2557 f)
1014 2526 1073 2556 tyr.
1094 2525 1156 2548 Al.
1176 2524 1239 2548 132.
1305 2522 1334 2556 g)
1354 2523 1546 2556 Burghardus
1566 2525 1629 2550 ΒΞ.
1697 2524 1727 2558 h)
1746 2532 1802 2551 om.

303 2559 330 2583 B
341 2559 367 2584 2.
441 2559 463 2591 i)
482 2560 683 2591 experiturmn
701 2559 783 2585 ΒΗ).
879 2559 911 2594 k)
929 2561 1132 2585 Ruzzenorum
1151 2560 1178 2584 B
1188 2560 1218 2592 2;
1239 2559 1439 2585 Russenorum
1457 2559 1538 2585 Blb.

306 2653 340 2695 1)
365 2653 423 2694 Cf.
450 2654 632 2689 Berthold.
659 2654 771 2697 (Anu.
798 2654 835 2689 S.
860 2655 998 2696 Blasii)
1022 2665 1061 2697 p.
1081 2655 1161 2689 277.
1259 2653 1296 2696 2)
1319 2654 1372 2687 De
1397 2654 1458 2688 hoc
1483 2660 1670 2688 commento
1694 2655 1804 2688 Lam-

298 2702 399 2742 pertz·
421 2702 498 2734 vide
523 2701 704 2735 Delbrvzck
723 2713 763 2745 p.
781 2704 838 2737 42.
928 2703 964 2746 3)
992 2702 1046 2743 Cf.
1072 2701 1199 2734 Bruno
1224 2711 1250 2735 c.
1268 2703 1325 2736 35.
1344 2703 1401 2736 37.
1498 2702 1535 2745 4)
1558 2703 1641 2736 Alio
1665 2704 1805 2736 nomine
1815 2714 1851 2738 40

305 2748 487 2781 Isaslavus
512 2749 544 2783 I.
570 2749 772 2792 (Isjaslaw)
797 2750 923 2792 dictus,
950 2750 1051 2792 filius
1076 2749 1266 2783 Iaroslavi.
1388 2748 1424 2792 5)
1448 2749 1696 2785 Suscitoslavus.
1732 2750 1801 2791 Cf.

304 2795 396 2828 Best.
422 2795 586 2838 Rjumin,
616 2796 830 2829 ‘Geschichte
853 2797 1055 2830 Russlands
1087 2796 1200 2830 ubers.
1227 2806 1292 2828 von
1325 2796 1391 2831 Th.
1418 2796 1642 2830 Schiemann’
1667 2797 1804 2839 (Mitau

306 2842 414 2884 1874)
432 2842 462 2882 I,
484 2854 521 2885 p.
542 2845 608 2878 121
623 2854 672 2886 sq.
748 2844 783 2886 6)
800 2844 857 2885 Cf.
876 2844 1042 2887 Siyebert.
1069 2854 1102 2878 a.
1123 2845 1227 2886 1073,
1251 2843 1315 2877 SS.
1335 2844 1397 2886 VI,
1419 2855 1459 2886 p.
1477 2846 1557 2879 362.
1633 2846 1667 2888 7)
1693 2844 1804 2878 odam

303 2889 418 2930 filiam
436 2889 627 2932 Lippoldi;
651 2891 696 2932 cf.
714 2891 848 2926 Albert.
874 2891 988 2933 stad„
1013 2891 1077 2925 SS.
1096 2890 1205 2933 XVI,
1228 2902 1265 2934 p.
1284 2892 1353 2926 319
1371 2902 1421 2934 sq.
