2014 3184
0 0 25 394 ἔ

609 234 774 271 INDEX
798 233 1149 272 LOGUTIONUM.

170 364 324 389 munera
348 364 414 388 sua
436 354 517 388 rata
542 353 576 388 ei
601 364 750 389 manere
775 365 848 389 cu-

122 400 380 448 pidissime
404 400 552 436 volebat
576 402 775 444 129‚15.—
799 400 850 436 Et

122 460 189 484 rex
229 447 378 494 quidem
419 447 550 493 cupide
591 448 662 483 hoc
701 448 850 483 volebat

123 497 204 542 194,
219 506 263 533 15.
298 516 345 522 --
379 495 621 541 suspicionem
646 495 741 530 hanc
768 523 776 532 .
803 521 811 530 .
839 523 848 532 .

123 545 332 590 abstergere
402 541 634 588 cupidissime
701 542 850 578 volebat

121 593 206 636 217,
218 602 247 628 5.
281 611 323 617 -
351 589 423 636 Qui
448 590 591 626 etiamsi
616 589 849 635 cupidissime

121 638 261 674 vellent
283 640 366 683 271,
380 649 426 675 25.

170 697 279 721 omne
304 685 467 720 studium
493 685 539 720 ab
565 685 675 720 armis
701 683 748 719 ad
773 696 849 720 cu·

121 744 219 769 ram
246 743 442 779 corporum
467 734 654 768 verterant
677 735 759 777 218,
779 743 824 769 15.

1566 237 1637 271 419

948 356 980 390 1.
1005 354 1125 390 Thess.
1151 356 1186 396 2,
1211 355 1246 391 8.
1279 352 1455 398 cupide
1479 353 1624 388 voleba-

898 412 990 483 gitiliigs
1005 401 1149 436 tradere
1173 400 1276 436 vobis
1303 428 1312 437 .
1334 426 1342 436 .
1363 429 1370 437 .
1398 400 1536 436 animas
1561 411 1625 435 no-

947 590 1027 626 Liv.
1053 591 1120 633 IV,
1149 591 1212 633 52,
1240 591 1273 625 3.
1306 589 1513 634 pestilentia
1545 617 1553 625 .
1582 618 1588 624 .
1617 617 1625 625 .

899 637 1140 682 cogitationes
1166 665 1173 672 .
1202 661 1210 671 .
1235 665 1242 672 .
1269 647 1291 671 a
1317 664 1325 672 .
1353 665 1361 674 .
1387 664 1394 672 .
1421 636 1626 671 certamini-

898 685 1072 721 bus...
1109 683 1155 718 ad
1191 710 1199 718 .
1227 712 1234 720 .
1262 712 1271 720 .
1306 694 1467 719 curam
1498 694 1625 728 corpo·

897 743 981 767 rum
1006 731 1286 767 nutriendorum
1313 731 1454 766 avertit.

841 854 907 890 1).

172 923 312 959 cunctis
346 922 386 958 id
418 922 500 959 fieri
533 923 850 958 decernenti-

122 971 146 1007 b
156 983 204 1007 us
221 973 359 1015 106,15.
380 991 423 996 --
442 970 582 1006 cunctis
595 970 659 1016 qui
671 981 850 1006 convene-

122 1021 207 1054 rant
239 1018 420 1064 episcopis
453 1017 492 1054 id
515 1017 597 1054 fieri
622 1017 851 1054 decernenti-

123 1067 190 1103 bus
214 1069 297 1111 255,
314 1078 342 1103 1.

169 1113 335 1160 paralisis
358 1113 458 1148 hunc
482 1124 550 1159 per
573 1113 611 1148 V
635 1124 748 1148 annos
774 1112 850 1148 de-

123 1161 259 1197 coxit
296 1162 360 1206 68,
378 1171 424 1198 25.
469 1181 511 1186 -
549 1172 616 1206 per
652 1163 736 1196 octo
773 1160 851 1196 dies

122 1209 227 1256 gravi
251 1208 458 1256 egritudine
475 1208 649 1244 decoctus
674 1211 732 1252 75,
743 1220 787 1245 20.
804 1229 847 1234 -

122 1267 191 1302 per
235 1267 373 1291 annum
419 1256 594 1292 continua
642 1255 848 1302 egritudine

123 1303 295 1340 decoctus
322 1306 402 1348 139,
415 1315 461 1340 20.
493 1324 540 1330 —-
564 1315 631 1349 per
654 1303 714 1339 VI
739 1303 849 1338 ebdo-

122 1351 250 1386 madas
267 1351 482 1398 gravissima
497 1350 660 1396 corporis
682 1351 850 1386 molestia

123 1399 294 1434 decoctus
331 1401 413 1443 216,
430 1409 459 1436 5.
499 1419 542 1424 -
579 1401 664 1444 post
700 1399 850 1445 longam

124 1447 409 1494 egrotationem,
453 1457 526 1491 qua
566 1445 745 1481 Dominus
785 1457 849 1481 vas

126 1522 135 1532 .
162 1523 170 1532 .
197 1522 206 1532 .
232 1494 430 1530 decoxerat
453 1495 537 1536 242,
551 1504 579 1530 5.

172 1543 300 1577 contra
325 1541 470 1577 decus
495 1540 642 1586 imperii
665 1543 748 1584 271,
763 1552 808 1577 20.

170 1589 281 1624 malle
306 1600 344 1624 se
369 1588 464 1623 mori
490 1616 499 1625 .
522 1616 530 1624 .
551 1617 559 1624 .
586 1599 697 1633 quam
723 1599 850 1632 accep-

124 1638 200 1672 tam
235 1648 256 1671 a
289 1636 502 1682 parentibus
542 1635 750 1671 libertatem
784 1646 850 1680 per

123 1684 147 1719 d
158 1683 270 1719 edec
281 1695 332 1718 us
385 1683 553 1718 amittere
604 1684 684 1727 148,
707 1693 752 1718 25.
805 1703 848 1707 —

122 1731 239 1777 magis
265 1731 402 1776 eligens
426 1730 540 1765 vitam
565 1730 717 1764 honeste
740 1741 850 1774 quam

122 1790 278 1826 regnum
293 1789 362 1823 per
374 1777 532 1813 dedecus
549 1777 719 1812 amittere
734 1779 849 1817 175,1.

171 1837 210 1861 se
227 1837 364 1870 suaque
382 1825 506 1860 omnia
523 1824 702 1860 dedidit
716 1826 796 1868 108,
806 1835 849 1860 ιο.

170 1873 352 1909 inclinatis
366 1873 413 1908 ad
426 1872 733 1908 defectionem
750 1871 850 1916 prin-

124 1921 265 1967 cipibus
289 1922 371 1960 265.
386 1931 432 1957 20.

172 2027 255 2051 cum
297 2015 388 2051 haec
429 2014 485 2050 ira
526 2013 732 2049 Saxonibus
774 2013 850 2048 de-

123 2063 399 2099 ferbuisset
425 2064 547 2107 184,5.

171 2157 299 2193 videns
325 2184 334 2192 .
361 2183 370 2192 .
396 2183 405 2192 .
430 2156 614 2203 Ungarios
645 2167 667 2191 a
699 2167 737 2191 se
762 2167 851 2201 pau·

124 2205 227 2240 latim
265 2204 312 2240 ad
349 2215 434 2240 eum
471 2203 692 2239 deficere
730 2206 786 2244 77,
805 2213 850 2240 25.

126 2273 169 2279 —
197 2263 282 2288 cum
306 2251 459 2292 videret,
494 2251 594 2296 quod
617 2251 796 2296 paulatim
830 2262 852 2285 a

125 2311 164 2335 se
196 2299 381 2345 principes
406 2298 607 2335 deficerent
639 2300 719 2342 174,
733 2309 779 2335 2⁶.
807 2318 848 2323 ——

125 2358 211 2383 cum
243 2346 387 2382 videret
422 2375 429 2383 .
457 2374 465 2383 .
493 2375 501 2383 .
536 2345 719 2392 principes
757 2356 778 2380 a
813 2356 851 2380 se

124 2394 303 2440 paulatim
329 2393 487 2430 deficere
510 2395 594 2438 264,
608 2404 655 2430 25.

172 2444 253 2476 tum
277 2442 439 2487 primum
463 2440 569 2476 furor
593 2439 851 2485 deflagrare

155 2517 163 2526 .
182 2515 191 2524 .
217 2489 316 2534 cepit
342 2490 422 2533 191,
436 2499 481 2525 25.
509 2508 551 2514 ——
578 2487 650 2522 His
674 2486 852 2532 paulatim

125 2536 235 2572 rebus
262 2564 270 2572 .
295 2564 303 2572 .
330 2562 338 2571 .
364 2535 468 2571 furor
492 2534 706 2580 deflagrare,
733 2533 853 2568 studia

163 2611 171 2620 .
199 2611 207 2620 .
233 2583 452 2618 incalescere
477 2584 654 2628 ceperunt
677 2583 759 2625 300,
773 2591 819 2617 35.

173 2630 213 2665 in
237 2630 367 2666 eodem
391 2630 531 2665 lumina
559 2628 757 2664 defixus
789 2638 852 2671 op-

126 2679 210 2712 tutu
235 2679 317 2723 319,
331 2689 376 2714 10.

175 2724 248 2759 Diu
288 2724 402 2771 igitur
440 2723 567 2759 habita
607 2722 852 2758 delibera-

127 2771 264 2806 tione
302 2773 382 2815 144,
400 2783 427 2808 1.
470 2791 512 2797 —
556 2769 689 2804 Paucis
730 2769 854 2812 itaque

129 2818 256 2854 diebus
282 2818 544 2854 deliberatione
579 2827 704 2852 secum
729 2815 854 2850 habita

129 2868 211 2910 310,
226 2878 252 2902 1.

948 1541 1040 1576 Sall.
1075 1541 1155 1584 qu.
1189 1542 1248 1576 33.
1278 1543 1308 1573 el
1341 1541 1398 1575 72.
1431 1543 1463 1573 et
1495 1539 1627 1573 lustin.

900 1588 991 1629 XII,
1010 1589 1066 1631 12,
1083 1589 1138 1623 12.
1162 1589 1289 1621 contra
1315 1585 1449 1621 decus
1474 1586 1626 1631 regium.

949 1635 1038 1670 Sall.
1058 1635 1134 1668 Cat.
1152 1637 1209 1670 20.
1237 1633 1352 1668 emori
1371 1644 1438 1678 per
1454 1632 1628 1667 virtutem

898 1683 1060 1726 praestat
1085 1692 1195 1725 quam
1219 1680 1332 1715 vitam
1359 1707 1367 1716 .
1393 1708 1400 1716 .
1427 1706 1435 1715 .
1460 1690 1527 1724 per
1552 1678 1627 1713 de-

900 1728 924 1763 d
935 1739 954 1763 e
965 1740 984 1763 c
994 1740 1019 1762 u
1028 1739 1044 1762 s
1075 1728 1254 1763 amittere.

954 1777 992 1811 V.
1020 1776 1132 1810 Mart.
1152 1777 1186 1811 4.
1226 1785 1290 1808 sua
1323 1773 1445 1808 omnia
1477 1783 1627 1817 seseque

900 1822 1149 1858 dedentes

948 1871 1026 1905 Liv.
1062 1870 1206 1913 XXIV,
1242 1871 1300 1905 30.
1339 1879 1422 1902 cum
1464 1866 1510 1902 ad
1552 1866 1627 1901 de-

900 1917 919 1952 f
925 1929 945 1953 e
956 1917 1161 1952 ctionem
1183 1916 1374 1951 inclinatos
1395 1914 1535 1949 animos
1552 1925 1627 1949 cer·

900 1966 1041 2000 nerent.

950 2013 1020 2048 Cic.
1045 2012 1147 2047 Tusa.
1172 2011 1244 2053 IV,
1270 2011 1328 2052 36,
1349 2011 1405 2045 78.
1437 2008 1526 2043 dum
1551 2007 1627 2042 de-

901 2059 1144 2095 fervescat
1168 2058 1233 2092 ira.
1254 2077 1295 2082 —-
1315 2057 1419 2092 Esth.
1433 2059 1511 2100 2‚1.
1529 2058 1627 2101 post-

901 2111 1012 2152 quam
1036 2106 1134 2152 regis
1159 2104 1362 2151 indignatio
1382 2103 1627 2139 deferbuerat.

949 2155 1080 2190 lustin.
1107 2153 1295 2195 XXXIX,
1323 2154 1357 2195 2,
1381 2153 1415 2187 4.
1450 2150 1627 2196 paulatim

901 2202 947 2237 ab
972 2200 1186 2236 Alexandro
1212 2199 1236 2234 d
1247 2210 1267 2234 e
1277 2199 1295 2234 f
1301 2199 1314 2233 i
1324 2210 1343 2234 c
1354 2210 1373 2234 e
1384 2210 1403 2233 r
1413 2210 1432 2233 e
1463 2209 1626 2243 coepere.

951 2438 1008 2480 Cf.
1034 2440 1163 2471 terror.

957 2579 1058 2621 Ver-y.
1078 2578 1167 2612 Aen.
1188 2576 1249 2618 ΓΙ,
1271 2576 1350 2611 156.
1377 2576 1516 2608 maesto
1551 2573 1628 2607 de-

902 2626 1034 2660 fix'us
1071 2623 1211 2658 lumina
1235 2622 1357 2665 voltu3
1393 2622 1423 2662 I,
1448 2623 1530 2657 495.
1566 2631 1627 2665 op-

903 2674 1058 2715 tutuque
1084 2670 1211 2705 haeret
1237 2668 1378 2704 defixus
1404 2668 1440 2702 in
1467 2678 1551 2703 uno.

950 2720 1035 2762 Rea.
1061 2718 1098 2753 S.
1118 2717 1245 2752 Bened.
1268 2718 1324 2752 58.
1355 2715 1480 2749 habita
1505 2725 1627 2749 secum

903 2764 1283 2801 deliberatione.

1272 2926 1342 2963 27*
