2046 3190
209 350 310 384 1075.

212 398 277 424 Iun.
286 398 311 424 0.

107 1557 115 1563 .
128 1536 248 1567 Remu,
262 1538 304 1563 11.

156 1574 212 1600 [er.
224 1574 265 1600 15.
278 1574 303 1602 s,

137 1668 229 1697 [ecclic.
239 1668 265 1702 6,
277 1668 303 1696 5.

326 232 396 266 218
695 232 964 270 LAMPERTI
988 235 1241 273 ANNALES.
1291 239 1338 274 A.
1367 243 1470 278 1075.

326 352 498 407 singuli
531 354 670 396 duces
703 369 807 398 suas
839 362 1070 399 seorsuma
1098 359 1301 414 legiones
1333 362 1584 406 instruunt.
1637 366 1698 407 Et
1719 367 1829 422 quia

326 425 410 454 nec
448 413 563 455 situs
595 414 684 456 loci
716 429 800 457 nec
833 417 1086 460 multitudo
1118 420 1399 474 paciebatur,
1439 425 1492 464 ut
1524 438 1618 466 uno
1651 427 1827 469 eodem-

325 485 412 525 que
443 474 650 527 tempore
673 475 884 517 omnibus
917 491 1010 518 una
1041 478 1171 520 fieret
1194 494 1354 522 manus
1377 485 1646 526 conserendi
1679 487 1822 541 copia,

325 530 485 572 datum
526 534 768 586 negocium
810 537 879 576 est
921 536 1027 578 duci
1066 535 1316 589 Rfidolfob,
1359 543 1413 582 ut
1451 542 1547 596 ipse
1590 557 1692 585 cum
1730 546 1824 588 suis

324 590 471 644 prima
503 592 600 633 acie
634 594 913 648 confligeret,
948 597 1171 650 peculiari
1203 599 1379 642 scilicet
1407 600 1659 644 Suevorum
1690 605 1856 659 privis

324 649 457 704 legio,
492 651 656 704 quibus
690 652 747 694 ab
780 654 982 708 antiquis
1014 656 1105 697 iam
1139 657 1300 699 diebus
1332 659 1434 713 lege
1466 660 1612 703 latum
1647 666 1727 714 est,
1769 666 1824 706 ut

323 708 370 749 in
403 710 527 750 omni
561 712 851 766 expeditione
884 715 1004 768 regis
1037 715 1278 759 Teutonici
1319 718 1407 773 ipsi
1444 721 1694 763 exercitum
1726 737 1822 778 pre-

322 769 482 810 cedere
516 771 562 811 et
594 771 729 824 primi
762 773 1049 816 committere
1082 775 1281 818 debeant
1296 777 1322 816 1.
1388 777 1592 821 Caeteris
1633 782 1821 834 iussum,

320 830 374 868 ut
416 831 628 882 propter⁰
668 831 933 873 assistentes
975 835 1302 887 pugnantibus,
1346 841 1485 891 prout
1525 836 1625 881 res‘l
1672 854 1821 895 posce-

321 888 404 937 ret,
449 888 619 929 auxilio
662 894 1000 933 concurrerent.
1063 893 1161 935 Rex
1201 895 1248 935 in
1290 896 1453 950 quinta
1494 901 1593 940 erat
1624 899 1820 954 legione,
1837 915 1874 940 ιο

320 959 456 999 quam
490 961 544 988 ex
575 947 836 991 lectissimis
869 953 916 992 et
948 965 1057 1005 erga
1088 967 1135 994 se
1168 955 1415 996 admodum
1448 959 1682 1011 spectatae
1713 959 1823 1003 fidei

319 1005 563 1047 iuvenibus
585 1007 803 1062 stipatam
821 1011 1249 1067 ornatissimamque
1271 1014 1539 1058 instituerat
1550 1018 1577 1057 ².
1617 1018 1693 1060 Ita
1714 1033 1822 1074 pau-

320 1064 451 1105 latim
485 1067 675 1108 servatis
708 1069 946 1110 ordinibus
979 1071 1038 1112 ad
1072 1074 1221 1114 castra
1254 1073 1484 1116 Saxonum
1517 1078 1819 1131 procedunto.

463 1125 676 1177 Saxones,
719 1128 798 1181 qui
839 1129 926 1170 sibi
959 1130 1229 1174 stultissime
1263 1138 1583 1187 persuaserant
1614 1138 1821 1192 spacium

318 1183 449 1234 illud,
493 1198 582 1239 quo
616 1200 642 1226 a
673 1200 782 1241 rege
815 1188 1019 1239 aberant,
1062 1190 1137 1231 vix
1171 1192 1227 1233 ab
1261 1190 1444 1246 equitef
1481 1196 1708 1250 expedito,
1746 1211 1819 1240 ne·
1834 1211 1869 1238 15

320 1243 427 1283 dum
471 1244 527 1285 ab
571 1246 776 1287 exercitu
817 1248 1007 1290 sarcinis
1050 1249 1241 1304 aliisque
1289 1252 1630 1307 impedimentis
1672 1256 1819 1311 impli-

319 1304 422 1343 cato
455 1317 547 1344 uno
581 1304 654 1346 die
686 1307 943 1348 transmitti
975 1322 1118 1362 posse,
1162 1310 1279 1351 nihil
1311 1312 1463 1353 minus
1495 1327 1631 1367 quam
1663 1328 1818 1370 regem

318 1374 371 1402 eo
399 1362 472 1403 die
505 1363 564 1403 ad
596 1376 642 1404 se
669 1367 996 1418 perventurum
1023 1369 1388 1422 suspicabantur.
1442 1371 1676 1427 Ideoqueg
1699 1388 1818 1416 vana

318 1421 565 1463 securitate
612 1423 806 1464 resoluti
853 1439 986 1467 omne
1028 1427 1233 1469 studium
1275 1429 1332 1470 ab
1375 1431 1512 1472 armis
1553 1433 1611 1474 ad
1660 1447 1817 1476 curam

318 1493 560 1534 corporum
601 1483 853 1534 verterant,
899 1499 1002 1526 cum
1043 1489 1232 1541 repente
1275 1490 1601 1544 conspicantur
1638 1492 1817 1535 caelum
1831 1509 1868 1536 20

318 1538 505 1592 pulvere
547 1540 901 1584 obtenebratum
915 1544 942 1594 3,
986 1546 1238 1588 exercitum
1278 1561 1414 1603 super
1452 1563 1637 1592 arenam
1679 1553 1816 1594 maris

316 1598 700 1642 innumerabilem
730 1603 878 1643 totam
901 1603 1155 1646 adiacentis
1178 1607 1328 1662 campi
1353 1608 1648 1652 latitudinem
1670 1611 1818 1653 instar

317 1657 600 1699 locustarum
633 1673 879 1715 occupasse
913 1665 959 1704 et
990 1664 1088 1706 fere
1121 1665 1212 1706 iam
1245 1663 1458 1709 emensoh
1494 1670 1618 1723 quod
1647 1670 1697 1711 in
1728 1685 1816 1713 me·

317 1716 392 1757 dio
415 1719 515 1758 erat
537 1719 691 1772 spacio
724 1721 783 1761 ad
813 1721 914 1775 ipsa
937 1725 1087 1764 castra
1113 1725 1426 1779 opprimenda,
1460 1727 1550 1769 nisi
1581 1731 1816 1772 maturent

317 1776 484 1829 egredi,
529 1778 672 1820 citato
705 1779 948 1834 paululum
988 1783 1136 1836 gradu
1167 1798 1423 1840 properare.
1487 1787 1736 1842 Inopinata
1765 1803 1814 1832 re
1828 1805 1865 1832 25

315 1835 486 1890 trepidi
528 1839 574 1878 et
615 1851 662 1879 se
702 1839 898 1881 invicem
930 1841 1136 1893 inertiae,
1181 1845 1302 1898 quod
1335 1845 1515 1888 hostem
1547 1861 1640 1888 non
1672 1849 1814 1903 previ-

315 1894 501 1945 dissent,
545 1896 821 1949 incusantes,
865 1901 1075 1954 protinus
1108 1903 1303 1945 sublatis
1335 1905 1384 1945 in
1417 1905 1594 1947 caelum
1625 1908 1813 1950 vocibus

315 1954 618 2006 conclamant,
653 1953 798 1998 *arma
828 1959 1029 2014 rapiunt,
1064 1963 1208 2015 portis
1240 1967 1547 2019 prorumpunt
1559 1964 1588 2006 4.
1636 1962 1803 2009 Paucii
1827 1985 1952 2018 *222st

314 2011 466 2053 loricis
490 2027 680 2068 corpora
701 2017 930 2069 muniunt,
965 2021 1146 2071 caeteri,
1183 2022 1291 2063 dum
1315 2037 1544 2065 morarum
1569 2025 1812 2080 impacien-

312 2072 383 2111 tes
414 2074 570 2122 ruunt,
605 2087 689 2115 nec
718 2077 880 2126 vestes,
916 2078 1082 2130 quibus
1115 2093 1161 2121 se
1193 2081 1332 2135 paulo
1359 2085 1465 2124 ante
1498 2083 1686 2138 largiori
1712 2086 1810 2128 ocio
1825 2103 1860 2130 30

311 2129 609 2183 indulgentes
662 2137 901 2185 exuerant,
955 2150 1185 2180 resumere
1242 2142 1563 2184 meminerunt.
1641 2143 1810 2187 Nullus

311 2245 340 2274 a)
360 2243 498 2270 deorsum
517 2244 597 2273 Blb.
682 2247 713 2277 b)
731 2246 860 2273 Rudolfo
880 2250 940 2276 Al.
960 2250 1044 2284 Bla;
1074 2250 1214 2277 Rudolffo
1235 2254 1316 2286 Bl<=;
1337 2253 1497 2287 Rudolpho
1517 2257 1578 2284 ΒΞ,
1670 2259 1697 2288 c)
1715 2265 1810 2291 prope

311 2280 371 2307 132.
446 2280 476 2314 d)
494 2288 548 2308 om.
568 2282 633 2314 1313
655 2286 745 2314 prout
762 2291 842 2314 pose.
862 2286 1025 2311 necessitas
1044 2287 1105 2314 132.
1180 2290 1207 2319 e)
1226 2288 1403 2319 procederet
1422 2291 1500 2319 Bib.
1569 2293 1592 2323 f)
1611 2293 1712 2323 quiete
1731 2293 1808 2322 Bia.

311 2316 342 2347 g)
362 2314 434 2341 Ideo
453 2317 594 2348 91(quod)
613 2317 693 2345 Blb.
766 2319 797 2350 h)
816 2326 931 2346 emerso
950 2320 1029 2349 Bib.
1103 2322 1124 2355 i)
1143 2323 1250 2349 Paucis
1271 2325 1347 2352 Bia.

313 2409 347 2452 1)
380 2410 477 2443 Idem
502 2411 586 2444 dicit
611 2412 792 2448 Berthold.
828 2414 943 2457 (Ami.
968 2415 1004 2450 S.
1031 2416 1165 2459 Blasiz)
1194 2429 1234 2460 p.
1253 2419 1333 2460 278,
1370 2420 1392 2454 Ζ.
1411 2421 1456 2455 46
1474 2431 1558 2465 sqq„
1594 2423 1634 2455 in
1669 2434 1705 2456 eo
1729 2433 1808 2457 cum
1820 2432 1855 2459 35

312 2457 431 2493 Carm.
467 2458 542 2502 III,
573 2459 653 2495 140.
681 2461 760 2495 141.
795 2464 1022 2507 consent-iens,
1060 2465 1153 2508 quod
1186 2465 1309 2498 Suevis
1334 2467 1526 2501 Baioare‘os
1560 2470 1697 2512 zvacnqat.
1749 2471 1804 2513 Cf.

317 2505 444 2547 Waltz,
471 2505 519 2538 ‘D
529 2506 616 2542 VG!
650 2507 755 2549 VIII,
784 2519 823 2551 p.
850 2511 916 2545 181
943 2521 994 2553 sq.
1115 2512 1151 2555 2)
1174 2512 1301 2554 Regem
1326 2515 1416 2547 aciei
1437 2515 1678 2550 subsidiariae
1696 2529 1807 2561 prae-

310 2552 422 2592 fuisse
451 2554 558 2586 etiam
582 2554 765 2590 Berthold.
801 2556 915 2599 (Anu.
942 2557 978 2592 S.
997 2558 1134 2598 Blasii)
1153 2570 1192 2602 p.
1212 2561 1291 2595 278.
1329 2562 1426 2604 (cum
1461 2562 1534 2596 suis
1568 2564 1804 2609 electissimis)

308 2602 338 2632 et
357 2600 509 2633 Carmen
527 2601 601 2643 HI,
618 2603 816 2639 167-171,
833 2604 1054 2646 confirmant.
1095 2605 1249 2640 Ottzmem
1268 2608 1298 2641 I.
1323 2619 1438 2651 reyem
1462 2611 1502 2643 in
1519 2613 1646 2654 quinta
1664 2613 1804 2655 leyio‘ne,

309 2657 400 2688 quae
427 2649 463 2680 et
489 2647 676 2682 dicebatur
700 2650 811 2694 regia,
845 2652 1018 2686 vallatum
1044 2653 1138 2687 lectis
1162 2655 1337 2688 militibus
1362 2657 1474 2698 fuisse
1502 2659 1542 2691 in
1560 2660 1700 2701 proelio
1733 2660 1854 2695 Uva-40

306 2695 428 2734 „clerieo
462 2705 494 2729 a.
519 2697 598 2731 955.
635 2697 720 2730 diez-'t
742 2698 884 2733 Widulc.
920 2699 993 2742 ΙΙΙ,
1018 2701 1075 2736 44.
1182 2702 1219 2745 3)
1244 2702 1300 2743 Cf.
1328 2703 1479 2738 Carmen
1514 2705 1588 2748 III,
1617 2708 1695 2742 130.
1724 2709 1802 2743 131.

308 2741 344 2783 4)
371 2741 494 2774 Etiam
520 2742 648 2777 Bruno
678 2755 705 2777 c.
728 2746 787 2787 46,
822 2746 1004 2782 Berthold.
1025 2759 1065 2790 p.
1084 2749 1164 2789 278,
1199 2749 1295 2784 Ami.
1323 2750 1359 2785 S.
1377 2751 1552 2796 Disibodi‚
1590 2753 1653 2788 SS.
1671 2754 1802 2795 XVII,

301 2797 340 2829 p.
358 2789 389 2829 7,
417 2788 564 2831 Bonizo,
588 2790 667 2826 Lib.
686 2792 717 2832 I,
737 2803 777 2834 p,
797 2794 877 2836 606,
904 2794 1025 2827 dicunt
1041 2795 1202 2829 Samones
1226 2798 1443 2840 improvidos
1467 2800 1512 2833 ab
1528 2802 1683 2834 exercitu
1705 2803 1802 2844 reyio

307 2839 489 2877 occupatos
523 2847 603 2873 esse.
654 2838 755 2879 Quod
787 2840 883 2873 solus
910 2845 1016 2884 poeta
1049 2843 1088 2875 in
1115 2843 1234 2879 carm.
1266 2847 1386 2888 tacuit,
1421 2857 1500 2880 cum
1534 2848 1627 2881 iusto
1658 2849 1802 2882 stultior

306 2881 444 2923 fecisset,
469 2884 504 2915 si
525 2883 588 2917 hoe
614 2886 652 2917 in
671 2889 891 2930 panegyrico
914 2898 978 2922 suo
1003 2890 1163 2926 discissa.
1813 2905 1850 2930 45

2041 634 2046 644 -
2040 619 2046 624 ι
2032 541 2046 595 in)-
2023 413 2046 531 fflffiim.
2026 320 2046 402 susem}
2018 263 2046 312 ’511-
