2014 3184
96 515 131 545 cf.
140 515 165 542 2.
175 514 307 546 rimam.

225 1036 303 1070 741.

223 1801 302 1836 751.

91 1931 127 1961 cf.
138 1931 218 1958 Esth.
226 1931 269 1962 14,
278 1931 303 1957 5.

320 259 389 294 31⁶2
540 256 669 292 VITA
694 255 851 292 LULLI
875 255 1116 292 AROHOEP.
1142 255 1289 291 AUOT.
1314 254 1604 290 LAMPERTO.

321 379 569 421 aecclesiae
592 379 885 433 profuturam
906 377 1170 420 furentibus
1202 379 1250 419 et
1281 391 1467 419 manum
1490 377 1578 419 sibi
1598 377 1813 419 iamiam²²

319 438 491 480 inferre
522 438 785 480 volentibus
818 437 1111 479 subtraxerat
1126 437 1152 476 1.
1217 437 1352 479 Nunc
1385 438 1553 487 autem,
1589 450 1690 478 cum
1723 436 1818 478 vite

321 511 504 539 cursum
546 499 906 539 consummasset
947 499 994 538 et
1034 497 1083 537 in
1123 497 1236 551 ipso,
1279 498 1332 537 ut
1371 496 1440 537 ita
1484 496 1653 546 dicam,
1696 495 1818 538 vitae

322 557 532 599 caelestis
566 558 703 611 portu
724 556 975 611 navigaret,
1011 557 1209 610 ceptum,
1244 570 1271 596 a
1291 551 1408 610 quob
1437 569 1542 597 eum
1563 554 1818 597 difficultas

320 617 554 665 reiecerat,
598 617 751 657 mente
793 615 1135 670 promptissima
1170 615 1400 669 repetivit,
1441 615 1631 656 edoctus
1664 628 1691 655 a
1723 613 1848 669 spi-5

319 676 414 716 ritu
455 677 626 724 sancto,
675 675 798 728 quod
839 674 1053 715 humanis
1093 674 1230 715 rebus
1272 674 1538 716 eximendus
1579 675 1698 715 esset
1738 687 1820 728 per

320 735 578 775 martirium
594 735 620 784 ⁴²,
655 734 776 788 quod
809 733 956 775 solum
989 733 1285 787 perfectionis
1318 733 1415 775 eius
1437 732 1622 774 cumulo
1644 731 1816 782 aberat,

321 795 367 835 et
407 794 466 834 ad
505 794 630 847 quod
670 793 726 834 ab
765 793 955 834 ineunte
988 792 1142 834 aetate
1173 793 1292 834 votis
1325 792 1537 833 omnibus
1569 791 1820 846 suspirave-

319 854 438 893 ratss.
506 850 618 906 [130³e
658 852 750 893 iam
790 854 997 906 tempore
1038 851 1240 892 Karolus
1287 851 1433 892 maior
1480 851 1642 892 domus
1687 850 1820 904 regni

319 912 602 953 Francorum
623 912 720 952 vita
742 912 1010 959 excesserat,
1045 912 1092 952 et
1113 910 1338 965 Pippinus
1363 910 1495 964 regni
1517 923 1673 951 curam
1695 909 1819 951 solus
1833 925 1868 951 ιο

319 971 500 1025 agebat.
564 971 692 1012 Duos
734 970 958 1024 siquidem
1001 969 1119 1010 filios
1161 983 1266 1010 suos
1297 969 1546 1024 Pippinum
1579 970 1626 1011 et
1657 968 1819 1011 Karlo-

317 1044 538 1071 mannum
565 1029 766 1070 Karolus
799 1030 990 1071 heredes
1018 1025 1315 1070 *instituerat
1370 1028 1460 1070 Sed
1493 1042 1598 1070 cum
1629 1041 1710 1082 per
1740 1027 1818 1069 ali-
1831 1043 1876 1077 tp.
1892 1043 1955 1071 1³8.

318 1085 458 1143 quotd
486 1103 628 1130 annos
658 1089 757 1143 pari
788 1089 887 1130 iure
921 1090 968 1130 et
1001 1088 1322 1130 conmunicato
1345 1087 1610 1142 principatu
1631 1086 1819 1142 publica

317 1148 506 1203 negotia
544 1150 792 1198 curassent,
834 1147 1176 1189 Karlomannus
1208 1147 1363 1189 seculo
1394 1147 1679 1196 renuntians,
1718 1146 1820 1188 reli-

317 1221 455 1261 quam
497 1208 585 1249 sibi
626 1209 827 1249 aetatem
866 1207 1026 1261 procul
1065 1221 1092 1247 a
1129 1220 1177 1248 re
1216 1206 1404 1261 publica
1445 1205 1706 1247 habendam
1747 1205 1819 1247 de-
1833 1220 1867 1246 15

319 1267 462 1308 crevit
476 1267 503 1315 ³,
547 1269 594 1308 et
635 1268 820 1308 sanctae
863 1266 1222 1307 conversationis
1260 1266 1426 1307 habitu
1463 1266 1688 1320 suscepto,
1732 1264 1819 1319 pri-

317 1340 444 1366 mum
465 1326 638 1367 Romae
670 1326 719 1366 in
752 1327 907 1366 monte
931 1325 1118 1366 Soracte
1131 1325 1159 1373 4,
1195 1325 1387 1366 deindee
1425 1324 1475 1364 in
1501 1323 1688 1365 Samnio
1719 1337 1818 1378 pro-

316 1385 479 1433 vincia,
513 1385 562 1424 in
585 1386 734 1425 castro
758 1384 946 1426 Oassino
979 1398 1006 1424 a
1038 1383 1216 1425 cunctis
1239 1383 1382 1425 seculi
1404 1377 1814 1437 occupationibusf

316 1444 586 1485 feriabatur.
635 1443 776 1484 Porro
809 1443 1075 1484 Hildericus
1106 1456 1187 1484 rex
1217 1455 1361 1496 usque
1394 1443 1453 1482 ad
1484 1442 1533 1483 id
1563 1441 1815 1496 temporisg

316 1503 493 1556 regium
535 1516 703 1543 nomen
744 1505 790 1543 et
830 1502 984 1556 regiae
1027 1501 1269 1555 dignitatis
1285 1502 1299 1525 1
1330 1501 1467 1542 inane
1500 1501 1732 1554 quoddam
1764 1500 1817 1542 si·
1831 1518 1866 1543 20

318 1556 601 1602 mulacrumh
640 1561 915 1616 preferebat,
960 1561 1083 1614 quod
1115 1561 1158 1602 ei
1190 1575 1217 1601 a
1248 1560 1456 1615 patribus
1489 1573 1570 1614 per
1601 1562 1816 1602 cunctam

317 1620 522 1662 familiae
564 1634 672 1662 suae
715 1621 877 1662 seriem
918 1620 1198 1661 hereditario
1230 1620 1329 1661 iure
1362 1619 1626 1661 obvenerat.
1690 1618 1817 1661 Cete-

317 1694 419 1720 rum
453 1680 791 1720 administratio
832 1679 982 1720 tocius
1022 1679 1154 1733 regni
1193 1680 1240 1720 et
1272 1679 1475 1720 omnium
1508 1691 1663 1719 rerum
1699 1691 1816 1732 quae

317 1739 440 1780 bello
472 1739 545 1780 vel
578 1739 681 1793 paci
712 1739 817 1779 usui
848 1739 1005 1780 forent
1038 1738 1277 1792 dispositio
1319 1751 1458 1792 penes
1490 1737 1710 1779 maiorem
1741 1737 1816 1778 do-

318 1811 418 1839 mus
448 1793 592 1839 erati.
643 1798 733 1839 Sed
755 1797 1020 1839 Hildericus
1052 1797 1179 1838 iussu
1201 1797 1419 1838 Zacharie
1440 1796 1637 1837 Romani
1669 1795 1866 1851 ponti-25

318 1857 414 1898 ficis
445 1857 575 1911 regni
607 1857 721 1898 solio
755 1857 1029 1898 deturbatus
1062 1858 1200 1910 atque
1232 1856 1281 1896 in
1313 1855 1643 1897 monasterium
1673 1857 1816 1897 retru-

317 1929 392 1957 sus
434 1919 515 1966 est,
559 1918 606 1958 et
637 1916 874 1971 Pippinus,
918 1916 997 1969 qui
1034 1929 1160 1956 more
1199 1915 1403 1956 omnium
1436 1917 1559 1956 retro
1591 1914 1816 1955 maiorum

317 1989 502 2016 suorum
541 1975 686 2016 maior
725 1976 886 2016 domus
918 1974 991 2016 vel
1023 1974 1257 2029 prefectus
1295 1974 1458 2028 palatii
1489 1975 1597 2015 ante
1627 1973 1815 2014 vocaba-

472 2112 507 2156 >¹⁶)
539 2113 646 2146 Unctis
678 2114 815 2146 inclusa
850 2114 889 2145 in
923 2113 995 2148 cod.
1030 2115 1097 2148 2³-
1114 2111 1134 2138 b
1166 2113 1344 2155 honneur,
1382 2113 1507 2145 desunt
1542 2114 1574 2147 1.
1594 2109 1712 2154 la-b,
1743 2121 1816 2155 pro

529 2172 656 2214 quibus
674 2173 692 2206 1
711 2175 851 2204 tantum
873 2172 1017 2204 habuit:
1044 2162 1334 2217 Quapropter
1356 2163 1482 2203 adibo
1504 2175 1613 2217 rege
1634 2162 1690 2203 Pi
1722 2162 1812 2211 ino,
1826 2180 1862 2205 30

529 2219 588 2251 sed
621 2219 705 2252 haec
738 2219 849 2252 deleta
880 2222 963 2251 sunt
998 2219 1142 2261 (desunt
1169 2220 1233 2253 1³·
1250 2216 1306 2259 b)‚
1341 2218 1404 2250 nbi
1426 2219 1488 2251 hoc
1515 2220 1660 2261 siynum
1734 2221 1816 2251 ante

530 2264 762 2310 Quapropter
786 2267 958 2309 scriptum
991 2266 1040 2298 ad
1064 2266 1343 2298 additamentum
1374 2266 1478 2307 illud,
1513 2266 1606 2308 quod
1639 2267 1679 2298 in
1704 2267 1770 2300 2³·
1786 2262 1807 2290 b

533 2314 673 2356 leyitur,
698 2317 838 2356 spectat.

316 2430 345 2462 a)
374 2431 496 2456 alterum
516 2431 576 2456 iam
603 2438 745 2462 superscr.
764 2432 788 2458 1.
889 2432 919 2462 b)
948 2438 1005 2462 quo
1029 2437 1095 2455 eum
1115 2428 1179 2454 disfi
1197 2429 1228 2454 in
1247 2430 1308 2454 loco
1328 2436 1407 2460 raso,
1434 2429 1483 2453 ubi
1509 2431 1594 2454 antea
1620 2429 1683 2453 alia
1702 2429 1813 2461 scripta

316 2469 398 2491 erant
419 2468 441 2493 1.
533 2467 560 2498 c)
579 2467 710 2498 suspirat
729 2467 769 2494 2².
855 2465 886 2499 d)
905 2464 1026 2497 aliquod
1045 2465 1088 2493 2¹³.
1173 2464 1201 2497 e)
1214 2467 1283 2496 post
1301 2471 1443 2495 super-eor.
1462 2463 1506 2491 Ξῖ).
1589 2463 1613 2497 f)
1633 2467 1750 2496 ccupat.
1769 2464 1812 2492 21³.
1825 2467 1860 2493 35

315 2504 344 2533 g)
364 2506 479 2534 tempus
497 2501 542 2529 21³.
614 2503 644 2535 h)
664 2502 883 2535 symulachrum
903 2502 935 2526 2⁸
953 2508 1072 2532 semper,
1144 2499 1166 2533 i>
1186 2503 1271 2525 erant
1290 2500 1331 2526 2¹².

317 2621 351 2663 1)
369 2621 466 2653 Haec
482 2631 526 2653 ex
542 2621 743 2654 Willibaldi
757 2620 871 2654 verbis
892 2630 918 2654 c.
935 2621 990 2661 11,
1010 2620 1075 2654 33:
1101 2616 1265 2651 Fresiam
1282 2617 1370 2650 olim
1388 2627 1549 2661 corpore,
1574 2627 1648 2650 non
1665 2616 1812 2661 quidem

315 2670 437 2701 mente
463 2667 643 2710 omissam⁷
679 2672 802 2701 auctor
827 2667 1012 2709 effinoeisse
1035 2666 1184 2707 videtur,
1221 2666 1285 2707 qui
1307 2666 1426 2697 minus
1451 2668 1578 2698 attente
1602 2665 1694 2707 Zeyit,
1723 2675 1813 2707 quae

315 2715 376 2746 ille
409 2725 435 2749 c.
461 2717 495 2749 4.
522 2717 555 2750 5.
590 2719 621 2747 et
648 2714 819 2748 Othlonus
850 2715 880 2752 I,
907 2716 939 2750 5.
968 2715 1022 2748 10.
1051 2714 1106 2748 11.
1142 2713 1183 2744 de
1207 2712 1342 2745 duobus
1370 2713 1410 2744 in
1434 2712 1599 2745 Fresiam
1624 2711 1813 2745 itineribus

315 2762 522 2797 retulerunt.
620 2763 656 2805 2)
682 2762 780 2794 Haec
804 2772 849 2795 ex
871 2761 1002 2796 Willib.
1027 2771 1054 2794 ο.
1075 2762 1130 2802 11,
1149 2761 1205 2794 33.
1299 2759 1336 2802 3)
1361 2759 1418 2800 Cf.
1444 2759 1534 2794 Sall.
1560 2759 1634 2793 Cat.
1661 2769 1687 2791 c.
1705 2760 1747 2794 4:
1774 2761 1859 2795 et40

315 2807 405 2840 mihi
428 2809 606 2852 reliquam
625 2811 782 2842 aetatem
808 2819 829 2841 a
845 2819 884 2842 re
901 2807 1045 2852 publica
1068 2805 1196 2850 procul
1219 2805 1425 2839 habendam
1451 2806 1612 2850 decrevi;
1638 2805 1717 2848 qu.
1735 2815 1762 2840 c.
1776 2807 1810 2840 4.

315 2855 432 2887 eadem
458 2856 542 2896 fere.
595 2856 653 2897 Cf.
683 2856 741 2891 ‘N.
768 2855 918 2889 Archiv’
945 2855 1013 2896 IX,
1039 2866 1076 2898 p.
1095 2855 1175 2888 315.
1296 2854 1333 2896 4)
1356 2854 1468 2886 Falso
1492 2853 1620 2896 Lamp.
1646 2853 1811 2886 conclusit

315 2912 358 2934 ex
383 2902 573 2936 Einhardz·
596 2903 709 2936 verbis
734 2914 759 2938 ο.
778 2905 812 2938 2.
838 2903 1017 2936 Soractem
1041 2903 1082 2934 in
1106 2902 1187 2943 ipsa
1211 2900 1298 2934 urbe
1322 2901 1437 2934 Roma
1462 2902 1570 2934 situm
1595 2910 1673 2934 esse.
