1968 3164
142 431 243 465 1074.

84 478 164 506 (Ian.
176 478 245 502 29—

103 513 185 540 Febr,
198 514 236 544 1),

134 1983 218 2010 Febr,
230 1982 254 2008 2.

259 312 327 346 180
624 305 894 341 LAMPERTI
919 304 1172 340 ANNALES.
1222 304 1269 339 A.
1298 305 1401 340 1074.

260 430 587 480 simultatibus,
612 429 783 483 poteris
806 426 1042 469 obtinere'.
1075 427 1219 467 'ruma
1246 426 1326 468 ille
1348 439 1440 467 non
1462 427 1558 466 tam
1579 425 1763 467 ratione

259 490 408 531 victus
441 503 577 543 quam
610 488 896 537 necessitate,
932 501 1035 528 cum
1059 486 1212 527 omnia
1244 485 1370 539 prius
1401 485 1631 526 incassum
1663 497 1759 539 per-

259 551 532 603 temptasset
583 547 875 597 diverticula,
925 546 1113 587 tandem
1165 545 1324 586 accitis
1377 540 1462 585 adb
1512 543 1760 586 concilium

260 608 544 663 principibus
568 606 820 661 permisiff,
855 607 907 646 ut
939 619 1021 659 pro
1045 618 1126 646 suo
1159 604 1387 645 arbitratu
1419 605 1575 644 tantos
1607 604 1760 644 motus

261 668 606 721 componerent,
651 665 926 720 promittens
975 678 1021 706 se
1068 663 1335 704 indubitata
1382 663 1471 704 fide
1513 657 1794 704 omnibusd.5

261 740 474 776 annuere,
510 739 626 779 quae
659 724 772 779 ipsi‘3
813 723 1108 765 conficiendis
1149 722 1293 763 tantis
1330 722 1467 764 rebus
1500 722 1762 775 competere,

260 786 554 827 iudicassent.
625 785 688 825 At
729 783 798 824 illi
839 783 1176 836 responderunt
1188 777 1204 803 f
1251 795 1343 822 non
1391 780 1528 822 aliam
1575 793 1760 834 prorsus

262 847 419 900 patere
451 844 571 885 viam
605 842 989 896 subterfugiendi,
1033 841 1155 894 quod
1188 840 1379 881 strictog
1414 840 1506 880 iam
1542 852 1760 886 mucrone

262 904 515 946 comminus
530 898 550 925 ¹¹
597 903 922 950 intentaretur,
966 900 1112 954 prelii,
1156 913 1293 953 quam
1334 901 1387 939 ut
1428 899 1603 940 faceret
1644 911 1761 952 quae

262 964 462 1004 Saxones
496 961 820 1016 postulassent.
871 959 1005 1010 Quod
1028 973 1133 1001 cum
1165 959 1248 999 sub
1272 958 1599 1000 testificatione
1621 957 1761 999 nomi·
1777 971 1812 1000 ιο

261 1023 331 1063 nis
365 1021 538 1063 Christi
571 1015 937 1074 spopondisseti,
973 1018 1170 1073 profecti
1204 1019 1312 1058 sunt
1354 1018 1412 1058 ad
1445 1031 1521 1058 eos
1552 1016 1640 1058 XV
1673 1016 1764 1072 epi·

262 1081 387 1135 scopi
420 1083 466 1122 et
499 1079 716 1134 quicquid
750 1079 1009 1133 principum
1050 1078 1099 1118 in
1131 1077 1292 1118 castris
1334 1079 1433 1118 erat
1463 1076 1636 1118 referre
1668 1075 1762 1116 illis

261 1141 381 1195 regis
422 1139 724 1181 voluntatem.
788 1137 967 1178 Multae
1008 1137 1073 1178 ibi
1115 1137 1266 1178 dictae
1299 1135 1570 1186 sententiae,
1613 1134 1763 1178 multa

263 1195 399 1241 suntk
427 1199 685 1252 conquisita
707 1199 992 1251 argumenta,
1022 1210 1125 1238 cum
1148 1197 1337 1250 propter
1359 1196 1619 1249 suspectam
1641 1193 1761 1248 regis

262 1259 554 1300 ferocitatem
588 1259 634 1299 et
667 1269 965 1310 sepenumero
999 1257 1254 1309 spectatam
1287 1255 1424 1295 fidem
1465 1253 1596 1294 nulla
1628 1253 1761 1295 Saxo·
1778 1266 1812 1292 15

263 1318 399 1359 nibus
446 1317 714 1358 viderentur
761 1316 872 1356 satis
914 1316 1018 1355 tuta
1060 1314 1263 1355 consilia.
1328 1313 1386 1353 In
1426 1313 1617 1367 longum
1664 1325 1762 1366 pro-v

263 1372 435 1418 tracta¹
479 1375 824 1424 deliberatione,
867 1374 926 1414 ad
958 1373 1174 1414 ultimum
1207 1373 1294 1413 hoc
1327 1374 1463 1426 pacto
1494 1384 1762 1425 recuperan-

265 1437 349 1478 dae
372 1435 474 1490 paci
498 1435 826 1476 consenserunt
838 1437 881 1483 ¹¹¹,
916 1434 981 1482 ut,
1017 1433 1053 1472 si
1076 1431 1259 1485 quando
1280 1445 1360 1472 rex
1386 1432 1602 1484 acceptae
1634 1429 1762 1471 lesio-

264 1496 334 1535 nis
367 1508 539 1535 memor
571 1492 848 1534 sententiam
880 1505 1092 1533 revocare
1125 1492 1205 1531 aut
1238 1490 1412 1544 aliquid
1442 1503 1612 1540 eorum,
1646 1502 1762 1543 quae

265 1554 400 1595 modo
443 1566 655 1607 suprema
696 1551 970 1593 necessitate
1004 1549 1265 1604 compulsus
1298 1549 1548 1599 statuisset,
1587 1548 1637 1589 in
1667 1547 1812 1591 iffi-20

265 1616 365 1653 tum
407 1613 573 1653 ducere
619 1613 875 1660 conaretur,
919 1623 1076 1651 omnes
1118 1610 1277 1650 eodem
1319 1622 1408 1662 quo
1450 1622 1572 1649 nunc
1620 1621 1765 1648 sacra-

266 1674 421 1713 mento
463 1671 674 1712 obstricti
715 1684 842 1710 arma
882 1670 1158 1723 repeterent,
1201 1668 1396 1709 iniuriae
1428 1667 1610 1708 obviam
1641 1666 1763 1708 irent

267 1734 313 1772 et
345 1733 580 1784 tamquam
613 1729 838 1771 evidentis
870 1728 1060 1782 periurii
1090 1741 1233 1778 reum,
1273 1727 1451 1768 cunctis
1482 1726 1614 1780 regni
1645 1725 1765 1780 prin-

268 1790 446 1844 cipibus
488 1789 760 1843 suffragium
800 1787 1071 1837 ferentibus,
1116 1787 1172 1828 de
1213 1800 1354 1840 regno
1392 1785 1719 1840 proturbarent
1735 1784 1764 1824 ¹.

268 1850 326 1889 In
367 1850 480 1890 haec
521 1849 661 1890 verba
702 1861 858 1889 omnes
899 1849 953 1887 ut
994 1847 1126 1888 erant
1167 1845 1444 1899 conglobato
1486 1844 1667 1899 agmine
1705 1843 1764 1884 ad
1777 1858 1815 1891 25,

267 1909 513 1950 videndam
545 1908 712 1949 faciem
743 1907 865 1961 regis
897 1906 1218 1960 processerunt
1250 1905 1348 1958 ipso
1382 1904 1455 1945 die
1488 1902 1764 1958 purificatio-

268 1968 338 2008 nis
387 1969 572 2008 sanctae
620 1966 794 2007 Mariae
809 1967 836 2015 2,
891 1964 1191 2019 preeuntibus
1239 1964 1310 2004 his
1358 1963 1436 2017 qui
1482 1962 1765 2016 reparandae

268 2026 392 2080 pacis
434 2026 709 2066 mediatores
749 2025 936 2066 fuerant
978 2023 1203 2078 episcopis
1244 2025 1291 2064 et
1332 2022 1434 2063 aliis
1466 2021 1765 2076 principibus.

269 2084 393 2135 Quos
425 2084 504 2125 ille
536 2084 773 2124 venientes
805 2083 1055 2124 honorifice
1088 2082 1302 2136 suscepit,
1341 2081 1549 2123 osculum
1581 2079 1766 2134 prebuit

269 2146 316 2185 et
348 2142 472 2196 pacis
496 2142 799 2191 condiciones,
834 2155 945 2195 quas
974 2155 1055 2195 per
1075 2140 1391 2182 internuncios
1414 2140 1764 2194 significaverat,
1780 2155 1816 2186 ³0.

268 2203 397 2243 vivae
428 2201 552 2242 vocis
585 2201 862 2242 auctoritate
894 2200 1141 2241 roboravit.
1760 2233 1764 2236 Δ

412 2260 489 2300 Ita
511 2259 775 2313 compositis
798 2259 1010 2300 omnibus
1043 2272 1097 2299 ex
1130 2257 1372 2307 sententia,
1407 2257 1479 2297 his
1502 2257 1580 2310 qui
1611 2257 1770 2310 partes·

270 2334 374 2361 suas
415 2319 665 2373 impensius
714 2319 985 2359 curaverant
1033 2317 1154 2358 dona
1199 2317 1329 2356 iuxta
1375 2314 1766 2369 magnificentiam

269 2379 442 2433 regiain
474 2378 669 2432 largitus
692 2379 773 2427 est,
809 2376 1096 2429 dimissisque
1129 2374 1321 2428 singulis
1353 2374 1402 2414 in
1433 2374 1586 2415 locum
1618 2387 1764 2422 suum,

269 2439 367 2492 ipse
398 2438 585 2478 iunctus
617 2436 872 2477 Saxonibus
906 2434 1162 2476 Groslariam
1203 2433 1403 2487 perrexit
1418 2433 1445 2472 3.
1509 2431 1766 2474 Destinatis
1780 2449 1816 2476 35

271 2497 411 2538 etiam
453 2496 805 2549 circumquaque
846 2494 1027 2535 nunciis
1068 2492 1316 2542 mandavit,
1359 2493 1412 2532 ut
1445 2491 1501 2532 ab
1535 2504 1766 2545 oppugna·

270 2556 397 2597 tione
436 2554 730 2597 castellorum
772 2553 998 2595 exercitus
1039 2552 1358 2601 abduceretur,
1378 2587 1381 2590 ,
1401 2552 1447 2592 et
1485 2550 1563 2590 hin
1600 2549 1679 2604 qui
1718 2549 1769 2590 in

271 2649 300 2678 a)
320 2648 404 2672 Tunc
419 2647 446 2671 B
457 2646 500 2670 lb-
511 2651 532 2674 ⁰.
587 2646 618 2676 b)
637 2646 667 2670 in
681 2646 707 2670 B
718 2644 760 2672 lb.
816 2647 843 2675 c)
862 2644 999 2676 promisit
1012 2644 1038 2668 B
1049 2641 1091 2671 lb,
1147 2643 1177 2672 d)
1197 2649 1251 2669 om.
1265 2642 1327 2674 132,
1348 2642 1397 2666 ubi
1415 2648 1438 2671 kp
1460 2642 1487 2668 h.
1501 2641 1520 2669 Ζ.
1539 2642 1594 2667 del.
1649 2642 1677 2671 e)
1695 2641 1767 2672 ipsis

271 2683 297 2707 B
309 2684 348 2709 la,
406 2683 430 2712 f)
450 2682 629 2714 respondere
647 2680 725 2707 Blb.
798 2682 827 2712 g)
848 2680 982 2705 districto
1000 2678 1080 2706 Blb.
1162 2678 1193 2708 11)
1213 2678 1345 2702 cominus
1364 2678 1390 2702 B
1402 2678 1433 2703 la
1451 2677 1479 2704 h,
1493 2677 1511 2704 Ζ.
1584 2675 1606 2709 i)
1625 2683 1769 2709 spospon-

272 2717 365 2743 disset
383 2716 462 2744 Blb.
543 2717 575 2748 k)
593 2717 651 2742 sibi
670 2717 746 2743 ΒΗ.
826 2716 846 2746 1)
866 2715 1011 2747 protracti
1029 2715 1107 2741 Bia.
1187 2715 1227 2744 m)
1246 2719 1422 2738 consensere
1441 2713 1502 2739 ΒΞ.
1576 2714 1607 2743 n)
1627 2712 1671 2737 his
1690 2711 1767 2739 Blfl.
1780 2710 1817 2735 40

273 2789 307 2831 1)
328 2789 560 2830 Lampertum
584 2787 677 2820 hanc
701 2787 936 2829 condicionem
960 2789 1189 2820 commentum
1215 2795 1284 2818 esse
1302 2787 1413 2826 patet.
1489 2783 1525 2826 2)
1542 2782 1769 2816 Consentiunt
1796 2817 1799 2820 ‚

272 2836 367 2870 Arm.
393 2837 544 2877 Auqust.
573 2835 594 2869 l.
623 2835 658 2876 l„
692 2834 728 2866 Y
727 2834 827 2876 bury.
855 2834 877 2868 l.
906 2835 941 2876 l„
969 2833 1152 2867 Berthold.
1177 2833 1291 2873 (Anu.
1318 2831 1355 2866 S.
1377 2831 1515 2873 Blasiz)
1536 2842 1574 2874 p.
1592 2831 1673 2864 276.
1723 2828 1770 2861 In
1807 2828 1811 2832 '

272 2882 360 2915 villa
379 2883 600 2924 Gerstunqen
625 2882 717 2915 hanc
739 2892 860 2924 pacem
885 2881 1021 2922 factam
1038 2890 1107 2914 esse
1127 2880 1214 2912 dicit
1230 2879 1358 2922 Lamp.
1383 2879 1488 2920 infra
1510 2889 1546 2921 p.
1567 2878 1647 2919 183,
1674 2876 1696 2911 l.
1713 2877 1767 2910 14.

272 2933 302 2962 et
316 2931 386 2964 ‘200
399 2940 448 2971 sq.
523 2929 559 2971 3)
576 2930 803 2963 Consentiunt
821 2929 943 2962 Brimo
962 2938 988 2963 c.
1004 2929 1046 2963 31
1057 2939 1070 2968 ‚·
1092 2926 1276 2962 Berthold.
1294 2926 1407 2969 (Anu.
1426 2925 1463 2960 S.
1478 2925 1616 2964 Blasii)
1629 2923 1768 2968 113276,-

275 2976 426 3010 Carmen
451 2976 501 3019 II,
522 2978 603 3011 210.
1780 2977 1816 3002 45

1963 2869 1968 2876 .
1965 2833 1968 2840 .
1938 2490 1968 2817 mffl4mmh
1955 2449 1968 2471 ηπ,
1942 2258 1968 2286 ,,.“
1962 2219 1968 2235 ‚2
