2014 3184
244 356 346 390 1076.

244 403 350 433 (ΛΜΗ

360 236 430 270 272
726 230 994 267 LAMPERTI
1019 230 1272 266 ANNALES.
1322 230 1368 266 A.
1398 232 1501 267 1076.

362 354 678 410 provinciales,
718 368 811 396 non
843 354 987 396 ductu
1019 353 1314 408 auspicioque
1346 353 1619 407 principum,
1662 351 1742 394 sed
1773 351 1861 406 pri-

361 415 479 455 vatis
513 414 690 461 studiis,
734 413 924 468 privatis
964 413 1182 467 impensis
1225 412 1397 454 bellum
1430 425 1587 466 gerere
1619 424 1861 466 proposue-

361 477 485 523 rant,
535 474 622 514 sibi
670 473 906 523 dimicare,
956 472 1061 523 sibi,
1111 472 1149 512 si
1196 472 1322 513 Deus
1370 471 1630 521 annuerita,
1677 470 1861 512 vincere

362 533 524 588 parati,
567 546 651 574 nec
694 532 821 573 aliud
863 546 890 572 a
931 545 1159 586 quoquam
1201 531 1399 572 miliciae
1437 544 1546 572 suae
1578 529 1862 584 stipendium

361 592 667 647 prestolantes
694 606 830 646 quam
858 586 1132 644 coniugumb
1161 590 1500 644 liberorumque
1533 602 1719 631 suorum
1745 587 1891 630 salu-⁶

362 655 474 702 tem,
519 654 657 705 atque
704 653 757 691 ut
799 665 825 691 a
866 650 1119 692 cervicibus
1167 649 1260 690 suis
1309 649 1578 690 durissimae
1625 647 1861 690 servitutis

362 712 521 765 iugum
554 712 836 752 excuterent.
885 710 1017 764 Ipsos
1050 709 1247 762 denique
1280 708 1522 762 principes,
1557 707 1595 748 si
1626 706 1790 758 obniti,
1823 706 1863 748 si

363 770 701 812 contrahiscere
737 771 1034 823 temptarent,
1079 768 1312 822 dissipatis
1343 767 1442 809 vel⁰
1480 766 1679 808 incensis
1722 765 1862 808 omni·

363 830 448 871 bus
481 843 596 883 quae
630 843 787 870 eorum
820 830 984 878 essent,
1028 826 1188 881 procul
1230 826 1392 881 patriis
1433 826 1602 867 finibus
1634 824 1863 880 expellere

364 888 699 930 111inabantur1.
742 888 816 928 Ad
838 887 1055 928 ultimum
1078 900 1131 928 ea
1153 888 1307 927 mente
1330 899 1425 927 rem
1447 885 1696 940 gerendam
1719 897 1863 926 susce·
1878 898 1912 924 ιο

364 950 539 1002 perant,
568 950 621 987 ut
642 947 715 988 vel
738 947 974 988 vincerent
997 946 1229 994 obstinate
1251 945 1323 986 vel
1346 946 1646 986 morerentur.
1686 943 1865 985 Ultima

365 1006 624 1061 desperatio
658 1007 722 1047 sic
750 1006 905 1047 studia
935 1005 1314 1053 inflammaverat,
1349 1004 1565 1058 quoniam
1589 1004 1715 1046 certa
1736 1015 1864 1058 supe-

364 1066 560 1107 rioribus
594 1066 725 1106 annis
759 1066 1035 1106 documenta
1068 1060 1313 1118 ceperant‘l
1345 1063 1521 1104 nullam
1554 1063 1677 1118 apud
1708 1075 1864 1117 regem

364 1126 497 1167 victis
540 1139 636 1167 esse
678 1138 805 1179 spem
836 1124 1008 1174 veniae,
1053 1137 1157 1164 cum
1198 1123 1489 1165 ferocitatem
1530 1121 1729 1176 pectoris
1767 1121 1864 1163 eius

366 1187 412 1226 et
453 1184 735 1226 inexorabile
778 1183 990 1225 Saxonici
1035 1183 1232 1224 nominis
1274 1182 1431 1223 odium
1478 1195 1562 1223 nec
1603 1179 1866 1223 voluntaria
1879 1194 1913 1220 1⁵

367 1244 541 1285 deditio
574 1243 834 1297 principum
867 1256 951 1284 nec
983 1244 1143 1283 tantus
1174 1242 1223 1282 in
1245 1241 1491 1295 Turingiae
1520 1241 1652 1281 fusus
1679 1239 1865 1294 sanguis

366 1302 651 1344 restinxisset
664 1298 695 1324 f·
712 1303 738 1341 ².

511 1362 663 1415 Igitur
703 1361 783 1402 ubi
826 1374 905 1414 per
938 1359 1181 1400 Saxoniam
1213 1373 1370 1400 rumor
1402 1357 1699 1413 percrebruit,
1742 1357 1866 1411 quod

365 1435 444 1462 rex
478 1420 807 1462 conterminam
840 1419 971 1473 regni
1003 1418 1215 1460 Saxonici
1247 1418 1511 1459 marchamg
1536 1410 1861 1458 Misinensemh

367 1480 489 1522 ferro
523 1482 569 1521 et
601 1479 707 1533 igne
735 1478 1106 1532 depopularetur,
1142 1478 1199 1518 ad
1223 1491 1349 1518 arma
1371 1476 1683 1526 conclamant;
1717 1475 1867 1516 multa
1879 1491 1918 1516 20

368 1539 496 1579 milia
528 1538 766 1579 hominum
800 1537 926 1579 brevi
959 1539 1251 1587 concurrunt,
1296 1535 1565 1578 conserendi
1602 1534 1865 1577 certaminis

366 1592 673 1639 intolerabilii
716 1598 898 1638 fervent
941 1595 1180 1646 desiderio,
1224 1595 1406 1637 obviam
1445 1595 1512 1636 ire
1545 1594 1756 1636 hostibus
1787 1607 1866 1634 un-

369 1657 511 1698 animi
544 1656 784 1698 alacritate
818 1656 1119 1697 contendunt.
1174 1655 1263 1696 Sed
1297 1649 1542 1708 quoniamk
1568 1652 1866 1695 accelerando

368 1716 525 1757 itineri
556 1715 694 1757 turba
724 1715 1022 1769 frequentior,
1058 1714 1194 1755 armis
1221 1715 1359 1768 atque
1392 1713 1494 1754 aliis
1526 1711 1867 1767 impedimentis

368 1775 608 1829 implicita,
643 1789 805 1829 parum
838 1788 920 1828 pro
951 1776 1059 1815 voto
1093 1775 1301 1827 satagere
1333 1772 1531 1822 valebat,
1566 1771 1651 1812 filii
1673 1770 1867 1813 Geronis
1881 1783 1920 1810 2⁵

370 1835 550 1876 comitis
588 1833 834 1888 assumptis
867 1847 1021 1875 secum
1051 1832 1147 1873 VII
1179 1832 1366 1873 milibus
1399 1831 1716 1886 expeditorum
1748 1828 1868 1884 equi-

370 1896 470 1934 tum
518 1907 694 1934 summo
742 1893 863 1943 nisu,
918 1892 1240 1934 ardentissima
1287 1891 1428 1932 cicius
1476 1888 1748 1932 conficiendi
1794 1901 1867 1929 ne-

371 1953 491 2006 gocii
532 1952 754 1993 aviditate
794 1952 844 1991 in
884 1965 1123 1992 occursum
1164 1951 1426 2004 properant.
1499 1948 1674 2000 Quodsi
1698 1960 1869 2002 regem

372 2011 589 2064 consequi
641 2012 687 2052 et
740 2011 803 2051 sic
858 2011 1049 2052 efferato
1101 2009 1268 2060 milite,
1323 2009 1387 2050 sic
1438 2007 1725 2050 ferventibus
1776 2007 1868 2047 stu-

372 2070 459 2110 diis
507 2070 637 2123 signa
689 2069 897 2110 conferre
950 2068 1237 2122 contigisset,
1290 2070 1344 2108 ut
1391 2067 1643 2108 multorum
1688 2064 1921 2110 ferebatao

372 2128 540 2182 opinio,
574 2129 776 2168 tractum
809 2129 881 2168 tot
913 2127 1045 2167 annis
1078 2127 1252 2167 bellum
1285 2126 1561 2168 Saxonicum
1591 2124 1722 2166 facili
1753 2137 1868 2166 com-

371 2187 540 2242 pendio
582 2186 845 2227 confectum
885 2185 1063 2235 fuisset,
1107 2187 1153 2226 et
1197 2198 1351 2238 regem
1393 2178 1725 2237 cunctumque¹
1771 2182 1868 2224 eius

373 2246 644 2288 comitatum
675 2244 774 2286 velc
810 2258 930 2286 mors
969 2243 1223 2284 certissima
1253 2243 1352 2284 vele
1385 2242 1639 2297 ignominia
1676 2240 1868 2282 difficile

372 2305 600 2346 abolenda
631 2305 912 2357 occupasset.
965 2302 1086 2343 Nam
1118 2303 1271 2356 preter
1303 2301 1554 2343 exercitum
1585 2299 1866 2349 Boemicum,

372 2364 451 2418 qui
488 2377 572 2405 nec
604 2363 701 2417 ipse
733 2362 832 2404 ve10
866 2362 1002 2402 armis
1033 2360 1133 2402 vel⁰
1169 2374 1358 2402 numero
1389 2360 1489 2401 vel⁰
1523 2359 1696 2400 virtute
1734 2359 1868 2400 tanto
1882 2374 1920 2401 3⁵

372 2422 564 2476 negocio
606 2435 652 2463 se
697 2435 854 2476 parem
894 2421 1173 2475 prestiterat,
1218 2419 1516 2473 paucissimos
1548 2431 1701 2459 secum
1733 2417 1868 2458 habe-

374 2482 467 2532 bat,
502 2482 717 2534 quoniam
739 2492 1128 2534 supervacaneum
1150 2478 1400 2519 arbitratus
1429 2477 1583 2518 fuerat
1604 2475 1869 2518 Teutonicis

374 2540 600 2581 militibus
629 2542 727 2580 tam
759 2539 1037 2593 longinquae
1061 2537 1403 2591 expeditionis11¹
1424 2536 1629 2577 laborem
1651 2534 1867 2585 indicere,

374 2632 403 2662 a.)
422 2633 567 2656 annueret
586 2631 649 2655 Al.
662 2631 705 2655 1⁸.
778 2629 809 2662 b)
829 2629 1000 2661 coniugium
1019 2629 1082 2653 ΒΞ.
1151 2629 1178 2658 c)
1198 2630 1228 2652 et
1246 2627 1324 2658 Bw,
1346 2629 1376 2651 ut
1394 2627 1560 2658 saepissime
1579 2633 1682 2650 „nanus
1701 2626 1797 2650 altera
1809 2631 1870 2657 pro
1894 2640 1897 2642 -

374 2666 423 2691 vel
442 2666 472 2690 in
491 2666 543 2690 hoc
562 2667 623 2690 cod.
715 2663 746 2697 d)
766 2665 809 2689 bis
827 2672 883 2690 scr.
902 2662 984 2689 Blb.
1076 2662 1104 2695 e)
1123 2663 1215 2688 Thur.
1235 2663 1297 2688 Bl.
1310 2663 1335 2687 2.
1429 2662 1451 2693 f)
1470 2662 1673 2687 restrinxisset
1689 2661 1753 2686 Bl.
1767 2661 1800 2694 23
1829 2659 1868 2690 cf.
1881 2663 1923 2689 40

374 2708 467 2732 supra
479 2709 514 2732 p.
528 2701 591 2733 211,
611 2701 632 2726 Ζ.
647 2701 691 2725 29.
714 2701 775 2732 234,
796 2701 816 2725 l.
832 2701 876 2725 20.
950 2700 982 2733 g)
1000 2698 1162 2724 marchiam
1179 2698 1242 2723 Al.
1255 2698 1296 2722 1⁸.
1367 2697 1398 2730 h)
1417 2697 1612 2723 Misenensem
1631 2697 1699 2730 A1;
1719 2696 1758 2726 cf.
1777 2701 1870 2727 supra

370 2744 403 2768 p.
418 2736 480 2767 269,
501 2737 521 2760 l.
536 2737 580 2761 31.
602 2736 663 2767 270,
685 2736 704 2761 l.
719 2736 746 2761 8.
802 2735 825 2768 i)
844 2735 1010 2760 intollerab.
1030 2735 1093 2759 132.
1149 2732 1181 2766 k)
1200 2733 1267 2764 qffio
1280 2732 1360 2760 Blb.
1415 2731 1436 2765 l)
1456 2735 1607 2764 totumque
1627 2732 1705 2757 B12.
1759 2732 1800 2762 m)
1819 2737 1869 2755 ex-

375 2771 525 2802 pediconis
544 2772 570 2795 B
581 2770 625 2796 lb.

378 2841 413 2884 1)
438 2841 493 2883 Cf.
520 2852 633 2885 supra
652 2852 692 2884 p.
710 2843 792 2884 211,
818 2841 839 2875 l.
859 2842 1010 2877 15—17.
1113 2839 1149 2882 2)
1172 2839 1335 2881 Lonyam
1361 2839 1452 2872 hanc
1475 2839 1760 2872 declamationem
1784 2836 1871 2869 illu-

377 2889 504 2922 stravit
529 2890 780 2931 castiyavitque
802 2888 982 2922 Delbru‘bk
1002 2899 1040 2932 p.
1058 2888 1210 2923 59—61.
1250 2886 1307 2928 Cf.
1333 2897 1447 2929 supra
1466 2897 1506 2929 p.
1523 2887 1593 2921 223
1609 2896 1660 2928 sq.
1685 2885 1755 2920 236
1771 2894 1822 2926 sq·
1881 2891 1922 2918 45
