1950 3302
650 280 947 318 PRAEFATIO
974 280 1013 317 O.
1039 281 1071 320 Ι.
1219 314 1224 322 ,
1526 282 1644 319 XVII

124 407 248 460 perto
269 404 483 458 quondam
503 402 768 456 familiarem
788 403 924 456 fuisse
944 407 983 446 et
1002 403 1175 456 favisse.
1210 404 1368 447 Nonne
1388 404 1522 458 iyitur
1542 405 1641 458 fieri

124 462 349 520 potuisset,
390 466 437 506 ut
476 462 545 506 hic
582 466 682 506 tunc
712 463 990 517 Lampertum
1020 463 1211 506 abbatem
1243 463 1447 506 ordinare
1478 464 1640 507 molire-

133 527 216 577 tur,
249 523 426 574 demum,
460 536 554 566 cum
585 535 661 565 rex
691 522 767 565 hoc
799 524 1019 566 concedere
1050 522 1264 576 noluisset,
1299 523 1562 577 consentiret,
1595 528 1642 566 ut

132 581 386 626 Ruthardus
416 582 547 625 abbas
568 581 922 625 constitueretur?
974 582 1078 625 Non
1099 581 1240 626 dicam
1270 582 1332 624 ita
1363 597 1452 625 rem
1481 587 1642 636 qestam

101 655 230 695 sesse,
263 642 376 696 quod
394 641 526 684 nimis
546 645 696 684 temere
718 641 940 684 diceretur.
995 642 1081 684 Sed
1108 656 1255 684 moneo
1287 642 1376 684 iam
1401 642 1642 696 quindecim

132 700 277 745 diebus
298 705 399 755 post
419 700 694 744 Ruthardum
725 702 916 744 abbatem
948 701 1217 744 constitutum
1237 701 1469 744 Annonem
1500 703 1640 745 offen-

132 775 234 804 sum
265 761 338 803 his
370 775 487 816 quae
519 761 721 817 plurima
752 763 936 816 praeter
967 775 1166 816 aequum
1199 764 1247 804 et
1270 762 1443 804 bonum
1465 762 1640 805 fiebant

130 821 182 863 in
211 820 405 877 palacio,
445 823 493 862 ut
523 819 587 862 ait
617 820 874 874 Lampertus
903 819 1030 873 infra
1052 835 1100 874 p.
1132 824 1228 874 140,
1263 820 1429 863 curiam
1459 821 1573 875 reyis
1603 825 1643 863 et

130 879 299 934 neyotia
329 878 507 934 publica
538 879 889 922 administranda
919 879 1158 933 reliquiste
1202 880 1532 923 controversiam
1563 880 1640 935 iyi-

83 955 118 980 10
131 942 201 982 tur
222 940 440 992 quandam
465 942 564 982 tunc
594 938 706 981 inter
737 952 876 993 reyem
906 943 945 982 et
975 939 1338 993 archiepiscopum
1371 944 1507 982 ortam
1538 954 1638 982 esse.

131 997 270 1041 Porro
302 997 391 1040 iam
419 997 550 1050 facile
580 1002 684 1040 esset
714 997 935 1052 intellectu,
969 998 1008 1041 si
1038 1013 1107 1041 res
1137 998 1201 1041 ita
1230 1003 1348 1053 qesta
1379 1003 1494 1053 esset,
1526 1000 1639 1042 unde

131 1057 387 1111 Lampertus
427 1057 745 1100 acerbissimum
785 1057 929 1100 odium
968 1057 1017 1101 in
1057 1072 1196 1112 reyem
1236 1058 1485 1112 conceperit,
1529 1060 1642 1112 quod

131 1117 185 1160 ab
224 1117 300 1160 hoc
340 1117 506 1160 demum
545 1121 750 1159 momento
788 1117 1059 1171 potissimum
1098 1117 1146 1160 in
1186 1118 1435 1160 Annalibus
1475 1118 1638 1171 effudit,

130 1177 243 1219 unde
273 1175 473 1230 evenerit,
515 1180 562 1218 ut
598 1176 667 1219 hic
706 1191 799 1219 cum
830 1177 1061 1231 Hartwiyo
1102 1177 1248 1220 abbate
1289 1191 1376 1220 non
1409 1178 1508 1220 bene
1547 1192 1638 1220 con-

83 1251 117 1277 15
130 1236 342 1289 cordaret,
383 1239 431 1278 ut
468 1234 714 1278 videbimus.
777 1236 838 1278 In
870 1235 1110 1279 coniectura
1150 1236 1319 1290 quidem
1359 1236 1462 1279 haec
1492 1236 1639 1290 posita

129 1298 246 1348 sunt,
289 1308 340 1338 ac
371 1294 492 1349 lonye
522 1295 654 1348 abest,
696 1299 743 1337 ut
773 1295 876 1338 haec
911 1310 1013 1338 vera
1045 1297 1231 1350 credam,
1273 1297 1348 1339 sed
1377 1298 1639 1350 perpendere

129 1368 180 1396 ea
211 1358 335 1408 atque
365 1353 511 1397 animo
542 1353 812 1397 considerare
849 1354 972 1398 licere
1004 1355 1204 1398 arbitror.

274 1413 435 1456 Paucis
464 1413 677 1456 mensibus
709 1418 808 1468 post
838 1414 1116 1468 Hartwiyum
1147 1416 1337 1458 abbatem
1370 1415 1639 1459 constitutum

129 1471 179 1516 in
207 1474 368 1528 synodo
400 1473 641 1526 Erfurtina
674 1471 736 1525 (a.
771 1478 897 1527 1073,
931 1474 1071 1516 Mart.
1107 1475 1182 1529 10)
1217 1475 1503 1517 controversia
1535 1489 1640 1518 com-

82 1549 117 1575 κο
120 1531 267 1587 posita
297 1536 375 1586 est,
413 1547 521 1586 quae
551 1532 640 1575 iam
669 1547 752 1587 per
783 1533 935 1576 multos
965 1548 1104 1576 annos
1135 1534 1248 1576 inter
1279 1534 1556 1588 Liutpoldum
1587 1550 1638 1578 ac

132 1591 398 1646 Siqefridum
428 1591 763 1647 archiepiscopos
789 1592 1068 1646 Moyontinos
1099 1597 1138 1636 et
1163 1594 1358 1636 abbatias
1379 1595 1638 1637 Fulclensem

129 1651 556 1705 Hersfeldensemque
602 1653 652 1695 de
699 1652 871 1695 decimis
923 1652 1194 1706 Thurinyiae
1246 1653 1488 1707 habebatur,
1542 1668 1638 1708 reye

121 1724 273 1764 pacem
303 1710 416 1754 inter
438 1715 588 1764 partes
619 1711 884 1754 conciliante.
938 1713 1075 1766 Quam
1106 1726 1195 1754 rem
1223 1717 1385 1766 qestam
1416 1713 1479 1755 ita
1510 1714 1637 1755 Lam-

120 1773 272 1824 pertus
301 1770 351 1813 in
374 1770 624 1814 Annalibus
655 1772 855 1813 narravit
872 1771 898 1824 ¹,
932 1775 978 1814 ut
1009 1786 1051 1813 se
1083 1771 1154 1813 ira
1185 1776 1309 1825 atque
1340 1771 1638 1826 indiynatione

81 1847 116 1873 25
129 1829 406 1872 excanduisse
437 1831 678 1883 ostenderet,
712 1831 824 1883 quod
844 1835 973 1884 pacto
1004 1830 1078 1872 illo
1110 1831 1283 1873 abbatia
1314 1831 1637 1883 Hersfeldensis

129 1889 332 1942 quosdam
379 1888 638 1931 decimarum
683 1889 846 1931 reditus
889 1889 1202 1943 archiepiscopo
1243 1890 1498 1943 Moyontino
1545 1905 1637 1933 con-

129 1961 263 1990 cessos
289 1947 566 2002 perdidisset,
600 1947 663 1990 ita
694 1948 796 1991 haec
826 1948 1036 2002 exposuit,
1072 1953 1119 1991 ut
1148 1948 1214 1991 rei
1244 1950 1354 1992 male
1383 1954 1523 2003 qestae
1556 1951 1637 1993 cul-

120 2020 228 2060 pam
268 2020 432 2050 omnem
477 2006 526 2050 in
565 2007 843 2062 Hartwiyum
888 2008 1078 2051 abbatem
1119 2008 1347 2062 conferret,
1393 2011 1505 2052 unde
1547 2009 1638 2051 iam

120 2065 405 2120 perspicimus
431 2080 525 2109 eum
552 2081 646 2110 cum
677 2067 753 2110 hoc
784 2067 931 2110 abbate
961 2067 1010 2110 in
1041 2067 1254 2111 simultate
1280 2069 1466 2122 quadam
1486 2069 1634 2120 fuisse.

81 2144 116 2170 ao
278 2125 397 2168 Tunc
437 2127 602 2168 demum
640 2126 896 2180 Lampertus
935 2141 1106 2170 carmen
1143 2141 1340 2170 versuum
1381 2128 1637 2171 heoeametro-

128 2197 242 2238 rum,
284 2186 398 2238 quod
426 2184 578 2240 periit,
623 2185 899 2239 composuisse
939 2186 1117 2240 videtur,
1161 2200 1241 2240 quo
1279 2201 1348 2229 res
1386 2187 1637 2230 monaster-ii.

128 2243 450 2297 Hersfeldensis
489 2245 646 2288 recenti
687 2249 868 2298 tempore
905 2250 1062 2299 yestas,
1106 2260 1178 2288 eas
1210 2246 1486 2300 praesertim,
1529 2260 1636 2300 quae

126 2303 237 2346 male
277 2303 471 2346 abbatiae
510 2303 679 2347 cessisse
720 2303 804 2358 ipsi
843 2304 1107 2358 videbantur,
1151 2305 1330 2348 breviter
1367 2306 1589 2348 enarravit
1607 2308 1634 2347 2.

130 2419 165 2462 l)
187 2418 299 2462 Infra
327 2430 368 2463 p.
395 2421 595 2456 141—144.
647 2420 703 2462 Cf.
740 2421 908 2463 Ausfeld,
947 2421 1128 2455 ‘Lambert
1162 2432 1226 2455 von
1261 2422 1432 2464 Hersfeld
1465 2423 1542 2455 und
1572 2423 1639 2457 der

80 2476 115 2502 35
127 2466 364 2501 Zelmtstreit'
394 2479 432 2512 p.
460 2469 631 2508 59—74,·
668 2468 725 2503 ‘N.
752 2468 904 2502 Archiv’
931 2468 1047 2511 XIX,
1078 2480 1118 2512 p.
1147 2471 1362 2505 185—190.
1485 2472 1521 2513 2)
1547 2471 1634 2506 Inst.

128 2513 235 2550 Hero.
256 2514 368 2558 prol„
394 2515 502 2556 infra
521 2526 560 2559 p.
580 2516 662 2551 345.
706 2515 820 2549 Paulo
845 2520 927 2549 ante
951 2516 1040 2551 Inst.
1068 2516 1177 2551 Herv.
1205 2517 1268 2550 hoc
1291 2528 1435 2550 carmen
1461 2519 1633 2560 scriptum

128 2561 241 2603 fuisse
266 2563 346 2606 ipsa
371 2562 477 2596 verba
499 2562 688 2606 Lamperti
711 2563 861 2596 suadere
885 2564 1062 2606 videntur,
1090 2575 1180 2607 quae
1204 2565 1303 2597 nihil
1326 2566 1538 2608 contineant,
1566 2576 1635 2608 qao

128 2608 192 2642 hoc
215 2613 298 2643 ante
323 2610 465 2653 lonyius
499 2611 666 2654 temporis
699 2612 858 2654 spatium
883 2611 1021 2652 factum
1047 2622 1117 2645 esse
1144 2612 1328 2647 indicetur.
1368 2632 1409 2636 -—
1448 2613 1633 2647 Albertum

128 2655 366 2700 Pannenbory
390 2657 484 2691 hunc
509 2657 620 2691 locum
650 2659 742 2691 male
766 2659 1041 2701 interpretatum
1066 2659 1236 2693 obstinate
1260 2660 1462 2693 contendere
1487 2671 1528 2693 ac
1549 2671 1636 2702 per-

80 2703 294 2738 mtinaeiter
328 2715 531 2738 asseverare
556 2705 709 2739 Carmen
743 2706 784 2739 de
809 2705 894 2739 bello
920 2706 1099 2740 Saxonico
1129 2717 1152 2739 a
1179 2707 1373 2750 Lamperto
1404 2709 1635 2750 compositum

128 2760 198 2784 esse
223 2750 373 2785 breviter
406 2752 468 2786 hoc
494 2752 567 2786 loco
600 2754 778 2786 monuisse
807 2753 965 2795 sufficit:
999 2755 1063 2796 qm·
1085 2755 1192 2787 etiam
1219 2764 1255 2787 eo
1282 2765 1388 2797 usque
1415 2756 1633 2797 ineptiarum

122 2799 314 2841 processit,
349 2803 390 2832 ut
423 2799 486 2833 hoc
511 2799 664 2834 Carmen
689 2803 857 2834 ornatum
883 2800 1068 2834 Lamberti
1091 2803 1252 2835 auctoris
1276 2803 1415 2834 nomine
1447 2803 1484 2835 in
1515 2803 1635 2846 publi-

128 2854 206 2878 cum
230 2855 346 2889 nuper
370 2847 548 2882 emitteret.
599 2847 751 2881 Libellos
776 2847 843 2880 hac
867 2847 908 2881 de
932 2858 971 2881 re
995 2850 1209 2892 conscriptos
1244 2849 1319 2882 vide
1345 2854 1568 2883 enumeratos
1595 2851 1634 2881 in

123 2893 353 2935 praefatione
377 2903 453 2927 mea
480 2893 674 2936 Carminis,
702 2894 765 2930 SS.
783 2895 867 2938 XV,
894 2896 934 2938 2,
959 2907 995 2939 p.
1017 2897 1109 2931 1214
1126 2907 1222 2939 sqq.,·
1248 2896 1312 2931 SS.
1340 2896 1432 2932 BG.
1455 2908 1493 2939 p.
1521 2903 1631 2939 Vsqq.

80 2950 116 2974 45
129 2939 278 2973 Praeter
301 2950 356 2974 eos
381 2941 458 2974 vide
483 2941 524 2976 F.
551 2941 675 2984 Stolle,
705 2942 769 2975 ‘Ist
795 2942 964 2976 Lambert
991 2953 1054 2976 von
1079 2943 1247 2984 Hersfeld
1272 2944 1336 2977 der
1361 2944 1548 2984 Verf‹1sser
1572 2944 1633 2975 des

1302 3013 1344 3047 ΙΙ
