1968 3164
215 429 318 462 1073.

217 523 307 557 1074

195 569 278 594 f'621)'.
292 571 317 594 ζ).

216 606 318 639 1073.

332 303 400 338 146
697 301 967 336 LAMPERTI
992 299 1244 336 ANNALES.
1294 299 1341 335 A.
1369 301 1472 335 1073.

331 425 412 466 ubi
434 425 532 478 regi
555 427 624 466 est
649 425 983 468 renunciatum,
1014 423 1214 465 libenter
1236 422 1437 477 suscepit
1465 421 1829 463 satisfactionem

333 486 380 526 et
404 484 654 526 laetissimo
677 483 909 537 suffragio,
938 485 991 523 ut
1013 483 1314 529 ordinaretur,
1345 481 1599 530 mandavit;
1634 479 1754 535 quod
1782 481 1830 523 et

332 544 509 585 factum
529 546 598 585 est
620 557 740 584 anno
758 546 976 596 sequente
998 543 1046 582 in
1068 541 1388 596 purificatione
1412 541 1597 582 sanctae
1613 539 1789 582 Mariae
1800 538 1828 579 ¹.

476 603 688 644 Intereaa
728 603 776 642 hi
809 602 887 656 qui
918 602 965 642 in
1000 601 1201 642 castellis
1235 615 1372 654 supra
1403 599 1666 641 memoratis
1699 599 1830 641 erant

333 663 535 717 graviter
572 662 707 702 nimis
748 661 1052 702 imminebant
1093 655 1292 715 populob
1332 659 1555 713 Saxoniae
1595 661 1642 700 et
1673 658 1862 699 'Parin-⁵

333 722 482 776 giae⁰.
526 720 692 763 Omnia
724 735 839 774 quae
872 721 917 761 in
947 719 1070 762 villis
1103 722 1149 761 et
1182 719 1303 773 agris
1337 720 1468 760 erant
1498 718 1547 759 in
1573 718 1668 760 dies
1701 731 1830 772 erup-

331 782 458 822 tione
491 782 617 822 facta
640 781 932 835 diripiebant,
965 779 1144 820 tributa
1183 781 1229 820 et
1259 777 1507 832 vectigalia
1537 777 1755 819 silvarum
1785 778 1832 818 et

334 855 598 895 camporum
646 836 988 894 importabilia‘¹
1042 838 1288 891 exigebant
1336 839 1382 878 et
1429 836 1699 891 plerumque
1745 835 1830 878 sub

334 902 545 954 pretextu
599 899 879 940 decimarum
930 900 1054 939 totos
1117 897 1253 938 simul
1315 909 1476 950 greges
1538 895 1789 950 abigebant
1801 895 1830 935 ².

334 959 464 1013 Ipsos
488 958 790 1013 provinciales
824 960 870 999 et
892 957 1132 1012 plerosque
1167 971 1220 997 ex
1253 956 1323 996 his
1351 955 1544 996 honesto
1576 954 1678 996 loco
1699 955 1832 996 natos
1846 967 1882 995 10

334 1021 380 1060 et
421 1032 469 1059 re
511 1017 730 1058 familiari
772 1016 1116 1058 florentissimos
1156 1015 1318 1056 vilium
1360 1013 1688 1069 mancipiorum
1737 1013 1834 1055 ritu

334 1078 528 1119 servii-<2¹⁵
563 1077 650 1118 sibi
683 1077 910 1130 cogebant
924 1076 951 1115 ³.
1002 1075 1142 1116 Filias
1176 1088 1331 1116 eorum
1366 1075 1412 1115 et
1443 1086 1608 1115 uxores
1641 1071 1833 1114 consciis

334 1139 381 1178 et
408 1150 523 1191 pene
557 1136 885 1191 aspicientibus
917 1135 1093 1176 maritis
1114 1134 1364 1176 violabant.
1406 1132 1666 1174 Nonnullas
1693 1131 1832 1174 etiam

333 1196 378 1238 vi
391 1192 406 1218 f
452 1196 500 1236 in
543 1195 735 1237 castella
782 1209 864 1236 sua
910 1196 1066 1249 raptas
1109 1196 1173 1241 et,
1223 1194 1396 1247 quanto
1439 1194 1647 1247 tempore
1688 1190 1833 1233 libido

335 1255 648 1309 sugg-essisset,
693 1254 1052 1308 impudicissime
1095 1253 1276 1294 habitas
1319 1253 1377 1293 ad
1409 1251 1624 1292 ultimum
1657 1250 1833 1292 maritis
1848 1262 1882 1290 ιο

335 1330 438 1356 cum
472 1315 776 1368 ignominiosa
809 1313 1160 1367 exprobratione
1182 1310 1574 1353 remittebantg·4.
1629 1309 1834 1361 Quorum

336 1374 374 1415 si
415 1374 515 1428 quis
556 1374 678 1414 inter
716 1374 851 1413 tanta
893 1372 1013 1412 mala
1054 1371 1282 1426 suspirare
1324 1373 1370 1412 et
1411 1370 1646 1412 internum
1693 1368 1835 1410 animi

337 1433 540 1474 dolorem
580 1433 670 1474 levi
712 1432 874 1472 saltem
917 1431 1200 1485 querimonia
1243 1430 1380 1471 solari
1418 1431 1556 1482 atque
1589 1441 1834 1484 evaporare

337 1506 472 1533 ausus
514 1492 697 1537 fuisset,
742 1491 918 1539 statim,
960 1490 1090 1531 velut
1131 1489 1209 1543 qui
1250 1503 1435 1542 gravem
1475 1487 1690 1528 iniuriam
1735 1485 1836 1541 regi

335 1552 535 1597 fecisset,
570 1552 617 1591 in
639 1550 824 1592 vincula
847 1544 1206 1593 coniciebaturh,
1240 1561 1326 1590 nec
1357 1547 1465 1588 inde
1487 1547 1610 1588 exire
1637 1547 1832 1601 poterat,
1847 1565 1884 1591 20

336 1612 425 1652 nisi
457 1611 605 1652 tocius
629 1608 963 1664 suppellectilis
986 1622 1094 1649 suae
1128 1607 1425 1648 distractione
1446 1606 1590 1647 vitam
1623 1605 1835 1647 salutem-

337 1685 425 1725 que
458 1684 587 1711 suam
619 1663 932 1710 redemisseti.
988 1667 1192 1720 Cumque
1226 1680 1280 1708 ex
1306 1665 1517 1707 omnibus
1549 1665 1660 1706 locis
1693 1665 1834 1706 cater-

336 1730 479 1771 vatim
522 1725 778 1783 quottidiek
815 1741 896 1782 pro
939 1727 1009 1767 his
1050 1726 1223 1780 regiam
1255 1725 1544 1766 maiestatem
1574 1722 1836 1778 interpella-

337 1791 454 1835 rent„
498 1803 614 1842 quae
655 1788 842 1829 unicum
884 1786 1080 1828 antehac
1122 1785 1333 1826 omnibus
1375 1783 1562 1825 afflictis
1602 1782 1836 1837 refugium

339 1862 435 1890 esse
478 1849 795 1895 consueverat,
846 1860 950 1888 cum
992 1845 1120 1900 gravi
1161 1843 1440 1886 contumelia
1481 1841 1792 1884 reiciebantur
1805 1839 1884 1892 ἰεῦ
1944 1831 1957 1899 Ι]

339 1908 522 1949 dicente
545 1921 652 1961 rege
679 1907 769 1947 ista
791 1901 889 1948 eosl
922 1919 1004 1960 pro
1035 1904 1209 1944 iniusta
1231 1903 1511 1944 decimarum
1536 1900 1837 1943 retentionem

339 1967 438 2021 pati
451 1967 478 2015 (ἱ,
522 1969 686 2020 sequen
722 1967 959 2018 tamquam
990 1963 1219 2005 vindicem
1260 1975 1423 2004 causae
1456 1960 1545 2002 Dei
1580 1959 1836 2002 necessario

339 2028 517 2066 armata
558 2039 697 2065 manu
739 2037 815 2065 eos
848 2024 1134 2071 cohercere0,
1176 2022 1255 2075 qui
1295 2021 1475 2075 legibus
1515 2017 1836 2062 ecclesiasticis

339 2086 502 2139 sponte
542 2083 721 2124 nollent
763 2083 1102 2136 adquiescerel'.
1166 2081 1330 2134 Itaque
1371 2080 1530 2121 videns
1569 2091 1649 2120 rex
1680 2089 1837 2120 omnes

341 2144 694 2196 circumquaque
734 2142 972 2182 manentes
1009 2142 1137 2182 metu
1169 2139 1392 2181 attonitos
1424 2140 1471 2180 et
1503 2138 1562 2179 ad
1593 2136 1886 2192 suscipien-ao
1943 2154 1946 2155 ⁷

339 2236 369 2266 a)
395 2235 463 2259 haec
481 2249 515 2252 —
536 2233 728 2258 remittebant
747 2233 779 2265 (I.
795 2233 839 2260 16)
865 2232 947 2256 habet
966 2230 1047 2256 133b.
1140 2231 1170 2260 b)
1195 2230 1320 2262 populos
1340 2228 1419 2254 Blb.
1511 2230 1538 2259 c)
1564 2229 1658 2254 Thur.
1678 2228 1741 2254 Bl.
1753 2225 1836 2254 23¹².

341 2271 370 2301 (1)
391 2269 584 2302 importibilia
604 2269 629 2293 B
644 2270 674 2301 23
699 2269 810 2299 iuport.
830 2267 912 2292 Bib.
987 2268 1015 2297 e)
1035 2267 1065 2290 in
1084 2273 1178 2296 marg.
1200 2265 1294 2296 suppl.
1318 2264 1404 2297 B3b3
1424 2265 1480 2289 sibi
1499 2271 1579 2290 serv.
1598 2265 1662 2289 ΒΞ.
1737 2264 1762 2293 f)
1779 2269 1836 2289 om-

340 2307 366 2331 B
378 2305 422 2332 lb.
435 2307 460 2330 2.
536 2306 567 2337 g)
587 2305 766 2329 remitcbant
785 2304 848 2328 Al.
929 2303 959 2333 1ι)
979 2302 1123 2327 conicieb.
1143 2302 1207 2326 ΒΞ.
1281 2301 1301 2331 i)
1322 2299 1482 2325 redemisse
1502 2300 1582 2324 Bla.
1656 2299 1688 2330 k)
1707 2298 1838 2330 quotidie
1865 2304 1867 2310 ⁴

340 2343 367 2366 A
385 2343 409 2366 1.
430 2342 456 2366 B
474 2340 518 2366 lh.
611 2341 631 2371 l)
657 2340 720 2371 pati
745 2340 805 2364 iam
830 2339 858 2364 h.
885 2339 904 2362 l.
933 2339 1002 2362 add.
1028 2337 1054 2362 B
1071 2338 1096 2362 2.
1189 2337 1229 2366 m)
1254 2336 1458 2360 retentaeione
1481 2335 1549 2367 1313
1577 2334 1746 2359 detentione
1769 2333 1836 2359 ΒΣ.

341 2378 371 2410 n)
391 2384 421 2402 se
442 2378 519 2402 Bia.
595 2378 623 2407 ο)
643 2382 780 2400 coercere
800 2376 862 2400 Al.
884 2374 946 2398 Bl.
1020 2372 1050 2404 p)
1070 2379 1135 2403 aeq.
1155 2372 1218 2396 Bi.
1231 2372 1256 2396 2.
1851 2373 1886 2400 35
1946 2368 1959 2393 :y

343 2450 377 2492 1)
404 2448 563 2490 Minime,
590 2448 650 2481 sed
673 2448 746 2480 iam
773 2456 807 2481 a.
826 2447 930 2487 1073,
958 2444 1039 2478 Iun.
1058 2445 1114 2478 30.
1159 2442 1215 2483 Cf.
1234 2441 1360 2475 Ranlce
1385 2441 1408 2475 l.
1428 2441 1450 2475 l.
1548 2441 1584 2484 2)
1611 2439 1666 2482 Cf.
1686 2439 1838 2474 Carmen

341 2498 383 2530 de
408 2497 437 2531 b,
464 2496 597 2529 Samma.
622 2495 653 2538 I,
679 2494 844 2533 41—46‚·
878 2493 974 2526 Ami.
1000 2490 1123 2525 Altah.
1153 2501 1193 2532 p.
1211 2490 1268 2524 85.
1389 2489 1425 2532 3)
1461 2487 1517 2529 Cf.
1546 2498 1660 2530 supra
1690 2499 1728 2532 p.
1755 2488 1836 2523 141.

341 2545 378 2583 4)
398 2544 455 2585 Cf.
471 2544 596 2576 Bruno
613 2553 639 2578 c.
657 2544 711 2577 16.
726 2543 792 2581 25;
809 2540 908 2582 epist.
926 2539 1136 2582 principum
1149 2537 1339 2578 Samoniae,
1358 2535 1403 2570 ib.
1421 2546 1450 2569 e.
1463 2536 1530 2575 42,·
1547 2535 1642 2569 Arm.
1656 2534 1694 2568 S.
1707 2534 1836 2578 Disib„

342 2592 406 2626 SS.
422 2590 548 2632 XVII,
566 2602 602 2634 p.
617 2591 648 2626 ¹7.
732 2588 768 2632 5)
783 2588 880 2622 Ann.
898 2586 1020 2620 Altah.
1041 2586 1063 2620 l.
1083 2586 1126 2620 l.:
1150 2582 1378 2617 contumeliis
1402 2580 1551 2615 affectus
1568 2581 1760 2616 videbatur
1777 2592 1838 2616 ex—

342 2639 440 2682 pelli.
522 2638 556 2681 6)
582 2637 695 2678 Quam
721 2635 981 2678 ineptiseimum
998 2634 1141 2674 dictam,
1167 2641 1237 2664 mm
1261 2631 1368 2673 reqvie,
1394 2630 1455 2663 sed
1470 2629 1659 2673 Lamperti
1680 2629 1776 2663 litem
1797 2628 1887 2663 dem

343 2687 486 2720 decimis
506 2685 777 2727 Thurinyorum
788 2691 952 2725 perverse
969 2681 1027 2714 his
1039 2679 1271 2722 querimoniis
1283 2677 1466 2710 Samonum
1479 2677 1718 2712 immisceatis.
1742 2676 1840 2710 Nam

343 2734 384 2766 de
406 2733 550 2766 decimis
571 2731 812 2766 ecclesiasticis
827 2728 1138 2772 (Thurinyorum)
1161 2726 1223 2759 hoc
1244 2725 1316 2758 loeo
1340 2725 1404 2766 aqi
1423 2735 1467 2758 ea·
1484 2724 1598 2757 verbis
1621 2722 1841 2768 sequentibus

340 2785 449 2824 patet,
478 2781 618 2822 ideoque
642 2780 748 2812 etiam
773 2787 887 2820 supra
913 2777 936 2811 l.
954 2777 986 2811 9.
1013 2785 1082 2808 non
1107 2774 1277 2806 decimam
1301 2772 1468 2814 ramalem,
1494 2772 1554 2805 sed
1575 2771 1837 2804 ecclesiasticam

350 2828 621 2869 Thum'nyorum
646 2830 823 2859 auctorem
847 2825 887 2856 in
911 2827 1021 2856 mente
1045 2821 1209 2854 habuisse
1231 2819 1349 2862 elucet,
1375 2819 1468 2862 quod
1488 2828 1678 2862 perperam
1701 2818 1842 2861 naqavit

351 2875 479 2916 Waitz,
509 2874 557 2906 ‘D
565 2873 655 2908 Vax
675 2873 777 2915 VIII,
799 2883 838 2915 p.
858 2872 939 2906 387.
976 2870 1076 2903 Recte
1100 2869 1354 2911 interpretatus
1369 2870 1419 2900 est
1438 2870 1468 2899 et
1492 2867 1619 2908 optime
1642 2865 1887 2899 illustravit&

345 2922 439 2954 hunc
465 2922 575 2954 locum
594 2921 747 2962 Ausfeld
766 2931 805 2962 p.
825 2920 881 2960 74,
909 2918 1001 2950 male
1016 2917 1186 2950 decimam
1210 2915 1463 2956 interpretante
1486 2914 1592 2946 etiam
1613 2911 1663 2948 Η.
1685 2911 1840 2945 Πίνηαηη

346 2971 385 3002 in
412 2969 517 3003 ‘Hi-st.
543 2968 718 3009 Aufsc'itze
741 2967 818 3000 dem
842 2964 1037 2999 Andenken
1061 2973 1123 2996 von
1152 2962 1193 2996 G.
1221 2962 1335 2994 Waitz
1357 2959 1548 3003 yewidmet'
1571 2970 1610 3002 p.
1635 2960 1714 2995 124.

1949 1194 1968 1224 ’ὲ

1958 1233 1968 1255 3

1942 1302 1968 1333 ,ις

1946 1339 1968 1365 »1

1951 1373 1968 1383 ..

1935 1388 1968 1422 Ξ
