2014 3184
362 175 432 210 456

408 399 489 422 cum
532 389 677 424 barbari
718 403 889 438 magnam
927 396 1085 432 telorum

359 435 530 470 nubem
557 465 565 473 .
593 463 601 471 .
630 466 636 474 .
664 439 902 476 coniecissent
928 445 1019 488 95,1.
1039 465 1084 470 —

358 481 454 516 inter
502 495 634 519 cuneos
675 486 835 522 hostium
876 491 1084 536 nubemque

357 529 559 566 iaculorum
587 534 666 577 188,
680 545 724 569 20.

404 576 525 612 Missis
556 605 564 613 .
583 607 592 616 .
611 608 619 616 .
649 580 930 628 circumquaque
963 597 1082 621 nun-

357 624 450 659 ciis
477 628 617 671 158,10.
645 630 783 673 183,15.
812 633 932 676 198,1.
958 635 1081 678 263,1.

358 691 401 696 --
439 672 637 709 Destinatis
673 703 681 712 .
715 705 722 712 .
756 705 763 713 .
800 677 1080 726 circumquaque

355 719 497 754 nunciis
524 723 604 766 180,
619 733 662 759 35.
689 725 811 768 250,1.

403 767 449 801 ad
474 779 600 803 eorum
627 773 794 806 nutum
819 776 949 808 cuncta
975 776 1080 822 regni

354 815 507 859 negocia
543 815 831 861 disponebantur
870 823 949 866 148,
969 834 994 858 1.
1035 844 1078 849 —

352 862 525 906 precipua
574 875 737 909 quaeque
778 868 882 913 regni
931 871 1079 916 negotia

352 908 449 943 illius
474 912 567 945 nutu
591 911 869 949 administrabat
893 919 1016 962 319,1.

848 179 1010 216 INDEX
1035 182 1383 225 LOOUTIONUM.

1135 304 1253 350 mina3
1279 307 1388 350 XIX,
1404 311 1439 353 2,
1461 311 1519 346 14.
1544 321 1619 346 nox
1642 311 1755 348 finem
1779 325 1858 351 cae-

1135 351 1240 387 dibus
1266 353 1363 391 fecit.

1182 401 1259 436 Liv.
1286 402 1518 448 XXXVIII,
1542 408 1600 442 26.
1638 407 1739 443 velut
1772 420 1858 444 nn-

1134 446 1215 482 bes
1250 449 1385 484 levium
1419 452 1576 488 telorum
1610 454 1784 493 coniecta.
1813 477 1855 483 -—

1133 494 1269 530 Lucan.
1295 497 1347 540 II,
1374 500 1455 535 262.
1493 500 1651 536 telorum
1684 502 1723 537 in
1746 503 1856 541 nube.

1134 562 1178 566 —
1201 543 1278 579 Liv.
1297 544 1404 589 XXI,
1424 548 1481 583 55.
1507 548 1630 584 obruti
1653 551 1740 585 sunt
1755 551 1857 587 velut

1131 589 1228 624 nube
1253 590 1464 630 iaculorum.

1177 779 1255 816 Liv.
1282 781 1333 823 II,
1352 784 1410 826 54,
1429 785 1462 820 5.
1489 759 1630 820 consuli
1647 813 1656 823 .
1675 814 1684 823 .
1704 815 1711 824 .
1730 788 1854 825 omnia

1128 825 1175 860 ad
1211 838 1236 861 n
1247 838 1271 861 u
1282 829 1296 862 t
1307 840 1331 862 u
1341 840 1378 863 m
1411 829 1678 878 imperiumque
1715 835 1853 873 tribuni

1127 874 1269 919 agenda
1293 886 1381 921 esse,
1411 882 1470 913 etc.

1071 1040 1130 1076 0.

398 1102 439 1133 ut
489 1101 735 1137 obiectum
785 1104 923 1140 crimen
964 1118 1075 1142 manu

349 1147 498 1191 propria
514 1152 689 1195 purgaret
707 1153 763 1195 61,
778 1162 822 1188 25.
844 1173 886 1178 —
904 1157 1074 1198 paratum

348 1204 386 1228 se
421 1220 430 1228 .
458 1221 466 1229 .
492 1223 501 1232 .
536 1195 768 1242 singulariter
802 1211 885 1234 cum
919 1212 962 1236 eo
989 1214 1073 1237 con·

348 1243 444 1276 serta
470 1254 580 1278 manu
605 1244 747 1280 obiecta
780 1246 948 1283 refellere
974 1251 1031 1293 69,
1047 1262 1072 1287 1.

347 1291 388 1322 ut
415 1315 422 1323 .
451 1317 458 1325 .
487 1318 494 1326 .
521 1291 705 1326 obiectum
740 1294 877 1329 crimen
903 1307 1072 1341 congres-

346 1346 406 1370 sus
427 1347 509 1371 cum
534 1342 743 1375 accusatore
767 1353 832 1376 suo
855 1354 967 1378 manu
987 1355 1072 1389 pro-

344 1383 425 1427 pria
459 1383 640 1420 refelleret
676 1389 760 1431 113,
785 1399 828 1424 15.
861 1410 903 1414 -
938 1391 967 1424 si
1003 1392 1070 1426 cri-

344 1430 454 1475 mina,
490 1443 582 1476 quae
608 1433 869 1481 obiciebantur,
903 1437 1070 1474 refellere

344 1487 418 1511 non
456 1482 578 1523 posset
613 1482 751 1525 129,10.
785 1503 827 1508 —
862 1485 972 1519 modo
1008 1487 1070 1522 ob-

343 1524 438 1559 iecta
475 1538 644 1572 purgare,
682 1529 791 1564 modo
824 1532 968 1575 pondus
1006 1534 1069 1568 ob-

341 1571 531 1618 iectorum,
566 1586 659 1619 quae
693 1587 768 1611 non
800 1580 946 1622 poterat
983 1592 1068 1626 pur-

340 1630 439 1664 gare,
467 1649 474 1656 .
502 1647 510 1655 .
538 1650 545 1657 .
573 1624 763 1659 attenuare
790 1627 869 1670 131,
886 1639 929 1663 10.
956 1648 1001 1653 —
1027 1630 1069 1663 ut

341 1667 526 1702 obiectum
561 1670 696 1705 crimen
726 1676 900 1718 purgaret
926 1677 1006 1720 138,
1022 1687 1067 1713 15.

342 1734 386 1739 ——
421 1726 488 1750 nec
514 1727 598 1751 eum
624 1718 767 1754 obiecto
804 1748 811 1756 .
839 1749 847 1757 .
875 1749 884 1757 .
916 1722 1066 1758 crimine

341 1761 459 1797 adhuc
489 1763 540 1798 ita
563 1768 761 1810 purgatum
788 1770 868 1812 149,
882 1779 927 1805 25.
956 1790 998 1795 --
1026 1773 1066 1805 ut

377 1836 385 1845 .
414 1838 421 1845 .
458 1810 599 1846 obiecta
634 1817 810 1860 purgaret
845 1818 983 1860 154,15.
1020 1838 1063 1843 -—-

339 1856 418 1900 ipso
443 1869 529 1903 rege
557 1887 563 1894 .
591 1885 599 1894 .
627 1886 635 1894 .
662 1860 824 1905 crimina,
859 1874 952 1907 quae
987 1865 1064 1900 obi-

339 1907 520 1949 cerentur,
547 1932 555 1941 .
575 1935 582 1942 .
603 1935 610 1943 .
636 1908 827 1944 refellente
854 1913 933 1955 162,
948 1923 993 1948 30.
1016 1933 1062 1938 —

338 1951 504 1995 proditae
540 1981 547 1989 .
576 1982 583 1989 .
622 1955 675 1989 rei
711 1957 878 2000 publicae
913 1959 1062 2004 crimen,

338 1998 436 2042 quod
461 1999 697 2046 obiciebatur,
723 2008 951 2040 sacramento
976 2019 1062 2051 pur-

337 2045 438 2090 gavit
464 2049 544 2091 196,
557 2058 583 2084 5.
605 2069 647 2073 -
671 2050 770 2093 quod
795 2052 976 2088 obiectum
994 2054 1063 2089 sibi

337 2092 475 2128 crimen
489 2121 497 2130 .
513 2122 520 2130 .
537 2122 543 2130 .
558 2106 715 2141 purgare
729 2097 927 2134 distulisset
943 2102 1060 2145 207‚5.

337 2160 383 2164 —
408 2138 547 2185 Quodsi
574 2170 582 2178 .
601 2168 609 2176 .
628 2170 637 2179 .
662 2144 781 2188 parati
805 2148 890 2180 sunt
916 2147 981 2183 vel.
997 2148 1060 2183 ob-

336 2186 432 2222 iecta
455 2199 613 2234 purgare
638 2192 779 2236 211,15.
799 2213 841 2217 -
864 2193 895 2227 si
920 2194 1061 2229 obiecta

334 2238 527 2279 purgasset
560 2238 642 2282 291,
656 2249 702 2274 20.
736 2241 818 2284 293,
831 2251 859 2276 5.
894 2261 939 2266 -—
973 2253 1060 2286 pur-

335 2282 428 2327 gatis
463 2294 556 2327 quae
590 2284 821 2321 obicerentur
857 2290 939 2332 294,
953 2298 981 2324 5.
1015 2309 1056 2314 --

335 2331 376 2363 ut
402 2358 409 2365 .
438 2359 445 2366 .
473 2358 481 2366 .
508 2331 643 2366 obiecti
667 2332 736 2367 sibi
759 2334 919 2369 criminis
945 2336 1058 2381 suspi-

335 2376 477 2411 cionem
501 2382 676 2424 purgaret
700 2383 781 2426 325,
790 2393 834 2418 20.
865 2402 906 2407 -
933 2386 974 2417 ut
993 2412 999 2419 .
1021 2411 1029 2420 .
1050 2412 1057 2420 .

334 2422 591 2468 impunitatem
616 2427 787 2473 criminis,
817 2429 915 2473 quod
940 2430 1058 2465 obiec-

332 2472 413 2504 tum
438 2471 568 2517 fuerat,
594 2478 876 2519 consequeretur
903 2479 983 2520 112,
998 2490 1023 2513 1.

381 2520 423 2552 ut
446 2521 587 2554 tantam
612 2523 786 2566 temporis
820 2525 1057 2559 commodita-

332 2567 408 2598 tem
443 2566 617 2601 divinitus
652 2569 865 2604 oblatam
894 2583 968 2606 non
994 2583 1056 2607 ne-

332 2611 514 2657 gligerent
537 2617 595 2658 84,
614 2626 658 2651 25.
688 2636 730 2641 —
757 2617 929 2652 divinitus
955 2619 1056 2654 obla·

331 2662 407 2693 tam
437 2660 505 2694 sibi
530 2672 607 2696 esse
633 2663 859 2699 occasionem
885 2665 1055 2701 dicebant

333 2708 471 2750 150,1o.
500 2728 542 2733 —
570 2708 742 2744 divinitus
774 2712 934 2747 oblatam
960 2714 1054 2748 salu-

330 2753 376 2787 tis
394 2755 622 2790 occasionem
638 2759 777 2800 280,1o.
794 2779 835 2783 -—
856 2759 1054 2795 admodum

1172 1111 1249 1147 Ia'v.
1287 1113 1395 1155 VIII,
1429 1117 1487 1151 23.
1526 1117 1770 1163 negligentius
1806 1130 1851 1155 ea

1124 1169 1216 1202 quae
1250 1159 1337 1204 ipsis
1372 1161 1741 1212 obicerenturp
1834 1187 1849 1195 -

1123 1205 1231 1250 bant;
1257 1207 1381 1252 XLII,
1407 1210 1466 1246 42.
1492 1222 1586 1255 quae
1611 1214 1676 1248 aut
1699 1224 1721 1248 a
1745 1225 1792 1250 vo
1817 1214 1847 1250 is

1123 1253 1265 1289 obiecta
1303 1257 1366 1289 aut
1401 1260 1557 1304 purgata
1593 1262 1679 1302 sunt
1711 1271 1734 1296 a
1766 1273 1844 1306 me3

1122 1301 1180 1336 45.
1207 1303 1248 1335 ut
1273 1302 1425 1338 crimina
1450 1305 1571 1341 delata
1596 1335 1604 1343 .
1631 1335 1639 1344 .
1667 1335 1676 1344 .
1701 1307 1845 1345 refelle-

1121 1350 1215 1382 rent.
1232 1369 1274 1373 —
1288 1353 1438 1394 peccata
1454 1364 1612 1399 purgare
1632 1359 1687 1390 tor
1702 1357 1742 1390 in
1761 1357 1847 1390 Vul-

1118 1399 1216 1437 9ata.
1243 1416 1289 1421 —
1320 1397 1461 1434 Terent.
1488 1400 1569 1436 Hoc.
1595 1401 1648 1446 II,
1667 1404 1703 1446 2,
1724 1405 1778 1440 11.
1805 1402 1845 1439 Si

1120 1441 1208 1486 quid
1243 1446 1298 1477 est
1330 1447 1522 1488 peccatum
1557 1459 1578 1482 a
1611 1449 1716 1485 nobis
1743 1479 1750 1487 .
1778 1478 1787 1487 .
1815 1478 1844 1496 .,

1120 1491 1182 1523 aut
1221 1500 1264 1524 ea
1304 1491 1506 1529 refellendo
1547 1498 1611 1530 aut
1650 1497 1842 1544 purgando

1118 1536 1221 1571 vobis
1246 1538 1478 1585 corrigemus.

1156 2527 1225 2563 Cic.
1252 2528 1327 2562 Cat.
1353 2530 1427 2573 III,
1448 2532 1480 2572 9,
1498 2533 1556 2567 22.
1582 2534 1624 2567 ut
1641 2561 1648 2569 .
1669 2561 1676 2569 .
1696 2561 1703 2570 .
1722 2545 1826 2580 spem

1107 2602 1185 2610 ...
1219 2575 1317 2610 ultro
1355 2602 1363 2610 .
1391 2604 1434 2612 ..
1471 2578 1683 2614 oblatam
1713 2582 1828 2627 negli-

1104 2624 1243 2666 gerent.
1270 2643 1315 2648 —
1341 2624 1418 2660 Liv.
1437 2625 1576 2670 XLIV,
1595 2629 1653 2663 36.
1678 2639 1747 2664 nec
1763 2630 1827 2664 ob-

1103 2668 1215 2702 latam
1233 2670 1460 2705 occasionem
1477 2672 1648 2709 vincendi
1664 2675 1826 2720 amittat3

1103 2716 1227 2759 XLII,
1241 2718 1299 2752 38.
1318 2728 1360 2752 ea
1377 2719 1583 2765 corrigendi
1600 2722 1826 2758 occasionem

1103 2762 1173 2796 illis
1208 2763 1388 2810 oblatam;
1420 2767 1501 2810 VII,
1527 2770 1584 2804 30.
1620 2769 1703 2813 quia
1735 2781 1826 2814 gau-

329 2801 608 2844 gratulabantur
644 2804 805 2839 oblatam
843 2807 911 2841 sibi
953 2819 1053 2843 occa·
1075 2805 1079 2852 Ι
1102 2808 1190 2844 dent
1215 2810 1376 2846 oblatam
1401 2813 1469 2848 sibi
1494 2825 1570 2849 esse
1596 2826 1752 2852 causam.
