2014 3184
263 353 366 386 1077.

271 399 366 430 (lan.)

212 1666 269 1693 Ier.
282 1666 325 1697 22,
338 1666 379 1692 17.

378 233 448 268 290
745 228 1014 264 LAMPERTL
1039 227 1292 264 ANNALES.
1342 228 1389 264 A.
1417 230 1520 264 1077.

382 352 666 406 penitentiae
697 352 805 406 igne
839 351 967 393 exuri
999 353 1045 392 et
1078 350 1270 404 excoqui
1301 352 1526 404 oportere.
1574 348 1879 404 Quapropter,

382 412 419 452 si
467 425 543 453 eos
585 425 743 453 revera
789 411 905 452 facti
946 410 1194 464 peniteret,
1238 423 1354 463 equo
1396 409 1548 450 animo
1596 409 1878 463 paterentur,

381 471 703 524 quodcumque
736 469 952 510 sanandis
984 469 1251 510 vulneribus
1284 482 1441 510 eorum
1467 467 1710 510 adhiberet
1742 466 1882 509 eccle-

382 529 594 571 siasticae
637 529 938 583 correptionis
980 528 1248 577 cauterium,
1292 541 1349 569 ne
1388 541 1442 569 ex
1473 527 1703 568 facilitate
1734 525 1883 568 indul-
1911 563 1923 572 ,

382 589 566 643 gentiae
609 588 756 642 culpa,
801 601 917 641 quae
959 587 1176 628 adversus
1217 587 1371 628 sedem
1413 586 1713 640 apostolicam
1751 586 1913 627 atrox5

384 650 431 689 et
452 648 698 689 vehemens
731 648 998 700 presumpta
1029 646 1206 695 fuisset,
1241 645 1314 686 vel
1346 659 1487 699 parva
1517 645 1590 686 vel
1611 644 1742 686 nulla
1762 644 1883 686 vide-

382 709 523 748 retur.
589 706 690 746 Illis
723 707 908 759 paratos
941 718 987 746 se
1021 704 1346 758 profitentibus
1381 704 1439 744 ad
1472 704 1626 745 omnia
1657 717 1774 758 quae
1804 703 1884 744 im-

383 765 611 820 posuisset
653 765 926 814 sufferenda,
972 764 1208 817 episcopos
1249 777 1406 804 omnes
1448 777 1471 803 a
1515 776 1562 804 se
1593 762 1790 804 invicem
1822 775 1885 804 se-

383 826 568 879 paratos
616 823 822 878 precepit
870 822 1063 876 singulis
1112 822 1239 863 cellis
1287 821 1516 863 solitarios
1562 821 1752 872 includi,
1800 834 1885 863 nec

385 883 531 923 ullum
567 897 671 924 cum
694 882 848 936 aliquo
871 881 1040 923 habere
1064 881 1357 934 colloquium,
1392 881 1451 922 ad
1472 893 1707 935 vesperam
1729 881 1887 922 autem
1900 893 1934 919 ιο

387 942 477 983 cibi
511 944 557 983 et
590 943 727 996 potus
754 940 974 982 mediocri
1000 954 1214 982 mensura
1235 940 1374 982 refici.
1428 939 1579 981 Laicis
1601 952 1781 994 quoque
1803 952 1886 993 pro

388 1001 555 1042 aetatis
597 1003 671 1042 eta
708 1001 872 1041 virium
916 999 1283 1041 consideratione
1325 999 1656 1053 congruentem
1693 997 1887 1052 singulis

386 1060 691 1114 penitentiam
739 1059 920 1100 indixit.
985 1059 1061 1099 Ita
1107 1072 1189 1112 per
1235 1058 1412 1112 aliquot
1460 1057 1556 1099 dies
1603 1057 1887 1099 examinatos

386 1119 575 1160 tandem
609 1119 666 1159 ad
700 1132 746 1160 se
772 1118 954 1159 vocavit
987 1120 1033 1159 et
1066 1117 1233 1158 leniter
1264 1131 1346 1171 pro
1379 1116 1588 1158 admissis
1620 1116 1888 1170 obiurgatos

388 1180 447 1228 et,
490 1191 547 1219 ne
590 1178 806 1231 deinceps
847 1176 995 1218 simile
1037 1176 1147 1230 quid
1189 1176 1503 1226 admitterent,
1554 1169 1882 1217 commonitosb
1902 1188 1937 1215 ιο

390 1237 863 1278 excommunicatione
886 1235 1096 1285 absolvit,
1131 1235 1500 1289 abeuntibusque
1531 1235 1580 1276 id
1601 1236 1710 1276 ante
1736 1233 1890 1275 omnia

388 1298 602 1350 repetens
633 1296 801 1337 iterum
834 1295 1119 1347 iterumquee
1149 1294 1367 1348 precepit,
1401 1307 1459 1335 ne
1490 1289 1617 1348 regia
1652 1292 1887 1343 Heinrico,

391 1355 535 1396 donec
577 1355 700 1396 sedie
740 1353 1020 1408 apostolicae
1058 1355 1162 1407 post
1193 1353 1367 1394 factam
1398 1352 1616 1393 iniuriam
1647 1351 1890 1393 satisfecis-

391 1415 472 1463 set,
517 1413 809 1466 aliquatenus
851 1412 1244 1453 communicarent
1286 1414 1367 1452 aut
1407 1412 1449 1453 ei
1491 1411 1549 1452 ad
1591 1410 1891 1452 evertendum

391 1474 565 1513 statum
597 1473 663 1514 rei
695 1471 908 1526 publicae
939 1471 1308 1524 turbandamque
1341 1484 1501 1524 pacem
1533 1469 1891 1511 ecclesiasticam
1904 1485 1940 1510 so

391 1532 440 1572 in
473 1531 626 1584 aliquo
659 1544 844 1585 operam
877 1543 1006 1570 suam
1039 1524 1490 1579 accommodarentf;
1525 1529 1584 1570 ad
1616 1529 1704 1570 hoc
1734 1530 1894 1570 tamen

393 1590 605 1631 omnibus
636 1590 956 1631 indifferenter
977 1589 1074 1630 eius
1097 1588 1316 1642 permisso
1339 1587 1580 1642 colloquio,
1613 1589 1668 1628 ut
1689 1587 1748 1628 ad
1770 1586 1893 1642 peni-

392 1649 589 1691 tentiam
611 1650 937 1704 provocaretur
969 1650 1014 1689 et
1037 1662 1064 1688 a
1086 1661 1222 1688 cursu
1253 1647 1364 1688 mali
1386 1646 1547 1701 operiS,
1582 1660 1671 1700 quo
1703 1659 1893 1700 preceps

394 1709 494 1763 rapi
525 1708 782 1758 videbatur,
815 1708 1142 1749 retraheretur.

538 1767 725 1809 Interea
771 1781 850 1808 rex
891 1766 1139 1807 Heinricus
1180 1765 1459 1806 Mathildam
1507 1763 1786 1806 comitissam
1833 1762 1894 1804 ad
1905 1779 1941 1805 25

395 1827 676 1880 colloquium
709 1826 916 1867 evocavit
949 1838 1139 1878 eamque
1171 1824 1383 1878 precibus
1425 1838 1477 1865 ac
1515 1822 1892 1878 promissionibus

395 1887 632 1927 oneratam
671 1886 729 1926 ad
762 1899 929 1939 papam
961 1883 1217 1924 transmisit
1250 1885 1296 1924 et
1329 1897 1431 1924 cum
1465 1896 1520 1924 ea
1550 1895 1732 1923 socrum
1762 1894 1893 1922 suam

395 1945 633 1998 filiumque
666 1944 776 1994 eius,
810 1944 1037 1984 Azzonem
1070 1942 1210 1983 etiam
1242 1940 1585 1983 marchionem1
1607 1942 1654 1982 et
1676 1940 1893 1981 abbatem

396 2003 773 2044 Oloniacensem2
806 2004 852 2043 et
885 2002 998 2042 alios
1030 2000 1279 2042 nonnullos
1312 2014 1366 2042 ex
1397 2000 1557 2054 primis
1581 1998 1749 2040 Italiae
1774 1997 1894 2053 prin·

396 2061 587 2114 cipibus,
623 2074 815 2114 quorum
848 2060 1175 2101 auctoritatem
1207 2059 1364 2113 magni
1389 2059 1513 2113 apud
1536 2071 1641 2100 eum
1671 2056 1895 2099 momenti
1907 2071 1943 2096 ao

396 2132 493 2160 esse
541 2133 634 2160 non
681 2118 963 2171 ambigebat,
1013 2118 1275 2167 obsecrans,
1324 2119 1378 2158 ut
1422 2115 1894 2159 excommunicatione

397 2177 725 2227 absolveretur,
768 2190 852 2218 nec
894 2176 1180 2230 principibus
1212 2176 1522 2226 Teutonicisg,
1565 2175 1645 2229 qui
1676 2175 1735 2216 ad
1767 2187 1895 2216 accu-

399 2237 593 2277 sandum
627 2250 730 2277 eum
763 2235 950 2275 stimulo
982 2234 1183 2274 invidiae
1215 2234 1361 2287 magis
1388 2248 1524 2287 quam
1556 2234 1652 2275 zelo
1683 2233 1894 2274 iusticiae

400 2295 686 2344 exarsissent,
720 2296 892 2335 temere
925 2293 1038 2334 fides
1069 2292 1332 2333 haberetur.
1387 2291 1594 2342 Quorum
1625 2305 1745 2346 papa
1775 2291 1895 2345 lega-

398 2354 526 2395 tione
574 2353 734 2394 audita
781 2352 847 2393 ait
893 2352 1198 2405 incongruum
1238 2350 1372 2391 valde
1420 2363 1516 2391 esse
1564 2351 1610 2391 et
1657 2349 1714 2390 ab
1756 2349 1943 2392 eccle-35

400 2412 596 2453 siasticis
628 2411 808 2465 legibus
841 2410 1026 2451 omnino
1059 2409 1279 2458 alienum,
1322 2410 1376 2448 ut
1417 2408 1685 2450 absentibus
1717 2421 1895 2449 accusa-

401 2471 579 2512 toribus
602 2484 740 2511 causa
765 2469 969 2510 accusati
989 2462 1338 2517 ventilareturh3
1372 2467 1484 2520 quin
1514 2467 1667 2517 immo,
1701 2466 1740 2507 si
1770 2467 1896 2507 inno-

403 2529 581 2570 centiae
614 2542 722 2570 suae
755 2528 1023 2577 confideret,
1059 2526 1183 2567 omni
1213 2525 1392 2566 timoris
1425 2525 1641 2579 scrupulo
1672 2525 1896 2566 liberatus

403 2642 432 2675 a)
451 2643 500 2668 vel
519 2643 581 2669 Al.
649 2642 681 2675 b)
700 2641 928 2667 communicatos
946 2641 973 2665 B
984 2642 1008 2668 1.
1019 2641 1043 2667 2.
1117 2638 1144 2672 c)
1163 2641 1254 2670 atque
1272 2639 1381 2664 iterum
1399 2638 1479 2666 ΒΗ).
1534 2637 1566 2670 d)
1585 2646 1657 2672 rege
1676 2639 1738 2667 Al,
1793 2639 1821 2670 e)
1839 2637 1899 2664 sibi

403 2678 465 2705 Bl.
474 2678 499 2705 2.
573 2678 597 2709 f)
615 2677 764 2704 accomod.
782 2677 844 2704 Al.
915 2677 945 2708 g)
965 2676 1110 2703 Theuton.
1128 2674 1190 2701 B2.
1262 2673 1294 2707 h)
1313 2674 1510 2699 uentilaretm·
1527 2674 1589 2702 Al.
1908 2677 1946 2703 40

406 2771 441 2810 1,)
467 2771 662 2805 Estensem;
743 2771 779 2814 2)
805 2769 1002 2812 Huqcmem,
1029 2770 1094 2811 qui
1116 2767 1327 2800 Heinricum
1351 2778 1466 2809 reyem
1490 2768 1532 2800 de
1556 2777 1659 2801 sacro
1683 2767 1781 2808 fonte
1807 2767 1898 2800 leva-

456 2822 513 2850 ἀι.
565 2818 621 2858 Cf.
647 2817 831 2851 Ber-thola.
857 2816 970 2858 (Anu.
996 2816 1032 2850 S.
1059 2815 1196 2854 Blasii)
1215 2824 1254 2856 p.
1278 2815 1369 2854 289:
1398 2814 1535 2847 Donizo
1559 2814 1613 2857 H,
1634 2815 1666 2857 1,
1692 2825 1722 2849 v.
1748 2814 1796 2849 80
1811 2823 1898 2856 sqq.,

496 2864 581 2906 YH,
600 2875 640 2906 p.
658 2865 751 2903 381‚-
775 2863 926 2904 Arnulf.
952 2862 1094 2897 Mediol.
1126 2862 1165 2902 V,
1182 2862 1216 2904 8,
1243 2861 1307 2895 SS.
1328 2861 1431 2904 VIII,
1450 2871 1490 2903 p.
1509 2863 1566 2896 30.
