1942 3198
258 217 434 254 XXVIII
788 222 1082 260 PRAEFATIO
1110 224 1149 260 C.
1167 225 1219 262 H.

257 340 378 381 modo
409 339 477 382 liis
507 341 695 393 fontibus
725 358 826 386 usus
862 344 941 386 sit:
985 346 1100 399 Quae
1131 346 1296 400 Reyino
1328 349 1377 390 de
1408 349 1544 393 altera
1573 350 1752 395 victoria

259 398 419 440 Karoli
439 400 636 444 Martelli
660 402 836 456 dixerat,
870 403 941 446 ille
972 404 1102 446 nimis
1133 409 1280 448 temere
1312 406 1360 449 in
1390 407 1531 452 maius
1561 410 1710 454 extulit
1720 411 1748 454 ¹.

263 458 370 499 Tum
417 473 513 500 uero
564 461 677 514 leqas
726 466 879 504 attento
929 462 1072 505 animo
1113 464 1446 509 additamentum
1486 467 1638 522 capitis
1680 473 1748 513 14.

257 515 512 559 Einhardus
544 533 575 560 c.
601 524 639 560 3.
665 521 820 573 paucis
850 522 986 564 verbis
1018 527 1135 565 caute
1166 538 1216 566 ac
1247 527 1475 569 verecunde
1495 527 1750 573 simultatem

254 574 368 616 inter
399 577 747 621 Karlomannum
778 584 816 621 et
846 581 1060 622 Karolum
1090 582 1250 634 fratres
1287 588 1423 626 ortam
1463 599 1549 629 esse
1584 587 1779 642 εἱρκτῇ-ο

256 639 434 676 caverat.
483 637 578 679 Hoc
610 638 695 680 loco
728 639 825 681 lecto
847 640 1100 693 Lanipertus
1131 641 1301 695 lonqam
1332 644 1624 688 narrationem
1645 660 1748 690 com-

254 697 416 735 mentus
447 699 516 746 est,
560 709 643 748 qua
675 698 842 739 Karolo
874 698 1036 752 optimo,
1072 700 1168 753 leni,
1204 701 1394 757 beniyno,
1427 707 1597 748 strenuo
1629 719 1747 761 oppo-

252 750 338 792 suit
378 753 725 797 Karloniannmn
763 756 961 810 ferocem,
1004 758 1286 814 ambitiosum,
1329 761 1629 819 inconsultum,
1670 765 1747 809 hoc

253 810 385 851 solum
407 817 672 867 appetentem,
705 819 751 856 ut
770 816 948 867 fratrem
961 818 1240 869 potentiorem
1260 833 1389 874 reyno
1410 821 1569 866 eiceret.
1626 823 1745 868 Utro-

252 882 329 920 que
361 870 444 912 loco
477 872 623 914 collato
655 873 742 915 iam
764 875 1007 929 perspicies,
1042 890 1169 930 quam
1199 892 1331 921 verax
1359 894 1503 923 rerum
1530 886 1745 936 qestarum
1757 902 1792 929 ιο

251 927 429 981 scriptor
449 930 702 984 Lanipertus
722 933 865 986 fuerit,
900 934 972 987 qui
993 935 1068 978 hoc
1089 938 1208 979 modo
1230 937 1421 990 fontibus
1440 940 1531 983 suis
1550 955 1654 984 usus
1672 942 1742 986 sit.

391 988 585 1042 Denique
617 990 703 1032 iam
735 993 957 1046 resumptis
987 994 1150 1037 uiribus
1180 996 1308 1039 etiam
1333 1003 1514 1052 quatuor
1533 999 1744 1045 miracula

250 1044 412 1099 adiecit,
447 1061 552 1100 quae
583 1063 625 1091 se
657 1055 933 1094 narraturum
967 1067 1053 1096 esse
1085 1069 1118 1097 c.
1138 1058 1207 1096 21.
1231 1057 1450 1110 pollicitus
1469 1062 1573 1101 erat.
1620 1060 1744 1104 Haec

249 1103 391 1145 onznia
430 1106 533 1158 quin
573 1107 660 1161 ipse
700 1110 975 1165 adinvenerit,
1019 1127 1138 1155 nemo
1169 1115 1386 1158 dubitabit.
1449 1117 1599 1160 Primo
1629 1119 1743 1162 enim

248 1164 445 1205 narrarit
472 1165 739 1210 Gerhelniuni
760 1171 1010 1213 monachum
1027 1173 1372 1225 Hersfeldensem
1392 1175 1440 1218 in
1461 1177 1742 1222 translatione
1755 1197 1788 1224 ιε

250 1221 293 1262 S.
312 1222 431 1264 Lulli
461 1238 563 1266 saxo
594 1227 858 1270 vulneratum
890 1230 1051 1272 meritis
1084 1232 1128 1274 S.
1152 1233 1272 1275 Lulli
1301 1234 1583 1287 efficientibus
1612 1236 1740 1280 mira-

248 1280 381 1322 culose
413 1287 611 1325 sanatum
642 1300 740 1328 esse.
794 1288 853 1329 At
875 1289 1020 1342 primo
1053 1291 1187 1345 capite
1207 1292 1525 1337 Miraculorum
1553 1295 1598 1338 S.
1625 1296 1740 1351 Wiy-

248 1339 351 1380 berti
388 1341 634 1386 Gerhelmus
664 1348 894 1389 monachus
915 1349 1235 1401 Hersfeldensis
1265 1352 1428 1395 meritis
1460 1353 1504 1396 S.
1532 1354 1740 1409 Wiyberti

246 1398 524 1449 efficientibus
573 1417 623 1444 ex
671 1405 794 1457 aquis
834 1407 1002 1450 Fuldae
1050 1409 1178 1460 fluvii
1227 1415 1390 1465 ereptus
1435 1426 1522 1456 esse
1568 1413 1736 1458 dicitur.

248 1457 364 1498 Num
405 1461 544 1502 credes
584 1463 687 1504 duos
725 1464 968 1508 Gerhelmos
1007 1469 1232 1511 monachos
1262 1470 1598 1526 Hersfeldenses,
1640 1473 1737 1517 alte·
1750 1495 1786 1521 ιο

244 1529 340 1556 runi
380 1519 513 1560 medio
553 1535 659 1564 saec.
687 1523 776 1576 IX,
820 1525 998 1568 alterum
1037 1541 1143 1570 saec.
1170 1529 1228 1582 X,
1261 1529 1512 1574 miraculose
1550 1537 1738 1576 servatos

244 1575 364 1616 esse?
435 1578 533 1620 Non
575 1580 714 1631 facile.
785 1584 1038 1638 Lampertus
1075 1587 1290 1630 Gerhelmi
1326 1603 1477 1632 nomen
1513 1604 1565 1633 ex
1594 1590 1736 1634 Mira-

244 1633 348 1674 culis
396 1636 439 1677 S.
482 1637 687 1691 Wiybertz'
733 1641 963 1695 improvide
1009 1646 1248 1700 assumpsit.
1332 1648 1547 1692 Postremo
1593 1650 1738 1693 retulit

242 1691 443 1735 Bisonein
474 1699 722 1741 monachum
754 1701 1010 1746 Fuldensem
1043 1705 1088 1747 S.
1111 1706 1286 1748 Lullum
1317 1707 1657 1764 blasphematum,-
1689 1713 1737 1752 ut

242 1751 351 1792 tanti
381 1754 547 1797 sceleris
569 1771 733 1810 poenas
763 1761 947 1815 solueret,
981 1762 1029 1805 in
1060 1764 1229 1807 Fuldae
1259 1765 1388 1817 fluvii
1418 1766 1543 1820 aquis
1563 1768 1782 1822 pericli-2⁶

240 1812 382 1863 tatum,
416 1816 502 1854 tum
523 1817 731 1870 recoynito
749 1825 931 1874 peccate,
965 1827 1109 1865 sancto
1131 1824 1258 1867 Lullo
1278 1825 1522 1879 sumiliciter
1541 1826 1734 1871 invocato

239 1874 448 1911 servatum
488 1887 584 1927 esse,
623 1876 812 1920 videlicet
840 1884 887 1921 ut
916 1895 1028 1923 unus
1059 1881 1247 1935 ipsorum
1277 1884 1560 1927 Fuldensium
1589 1899 1732 1930 mona-

240 1926 420 1981 chorum,
453 1931 579 1973 etiam
610 1934 829 1989 Laniperti
859 1942 1038 1992 tempore
1069 1942 1190 1984 Lulli
1219 1943 1465 1985 memoriam
1497 1945 1732 2000 petulanti

240 1985 398 2039 lingua
429 1989 754 2036 insectantium
790 1994 843 2046 (c.
879 2002 931 2039 21
928 1999 970 2052 ),
1018 2000 1283 2044 sanctitatem
1319 2002 1410 2044 eius
1446 2003 1730 2058 recoynovisse

239 2056 288 2084 ac
319 2044 405 2085 vita
436 2061 514 2088 sua
545 2056 711 2093 seri-ata
735 2056 938 2106 probasse
959 2057 1165 2100 videatur.
1213 2061 1310 2103 Hoc
1339 2075 1444 2104 sane
1474 2062 1592 2105 haud
1619 2063 1778 2106 maleno

238 2103 523 2155 excoyitatum.
602 2110 687 2152 Sed
724 2113 977 2167 Lampertus
1008 2118 1265 2170 prudentius
1303 2120 1514 2174 ementiri,
1563 2121 1732 2175 aliquid

237 2160 335 2201 novi
373 2163 637 2221 adinvenire,
691 2184 776 2212 non
816 2176 901 2214 tam
941 2174 1109 2218 incaute
1149 2177 1402 2220 miraculum
1441 2179 1638 2222 monachi
1676 2194 1728 2223 ex

237 2219 358 2270 aquis
388 2221 556 2266 Fuldae
594 2227 720 2276 fluvii
761 2232 889 2284 erepti
929 2248 979 2275 ex
1019 2237 1158 2277 eodem
1188 2236 1333 2290 primo
1371 2237 1553 2291 capitulo
1585 2238 1726 2282 Mira-

237 2277 423 2320 culorum
456 2281 500 2322 S.
532 2283 736 2337 Wi'yberti
766 2292 955 2333 mutuari
986 2294 1201 2348 debuisset,
1244 2309 1295 2338 ex
1325 2309 1404 2349 quo
1436 2310 1586 2340 nomen
1624 2297 1725 2340 Ger-

235 2334 361 2377 lielini
391 2341 511 2380 modo
543 2346 779 2398 assumpsit.
1737 2373 1773 2400 ³⁵

376 2396 450 2460 En
490 2398 615 2442 habes
653 2403 803 2459 virum,
846 2409 919 2460 qui
959 2424 1011 2452 ne
1052 2411 1300 2465 cogitatione
1339 2413 1504 2466 quidem
1535 2427 1724 2468 unquam

225 2458 422 2517 percepit,
457 2457 560 2508 quid
588 2459 644 2500 sit
672 2476 765 2505 vere
796 2479 863 2507 res
891 2472 1030 2520 qestas
1055 2470 1248 2514 scribere.
1298 2473 1401 2515 Non
1422 2472 1570 2526 iynoro
1590 2473 1723 2516 multa

233 2510 533 2575 hayioyrapliis
571 2517 830 2573 indulyenda
861 2539 963 2579 esse,
1007 2542 1093 2570 non
1132 2530 1270 2572 nescio
1302 2532 1452 2574 multos
1482 2536 1723 2575 sanctorum

243 2569 361 2611 Vitas
393 2574 696 2631 conscripsisse,
737 2594 913 2632 quorum
951 2585 1062 2627 nihil
1083 2592 1258 2640 praeter
1289 2604 1441 2633 nomen
1472 2595 1722 2645 compertum

232 2627 450 2692 habebant.
515 2633 599 2675 Sed
628 2636 673 2676 hi
703 2639 948 2694 plerumque
988 2644 1222 2698 simplicius
1252 2647 1345 2701 piis
1377 2649 1599 2692 cantilenis
1630 2663 1770 2695 con-40

231 2690 358 2727 suetis
389 2690 620 2733 decantatis
648 2695 829 2747 yloriam
859 2706 1100 2745 sanctorum
1130 2718 1302 2747 suorum
1329 2707 1535 2750 celebrare
1567 2708 1718 2762 conati,

230 2757 316 2785 non
356 2749 475 2788 tanta
516 2750 743 2796 calliditate
782 2770 832 2799 ac
871 2761 1056 2802 uersutia
1096 2763 1181 2815 usi,
1233 2778 1320 2806 non
1369 2769 1490 2808 tanta
1536 2766 1720 2810 audacia

232 2846 265 2889 1)
294 2847 348 2888 Cf.
376 2850 479 2890 infra
498 2862 537 2894 p.
556 2855 635 2896 310,
663 2867 698 2891 n.
716 2859 748 2891 4.
