1968 3164
213 379 315 414 1071.

103 424 129 453 2.
141 425 205 453 cor.
219 428 262 458 11,
275 427 317 454 14.

101 1109 137 1140 cf.
154 1109 215 1134 Iac.
230 1109 256 1141 3,
269 1109 312 1134 1-1.

99 1464 165 1490 1011.
178 1464 221 1497 10,
232 1465 311 1490 1.12.

153 2346 238 2376 (Any.
253 2345 310 2378 30).

333 261 401 295 128
700 259 968 295 LAMPERTI
992 260 1245 297 ANNALES.
1294 261 1342 297 A.
1370 264 1474 299 1071.

330 381 369 422 is
417 381 608 436 angelus
653 381 886 424 Satanaea
931 383 1286 438 transfiguratus
1336 384 1385 425 in
1435 385 1651 439 angelum
1701 386 1828 436 lucis,

330 440 398 481 ita
429 442 635 482 sanctam
669 443 716 482 et
748 441 1004 495 angelicam
1035 443 1365 484 monachorum
1397 444 1727 498 professionem
1766 445 1830 487 in·

330 500 536 549 famavit,
571 501 788 554 corrupit,
812 501 1011 551 viciavit,
1046 503 1099 542 ut
1120 503 1335 544 monachi
1356 504 1525 545 nostris
1545 505 1831 559 temporibus

331 561 469 613 atque
509 559 558 600 in
599 560 671 600 his
701 560 966 614 regionibus
1007 574 1100 602 non
1131 561 1398 603 innocentia
1428 559 1730 605 estimenturb
1767 566 1830 606 at-

330 632 417 672 que
449 618 718 673 integritate
749 619 885 669 vitae,
925 621 1004 661 sed
1036 621 1297 674 quantitate
1330 622 1565 675 pecuniae,
1607 637 1692 665 nec
1727 636 1861 678 que-5

327 679 458 718 ratur
488 678 537 718 in
569 678 815 719 abbatibus
852 679 1089 733 eligendis,
1132 680 1233 733 quis
1265 680 1475 734 digniuse
1514 695 1707 736 preesse,
1751 683 1831 725 sed

329 737 430 790 quis
472 737 620 778 carius
662 737 897 779 abbatiam
929 738 1074 792 possit
1106 752 1268 781 emere.
1334 739 1410 781 Ita
1441 741 1627 795 proprio
1659 738 1826 783 huiusd

328 796 528 846 invento,
570 810 688 838 novo
731 798 868 850 atque
915 797 1120 839 infausto
1167 795 1334 839 huius‘l
1376 800 1573 854 aucupio
1620 801 1734 843 haec
1781 801 1829 842 in

329 855 597 897 aecclesiam
619 856 886 897 introducta
908 858 978 898 est
1001 858 1298 906 consuetudo,
1332 859 1386 898 ut
1408 858 1623 901 abbatiae
1645 859 1828 914 publice

327 914 513 956 venales
560 915 900 969 prostituantur
948 915 997 955 in
1044 916 1235 970 palacio,
1290 930 1374 958 nec
1421 917 1661 972 quisquam
1706 919 1830 961 tanti
1844 934 1878 959 ιο

327 973 512 1015 venales
553 987 806 1028 proponere
848 976 1004 1028 queat,
1051 975 1162 1028 quin
1209 976 1419 1030 protinus
1467 979 1719 1032 emptorem
1764 978 1829 1020 in-

327 1033 501 1083 veniat,
545 1033 781 1074 monachis
821 1033 944 1076 inter
985 1047 1031 1075 se
1073 1048 1165 1075 non
1207 1035 1263 1076 de
1305 1035 1597 1078 observantia
1641 1037 1828 1092 regulae

328 1091 423 1133 zelo
457 1092 590 1142 bono,
634 1093 712 1134 sed
745 1092 801 1134 de
834 1093 1072 1147 questibus
1114 1096 1160 1135 et
1196 1094 1348 1135 usuris
1379 1095 1502 1137 zeloe
1541 1109 1696 1138 amaro
1729 1110 1829 1138 con-

326 1151 640 1193 tendentibus.
714 1151 805 1193 Sed
851 1153 965 1194 haec
1012 1155 1066 1194 ut
1114 1153 1251 1207 digne
1299 1154 1456 1196 defleri
1502 1155 1697 1209 possint,
1746 1169 1828 1210 pro

327 1211 648 1264 magnitudine
681 1225 764 1252 sua
796 1213 843 1253 et
864 1212 1047 1266 proprio
1068 1212 1302 1254 volumine
1335 1215 1382 1255 et
1413 1210 1688 1268 prolixioref
1713 1228 1828 1270 opus
1843 1229 1878 1255 15

326 1269 501 1311 habent
533 1270 756 1323 tragedia.
809 1270 883 1311 Ad
917 1273 1102 1325 ceptum
1137 1272 1295 1325 pocius
1330 1275 1629 1314 revertamur.
1681 1274 1828 1316 Advo-

327 1331 456 1370 catus
478 1329 725 1382 Augiensis
754 1330 1021 1371 monasterii
1036 1330 1062 1380 1,
1093 1332 1335 1384 postquam
1365 1332 1682 1386 pecuniarium
1704 1333 1827 1375 hunc

326 1388 542 1429 abbatem
574 1388 788 1430 advenire
812 1389 1035 1442 comperit
1067 1391 1126 1439 et,
1161 1391 1335 1443 quanta
1366 1390 1616 1444 largicione
1649 1391 1827 1433 aditum

327 1447 413 1488 sibi
454 1448 503 1488 in
545 1447 663 1488 ovile
703 1446 876 1488 Christi
917 1447 1054 1502 lupus
1093 1462 1235 1503 rapax
1276 1450 1590 1503 patefecisset,
1634 1451 1824 1502 audivit,

327 1506 465 1547 missa
487 1506 667 1548 obviam
694 1506 926 1560 legatione
949 1507 1247 1549 denunciavit
1279 1508 1320 1550 ei
1343 1509 1426 1550 sub
1449 1509 1876 1552 interminationem

327 1565 489 1606 salutis
527 1565 750 1620 propriae,
791 1579 850 1607 ne
891 1566 1015 1607 intra
1055 1567 1361 1620 possessiones
1393 1567 1639 1622 Augiensis
1676 1582 1827 1611 mona-

326 1625 453 1666 sterii
479 1627 763 1678 presumeret
789 1625 1018 1676 accedere,
1053 1625 1258 1680 alioquin
1280 1640 1576 1668 occursurum
1609 1641 1655 1669 se
1688 1629 1735 1670 et
1760 1641 1826 1669 ar-

326 1686 452 1725 mata
492 1698 631 1724 manu
661 1684 1005 1725 vindicaturum
1046 1685 1093 1725 in
1135 1685 1412 1736 libertatem,
1456 1700 1568 1740 quos
1599 1686 1697 1741 ipse
1728 1689 1826 1728 tam

326 1757 431 1784 caro
463 1743 760 1785 mercimonio
793 1743 978 1785 emisset
1009 1744 1058 1784 in
1091 1744 1374 1786 servitutem.
1428 1745 1515 1786 His
1547 1745 1628 1788 ille
1655 1746 1825 1788 auditis

324 1802 518 1842 nimium
560 1803 712 1843 animo
760 1804 1081 1844 consternatus
1123 1805 1210 1854 est,
1258 1806 1359 1845 tum
1406 1807 1595 1859 propter
1640 1801 1826 1860 gratem
1838 1820 1875 1846 25

324 1861 551 1902 iacturam
583 1861 883 1915 pecuniarum
915 1875 1112 1913 suarum,
1146 1865 1248 1904 tum
1280 1866 1470 1918 propter
1495 1866 1705 1919 ereptum
1737 1864 1825 1906 sibi

323 1922 559 1974 tamquam
587 1921 643 1962 de
675 1920 900 1971 faucibus,
935 1922 1009 1962 cui
1042 1922 1122 1962 diu
1155 1923 1287 1964 anxie
1319 1923 1555 1973 inhiasset,
1590 1923 1822 1965 honorem.

324 1979 385 2019 Et
417 1979 563 2034 primo
597 1980 781 2033 quidem
814 1980 1018 2020 animum
1049 1981 1295 2023 induxerat
1330 1995 1427 2024 rem
1459 1982 1597 2023 armis
1629 1982 1825 2037 experiri

325 2040 383 2087 et,
427 2040 481 2078 ut
513 2038 604 2079 dici
637 2038 766 2088 solet,
809 2038 963 2092 ignem
1004 2039 1160 2093 gladio
1193 2041 1391 2083 scrutari
1404 2042 1431 2091 2,
1474 2042 1562 2083 hoc
1594 2043 1664 2083 est
1694 2041 1824 2083 simo-

324 2097 535 2137 niacam&
569 2097 768 2138 heresim
799 2098 1059 2138 homicidiis
1092 2099 1349 2151 cumulare;
1392 2101 1472 2142 sed
1513 2100 1874 2142 asserentibusao

324 2155 396 2196 his
437 2155 517 2209 qui
557 2169 661 2196 cum
703 2169 755 2197 eo
797 2158 930 2197 erant
971 2170 1108 2210 supra
1138 2158 1257 2199 vires
1296 2172 1400 2200 suas
1437 2172 1535 2201 esse
1565 2159 1820 2213 negocium,

325 2215 530 2264 confuso,
572 2216 626 2254 ut
668 2214 858 2267 dignum
900 2216 1011 2264 erat,
1055 2217 1102 2256 et
1143 2217 1355 2258 confecto
1397 2218 1550 2259 animo
1590 2213 1734 2259 abiith
1774 2217 1823 2259 in

324 2273 630 2327 possessiones
676 2273 835 2313 fratris
883 2273 971 2322 sui,
1015 2274 1351 2327 prestolaturus
1391 2276 1475 2325 ibi,
1518 2289 1631 2329 quos
1673 2276 1822 2318 exitus

323 2327 443 2373 tami
484 2332 696 2373 tristibus
726 2331 877 2373 iniciis
908 2328 1033 2372 forsk
1074 2335 1193 2374 esset
1231 2333 1432 2375 allatura
1445 2334 1473 2374 3.
1535 2334 1656 2375 Nam
1688 2334 1821 2376 abba-

324 2391 438 2432 tiam
490 2391 920 2444 Babenbergensem
971 2390 1150 2433 interea
1211 2394 1474 2447 susceperat
1525 2389 1812 2435 Ekebertus¹
1835 2410 1871 2437 35

326 2448 617 2492 Gorziensism
650 2449 920 2504 disciplinae
951 2451 1202 2491 monachus
1216 2450 1245 2490 4.
1297 2451 1373 2492 Ad
1405 2452 1535 2493 cuius
1566 2452 1822 2506 ingressum

325 2523 482 2551 omnes
523 2509 734 2564 protinus
774 2508 954 2558 fratres,
997 2522 1109 2562 quos
1149 2510 1273 2564 prior
1303 2510 1383 2552 ille
1415 2511 1557 2552 abbas
1589 2511 1694 2561 suis,
1734 2511 1820 2553 hoc

325 2569 394 2609 est
435 2568 732 2610 mercatoriae
774 2569 912 2621 atque
952 2568 1185 2610 usurariae
1227 2570 1356 2620 artis,
1401 2569 1656 2624 disciplinis
1696 2570 1821 2611 insti-

324 2681 354 2715 a)
373 2683 498 2708 sathane
516 2683 610 2710 B1.2.
680 2681 711 2715 b)
730 2682 905 2707 estimantur
923 2682 984 2709 Bl.
1050 2681 1077 2714 c)
1096 2682 1202 2714 dignus
1222 2683 1247 2708 A
1259 2684 1299 2711 1⁸,
1318 2684 1379 2711 132.
1451 2683 1480 2716 d)
1500 2684 1611 2710 huiusdi
1632 2683 1820 2718 (huiusmodi)

323 2718 385 2746 132.
442 2717 469 2750 e)
489 2719 565 2743 scelo
585 2719 611 2743 A
622 2719 648 2745 1.
696 2717 719 2750 f)
737 2718 885 2749 prolixore
904 2716 982 2745 Bit».
1038 2719 1067 2749 g)
1086 2725 1197 2750 symon.
1216 2719 1283 2744 Bl²
1300 2719 1515 2753 (symonicam).
1535 2721 1560 2747 2.
1628 2719 1660 2752 h)
1672 2720 1732 2745 abii
1745 2719 1819 2747 31⁸.
1831 2723 1870 2748 40

324 2752 345 2786 i)
364 2754 423 2778 iam
441 2754 500 2780 ΒΞ.
574 2753 605 2787 k)
624 2761 687 2779 sors
706 2754 782 2781 131².
792 2753 816 2780 2.
831 2753 863 2780 Ρ,
875 2753 942 2779 Var.
1016 2751 1037 2785 l)
1056 2752 1219 2779 Ecebertus
1238 2755 1296 2781 Al.
1381 2756 1420 2786 m)
1440 2755 1608 2781 Gorsiensis
1628 2754 1708 2782 Blb.

325 2836 360 2880 1)
386 2836 503 2878 Hezil,
529 2840 567 2869 ut
591 2836 741 2871 videtur.
780 2835 837 2877 Cf.
854 2835 1003 2878 Dic'mgae,
1030 2835 1116 2878 Rey.
1133 2836 1316 2870 Badensia
1335 2848 1374 2880 p.
1396 2839 1474 2881 112,
1501 2849 1559 2874 nr.
1579 2839 1634 2874 60.
1708 2837 1744 2880 2)
1761 2837 1816 2878 Cf.

322 2893 438 2925 supra
456 2894 496 2926 p.
514 2884 572 2925 85,
598 2894 633 2918 n.
652 2885 685 2918 2.
791 2884 828 2926 3)
854 2882 951 2915 Eum
976 2883 1204 2925 aliquamdiu
1229 2884 1408 2918 abbatiam
1432 2886 1646 2927 Auyiensem
1669 2885 1819 2918 temn’aee

316 2933 418 2973 patet
442 2941 486 2963 ex
510 2931 607 2965 Ann.
631 2930 756 2964 Altah.
778 2941 815 2973 p.
833 2931 903 2970 84,·
939 2929 1109 2971 Gregorii
1126 2929 1206 2966 VII.
1232 2931 1316 2974 Rey.
1343 2932 1374 2974 I,
1399 2933 1446 2967 82
1472 2931 1592 2975 (Jaffe'
1611 2942 1670 2967 nr.
1692 2932 1817 2972 4870).

321 2976 358 3020 4)
388 2977 444 3018 Cf.
471 2978 567 3012 Ann.
594 2977 630 3012 S.
654 2977 763 3013 Mich.
789 2976 890 3019 Bab„
924 2975 988 3011 SS.
1011 2976 1051 3018 V,
1080 2987 1120 3020 p.
1145 2979 1176 3013 9.
1829 2986 1868 3012 45
