1968 3164
295 289 364 323 194
661 281 930 318 LAMPERTI
954 281 1207 318 ANNALES.
1258 281 1304 317 A.
1334 283 1436 318 1074.

178 408 477 460 1¹·›74-liamm.
539 406 636 448 Nec
679 409 836 448 tamen
877 419 981 447 cum
1022 418 1128 459 rege
1171 417 1425 446 sermonem
1458 401 1795 444 communicare

94 456 157 488 (ΑΡ
160 462 184 482 r.
197 455 283 487 ΠΜ)
298 468 451 522 sepius
501 466 653 520 rogati
704 466 1052 514 consenserunt,
1097 464 1241 506 donec
1289 463 1542 504 secundum
1589 460 1796 503 ecclesia-

296 528 434 569 sticas
476 526 601 580 leges
643 524 949 580 penitentiam
987 524 1220 578 professus
1262 536 1343 577 per
1383 521 1606 563 iudicium
1638 534 1796 562 eorum

296 587 592 628 anathemate
625 584 941 626 absolveretur
954 583 978 633 ¹,
1013 596 1094 638 pro
1128 596 1180 623 eo
1213 582 1336 635 quod
1368 583 1557 636 propter
1583 580 1796 622 venditas

300 644 633 688 ecclesiasticas
657 644 908 698 dignitates
931 642 1245 697 symoniacaea
1269 642 1480 682 hereseos
1501 638 1827 680 insimulatum

296 705 462 746 fuisset
495 704 619 758 apud
645 703 798 745 sedem
833 701 1146 757 apostolicam.
1194 701 1360 754 Itaque
1386 699 1621 754 petierunt
1646 697 1797 740 verbis

296 763 493 806 Romani
534 762 783 817 pontificis,
833 763 886 802 ut
931 755 1170 802 sinodumb
1216 762 1375 801 tenere
1421 759 1571 799 intra‘3
1620 757 1796 811 Gal-Has

297 838 409 878 pace
443 823 761 877 episcoporum
793 821 1067 862 sinerentur.
1129 819 1442 860 Vehementer
1477 813 1594 859 hocd
1631 817 1796 858 abnue-

296 885 407 924 runt
449 895 605 923 omnes
647 880 850 935 episcopi
896 882 1132 933 tamquam
1179 877 1454 919 inusitatum
1501 876 1730 931 longeque
1770 890 1798 917 a

298 942 391 983 suis
433 940 694 982 racionibus
736 940 951 989 alienum,
995 952 1078 980 nec
1121 951 1167 979 se
1199 937 1338 978 huius
1370 935 1662 978 auctoritatis
1693 931 1847 990 *pri-10

298 1000 518 1055 vilegium
566 999 652 1040 ulli
699 999 804 1040 0111Θ
860 1000 1153 1053 preterquam
1200 996 1288 1051 ipsi
1334 996 1542 1037 Romano
1589 994 1799 1050 pontifici
1813 987 1934 1020 ‘2²¹⁶’

298 1074 502 1114 unquam
555 1059 790 1100 delaturos
838 1057 1135 1098 affirmabant
1150 1057 1178 1096 ²2.
1251 1055 1487 1109 Siquidem
1533 1054 1798 1096 intenderat

298 1120 533 1160 Romanus
575 1117 798 1172 pontifex,
841 1119 895 1157 ut
927 1130 1084 1158 omnes
1117 1115 1353 1170 episcopos
1395 1115 1442 1156 et
1474 1114 1677 1164 abbates,
1719 1112 1799 1167 qui

300 1192 451 1220 sacros
484 1178 653 1232 gradus
686 1177 839 1232 precio
871 1176 1185 1225 redemissent,
1220 1174 1502 1215 discussione
1533 1173 1696 1214 habita
1727 1172 1799 1214 de-

300 1240 505 1292 poneret.
579 1237 770 1290 Iamque
812 1230 927 1277 hacf
965 1235 1021 1276 de
1064 1248 1199 1276 causa
1237 1233 1669 1287 Babenbergensem
1710 1231 1799 1286 epi·
1814 1247 1847 1272 15

301 1311 489 1352 scopum
531 1301 578 1338 et
619 1295 733 1336 alios
774 1294 1022 1336 nonnullos
1064 1294 1120 1335 ab
1163 1293 1288 1334 omni
1329 1292 1484 1334 divino
1521 1291 1676 1333 officio
1708 1304 1799 1332 sus-

300 1357 524 1411 penderat
538 1354 565 1405 3,
610 1355 755 1396 donec
789 1368 941 1395 coram
972 1353 1209 1395 venientes
1249 1352 1457 1392 inustum
1499 1351 1586 1392 sibi
1627 1350 1800 1392 crimen

301 1416 512 1457 hereseos
546 1414 687 1467 digna
719 1413 1036 1454 satisfactione
1077 1413 1350 1466 purgarent·
1406 1410 1466 1451 Et
1503 1424 1582 1452 rex
1613 1409 1799 1464 quidem

302 1474 468 1528 cupide
501 1474 618 1514 hocss'
643 1472 828 1514 volebat
861 1472 966 1513 odio
989 1470 1347 1512 Wormaciensis
1379 1469 1582 1524 episcopi
1614 1470 1661 1511 et
1694 1482 1798 1523 quo-

301 1534 497 1574 rundam
539 1532 752 1582 aliorum,
796 1531 875 1585 qui
918 1545 1023 1572 eum
1064 1530 1187 1572 bello
1229 1529 1453 1570 Saxonico
1494 1528 1849 1579 offenderant‚2o

302 1606 414 1646 quos
447 1593 533 1633 hac
567 1591 798 1632 calumnia
829 1590 1128 1632 involvendos
1170 1591 1217 1631 et
1250 1588 1491 1644 dignitatis
1523 1601 1632 1629 suae
1665 1587 1800 1629 detri-

302 1653 459 1693 menta
491 1664 702 1705 passuros
735 1664 814 1704 spe
847 1649 1102 1691 certissima
1133 1647 1516 1703 presumpserat4.
1570 1646 1661 1689 Sed
1693 1646 1801 1701 quia

302 1766 331 1799 a)
350 1766 455 1793 simon.
473 1765 543 1790 Blb
563 1766 591 1791 h.
607 1766 627 1790 l.
647 1766 736 1793 solus.
799 1764 830 1798 b)
848 1773 914 1798 syn.
933 1765 995 1792 Al.
1062 1763 1089 1797 0)
1108 1765 1187 1790 inter
1205 1762 1286 1791 Blb.
1349 1762 1380 1796 d)
1399 1763 1452 1788 hec
1471 1762 1568 1790 Bl.2.
1632 1760 1660 1795 e)
1678 1763 1803 1794 propter

303 1803 371 1830 add.
391 1802 467 1829 Bla.
540 1800 564 1834 f)
583 1802 618 1826 de
638 1802 694 1826 hac
713 1801 791 1828 31³.
863 1799 893 1833 g)
913 1808 968 1828 om.
988 1801 1082 1828 B1‚2.

305 1897 339 1940 1)
371 1897 417 1929 In
444 1897 617 1930 invidiam
642 1897 739 1938 reyis
762 1896 978 1940 Lampertus
1010 1895 1078 1928 has
1101 1905 1158 1928 res
1182 1895 1400 1938 depravavit.
1450 1894 1528 1927 Rex
1552 1897 1635 1926 tune
1657 1892 1803 1926 minime
1814 1901 1850 1926 25

302 1945 528 1978 anathemate
562 1946 772 1978 constrictus
805 1947 892 1978 erat.
945 1943 1001 1984 Cf.
1028 1942 1166 1984 Ranlce,
1203 1941 1355 1975 ‘Werlce’
1380 1941 1446 1984 LI,
1477 1951 1516 1983 p.
1546 1942 1625 1976 138.
1674 1939 1804 1982 Leyati

303 1993 457 2034 episcopi
480 1991 782 2034 Babenberycnsis
814 1991 1088 2024 communionem
1117 1991 1327 2031 vitaverunt,
1361 1993 1402 2022 ut
1429 1992 1582 2022 testatur
1604 1987 1802 2020 Marianus

304 2039 453 2081 Scottus,
482 2039 546 2073 SS.
567 2039 606 2081 V,
629 2049 669 2081 p.
688 2040 768 2074 561.
804 2038 918 2080 XIII,
940 2049 980 2081 p.
999 2039 1044 2073 78
1061 2048 1110 2081 sq.
1160 2036 1315 2079 Lefarth
1333 2047 1373 2079 p.
1393 2038 1438 2071 69
1456 2047 1506 2079 sq.
1541 2035 1680 2079 quidem
1713 2038 1803 2068 recte

302 2087 441 2118 monuit
460 2086 673 2128 Greyorium
698 2090 781 2118 tunc
805 2096 919 2127 reyem
941 2084 1197 2128 quodammodo
1221 2089 1326 2118 extra
1350 2084 1625 2117 communionem
1646 2082 1802 2126 positum

304 2133 438 2166 disti-sse
462 2133 654 2175 (Greyorii
670 2133 754 2174 Req.
781 2132 812 2175 I,
832 2133 890 2172 85,
918 2133 940 2167 l.
960 2132 982 2167 l.
1003 2143 1042 2174 p.
1064 2133 1161 2174 106),
1188 2132 1248 2165 sed
1272 2131 1377 2164 aliud
1401 2135 1451 2164 est
1475 2130 1698 2164 anathemate
1720 2139 1803 2163 con-
1815 2138 1851 2164 3⁰

303 2181 466 2213 strictum
492 2190 572 2214 esse.
658 2180 696 2223 2)
719 2180 910 2212 Liemarus
934 2179 1218 2222 archiepiscopus
1233 2179 1437 2212 Bremensis
1460 2179 1626 2220 maxime,
1653 2176 1803 2210 secundo

305 2228 377 2261 loco
412 2226 697 2269 archiepiscopus
730 2227 966 2269 Moyuntinus
1003 2226 1228 2268 obstiterunt,
1262 2236 1305 2258 ne
1335 2226 1521 2258 concilium
1554 2224 1802 2258 celebraretur.

310 2275 396 2307 Vide
414 2275 583 2316 Greyorii
606 2275 704 2317 epist.
727 2274 851 2306 datam
876 2284 909 2308 a.
930 2274 1034 2313 1074,
1060 2273 1140 2306 Dec.
1161 2274 1216 2315 12,
1244 2273 1330 2314 Req.
1356 2272 1409 2314 II,
1426 2273 1484 2315 28,
1514 2273 1536 2306 l.
1562 2272 1584 2306 l.
1608 2283 1646 2314 p.
1666 2272 1734 2306 140
1750 2280 1801 2313 89.

306 2322 402 2363 Quae
425 2322 573 2365 epistola
598 2322 638 2353 in
663 2321 747 2363 Req.
769 2324 867 2364 pont.
892 2320 943 2354 ed.
961 2322 994 2354 2.
1019 2330 1077 2354 nr.
1095 2320 1199 2354 4810.
1223 2329 1413 2363 perperam
1438 2320 1478 2352 in
1502 2330 1537 2353 a.
1557 2320 1660 2354 1073.
1682 2318 1803 2361 posita

305 2373 364 2412 est,
401 2379 478 2401 cum
505 2368 766 2411 Diinzelmann,
805 2366 1081 2409 ‘Forschunqcn’
1115 2367 1199 2409 XV,
1231 2377 1269 2409 p.
1293 2367 1374 2401 523.
1408 2370 1439 2399 et
1463 2366 1588 2408 Beyer,
1622 2365 1668 2399 ib.
1694 2364 1801 2406 XXI,
1815 2373 1850 2399 35

299 2427 338 2459 p.
358 2417 438 2451 410.
464 2416 561 2449 nihil
584 2415 686 2448 aliu-d
705 2414 936 2459 probaverint
968 2425 1076 2457 quam
1097 2424 1136 2447 >se
1160 2413 1252 2447 male
1277 2413 1396 2456 legisse
1429 2423 1519 2456 quae
1550 2413 1592 2445 de
1616 2412 1675 2445 his
1698 2411 1803 2445 rebus
1837 2416 1840 2418 '

304 2464 504 2496 testimonia
529 2466 680 2497 exstant.
718 2462 774 2504 Cf.
792 2462 927 2495 Bonizo
953 2461 973 2496 l.
993 2461 1073 2503 VII,
1098 2462 1121 2495 l.
1140 2461 1162 2493 l.
1183 2471 1222 2504 p.
1242 2462 1310 2496 602
1320 2472 1334 2500 ,·
1358 2461 1523 2493 Liemari
1537 2460 1648 2502 epist„
1665 2458 1802 2492 Suden-

305 2511 401 2553 dorf,
429 2511 513 2553 Rey.
540 2510 571 2551 Ι,
591 2521 630 2552 p.
649 2511 671 2544 8
689 2520 751 2553 sq„
778 2520 836 2544 nr.
855 2512 887 2545 5.
985 2509 1022 2552 3)
1046 2509 1205 2542 Minime.
1255 2507 1406 2540 Demum
1440 2508 1479 2540 in
1512 2506 1646 2549 synodo
1670 2506 1803 2540 Romae

305 2569 338 2593 a.
369 2559 476 2600 1075,
513 2557 617 2592 Febr.
641 2558 811 2592 24—28.
846 2556 1018 2590 celebrata
1052 2556 1205 2599 episcopi
1236 2555 1434 2598 Spirensis,
1473 2554 1799 2596 Aryium-atensis,

306 2605 606 2648 Babenberyensis
639 2605 685 2637 ab
717 2605 836 2646 officio
868 2604 1032 2647 suspensi
1064 2606 1168 2642 sunt,·
1208 2602 1379 2644 Greyorii
1399 2602 1481 2636 VII.
1516 2602 1600 2644 Req.
1635 2601 1687 2642 II,
1713 2602 1799 2643 5222,
1813 2610 1850 2635 4ο

306 2652 327 2686 Z.
347 2652 368 2687 Ζ.
391 2664 428 2696 p.
450 2654 528 2687 170.
573 2652 629 2693 Cf.
659 2651 829 2694 Greqorii
852 2653 949 2695 epist.
976 2651 1098 2683 datam
1123 2661 1157 2685 a.
1177 2649 1388 2692 1074,·Dec.
1406 2650 1440 2692 4,
1468 2649 1553 2692 Req.
1579 2648 1632 2691 II,
1651 2650 1710 2690 29,
1736 2648 1759 2682 l.
1778 2647 1801 2683 l.

303 2711 340 2742 p.
360 2701 427 2734 141
446 2710 495 2742 sq.
522 2700 578 2741 (in
594 2699 680 2741 Rey.
696 2702 792 2742 pont.
819 2699 871 2734 ed.
888 2700 922 2733 2.
948 2709 1006 2732 nr.
1023 2698 1127 2732 4811.
1154 2697 1250 2738 falso
1274 2696 1323 2730 ad
1347 2707 1380 2731 a.
1401 2698 1505 2738 1073,
1526 2696 1607 2730 Dec.
1627 2697 1682 2731 12.
1702 2695 1803 2739 posi—

306 2749 421 2786 tam),·
453 2748 552 2790 epist.
580 2747 749 2789 Greyorii
770 2746 851 2779 VII.
885 2746 1008 2779 datam
1042 2755 1074 2779 a.
1104 2745 1207 2785 1074,
1245 2744 1326 2778 Iun.
1356 2745 1412 2786 12,
1450 2744 1535 2786 Rey.
1570 2743 1602 2786 I,
1630 2744 1688 2786 84,
1726 2742 1748 2777 l.
1777 2742 1800 2777 l.

303 2805 340 2836 p.
361 2795 440 2836 105,
477 2804 548 2837 qua
581 2804 617 2826 se
649 2804 796 2827 causam
828 2794 904 2826 eius
936 2792 1160 2825 Herimanno
1197 2792 1353 2834 episcopo
1389 2791 1645 2824 commendasse
1679 2789 1803 2822 scribit

306 2840 410 2882 (Req.
430 2844 531 2883 pont.
557 2841 608 2875 ed.
628 2842 661 2875 2.
686 2851 744 2875 nr.
762 2841 886 2882 4872).
971 2839 1008 2882 4)
1033 2839 1146 2880 Quam
1171 2839 1291 2882 inepta
1315 2839 1363 2871 sit
1386 2838 1470 2872 haec
1493 2838 1656 2880 maliyna
1679 2837 1849 2872 mimi-45

306 2888 406 2920 natio
435 2889 541 2930 reyiS,
574 2892 672 2931 patet
702 2899 746 2921 ea·
775 2898 822 2929 eo,
857 2887 948 2930 quod
977 2896 1076 2919 nemo
1100 2886 1391 2919 adversariorum
1414 2886 1510 2927 reyis
1542 2889 1624 2918 tunc
1641 2887 1803 2926 posteave

307 2935 528 2976 symoniacae
558 2945 664 2978 quam
689 2935 811 2969 dicunt
845 2935 999 2974 hereseos
1032 2937 1216 2966 accusatus
1241 2933 1363 2975 fuerit,
1393 2933 1590 2976 complures
1613 2941 1693 2964 vero
1717 2930 1802 2973 fide-
