2014 3184
614 251 778 288 INDEX
802 251 1155 289 LOCUTIONUM.

132 371 236 408 nuno
252 369 365 406 modo
381 370 462 406 iure
486 380 552 405 suo
570 369 725 405 cedebat
743 373 825 414 210,
839 382 866 407 ι.

1573 255 1642 289 44ῖ

964 372 1064 405 Ruth
1081 373 1115 415 4,
1134 374 1167 408 7.
1193 371 1223 406 si
1248 371 1394 416 quando
1421 372 1514 406 alter
1539 372 1643 407 alteri

133 439 180 446 ——
205 419 304 454 ultro
324 429 363 454 se
386 417 468 454 iure
493 428 560 453 suo
578 417 709 453 cedere
725 419 808 462 278,
820 429 865 454 30.
915 429 981 453 suo
1007 418 1105 454 iuri
1131 418 1293 455 cedebat.

182 465 283 512 quod
306 468 384 501 tam
409 465 516 501 iure
541 464 634 500 caeli
651 476 760 509 quam
787 465 866 500 iure

133 513 207 551 fori
231 513 401 550 omnibus
433 523 580 558 semper
603 512 676 547 reis
709 540 717 549 .
736 539 754 548 ..
781 541 789 549 .
825 513 866 547 li-

134 561 270 598 cuisset
296 563 376 607 114,
390 571 436 598 25.
471 580 519 587 —
553 559 622 596 sibi
649 589 657 597 .
685 588 693 596 .
721 588 729 597 .
761 559 866 596 here-

134 609 289 647 ditatem
315 638 324 646 .
352 637 360 646 .
387 637 396 647 .
427 608 543 655 patris
568 611 644 643 tam
670 607 750 643 iure
776 608 867 643 caeli

134 669 246 704 quam
271 657 351 693 iure
377 657 448 693 fori
472 655 599 705 deberi
625 658 707 701 321,
724 667 770 692 20.

862 777 921 813 L.

184 859 232 884 ne
247 850 372 884 tantus
396 847 535 884 labor
558 858 662 883 meus
683 846 868 883 incassum

136 895 266 932 effluat
308 898 391 941 316,
413 907 441 933 5.
481 915 525 922 ·-
563 894 731 940 Cumque
769 924 776 932 .
813 923 822 932 .
859 923 867 931 .

136 943 256 980 omnis
291 972 299 980 .
327 972 336 981 .
363 972 371 981 .
405 943 588 979 incassum
612 943 718 979 labor
742 942 867 978 efflue—

134 994 194 1028 ret
229 994 312 1037 337,
335 1002 382 1029 25.
425 1012 468 1018 —
508 1002 592 1026 cum
629 990 772 1027 videret
812 993 869 1026 tot

136 1042 332 1086 tantosque
371 1039 516 1075 labores
559 1050 644 1074 suos
684 1038 868 1075 incassum

136 1086 289 1124 effluere
314 1089 396 1133 325,
410 1099 455 1124 30.

0 1128 3 1147 ³
68 1179 71 1182 Ι
185 1146 349 1218 sagnam
383 1134 588 1171 comminus
621 1135 868 1170 lacessere

138 1194 184 1219 au

212 1185 276 1218 ent
301 1185 360 1228 95,
373 1194 402 1220 5.
433 1203 476 1209 —
502 1194 666 1228 pugnam
691 1183 868 1218 lacessere

136 1233 224 1314 22&
235 1242 262 1316 ¹:
286 1306 296 1315 .
323 1307 331 1315 .
358 1281 502 1314 exteras
525 1281 655 1324 gentes
678 1278 777 1313 bello
802 1278 869 1313 la-

137 1325 348 1362 cessisse
375 1328 512 1371 123‚15.
540 1346 586 1352 —
612 1325 788 1371 quamdiu
807 1336 869 1362 eos

139 1402 148 1412 .
174 1402 183 1411 .
208 1400 217 1409 .
241 1374 360 1420 prelio
383 1374 562 1410 lacessere
586 1385 662 1410 non
687 1376 870 1420 coguntur

139 1424 221 1468 179,
234 1433 280 1460 ss.

186 1517 274 1553 licet
291 1517 545 1563 frequentibus
569 1517 712 1552 iniuriis
737 1528 759 1552 a
781 1529 869 1564 rege

139 1565 405 1601 lacessitus
430 1565 558 1601 fuisset
581 1567 719 1607 148‚ao.
738 1586 783 1590 —
800 1576 868 1610 pro

141 1641 150 1650 .
175 1642 183 1650 .
209 1641 218 1650 .
243 1613 496 1658 frequentibus
521 1613 764 1658 contumeliis,
790 1613 869 1658 qui·

138 1660 208 1696 bus
250 1661 405 1696 lacessiti
446 1661 594 1696 fuerant
637 1663 716 1706 158,
734 1672 780 1698 25.
824 1681 866 1686 ——

207 1708 312 1744 vibus
352 1720 438 1754 sepe
473 1709 518 1744 ab
553 1709 604 1744 eis
639 1709 869 1744 contumeliis

153 1756 326 1792 acessitus
350 1759 434 1801 269,
450 1769 476 1794 1.

187 1804 372 1850 miseriae,
411 1815 504 1850 quae
541 1807 645 1840 tanta
679 1807 790 1850 esset,
829 1807 871 1839 ut

139 1851 304 1887 hostibus
341 1863 486 1898 quoque
523 1852 597 1887 suis
638 1852 870 1888 lacrimas

139 1902 312 1936 excutere
336 1902 461 1946 posset
483 1902 542 1945 85,
556 1912 602 1937 20.
630 1921 672 1926 —
700 1900 870 1936 omnibus

140 1947 205 1993 qui
217 1947 371 1984 aderant
382 1948 550 1983 lacrimas
563 1948 721 1984 excussit
735 1951 816 1988 157.
824 1959 869 1985 35.

142 2015 186 2022 —
212 1998 254 2030 ut
279 1995 395 2031 saxeis
421 1996 531 2031 etiam
554 1995 725 2031 cordibus
750 2007 870 2031 sermo

141 2043 218 2078 eius
243 2043 411 2079 lacrimas
437 2046 609 2079 excutere
639 2055 746 2089 posse
771 2043 870 2079 vide-

139 2093 244 2126 retur
266 2093 350 2135 244,
365 2104 392 2128 1.

190 2138 400 2174 calamitate
436 2168 443 2175 .
472 2167 480 2175 .
508 2165 537 2183 .,
572 2138 610 2173 in
644 2150 717 2184 qua
748 2138 872 2174 hostes

142 2197 289 2231 quoque
324 2197 408 2222 suos
445 2186 492 2221 ad
526 2185 799 2222 miserationem
835 2189 872 2221 et

142 2233 190 2269 ad
214 2233 443 2269 lacrimas
467 2245 667 2280 provocare
692 2234 873 2280 potuisset

140 2283 200 2327 87,
215 2292 260 2318 ιο.

190 2331 290 2364 totus
330 2329 369 2364 in
418 2329 648 2365 lacrimas
697 2328 873 2365 effluebat

144 2378 225 2422 134,
243 2384 290 2414 so.

190 2424 254 2470 qui
284 2424 323 2460 in
356 2424 547 2460 laribus
581 2425 654 2459 suis
679 2423 743 2459 diu
768 2417 900 2459 fami-¹

142 2471 333 2508 liarissime
357 2472 572 2508 obversatus
597 2472 644 2507 sit
668 2474 807 2517 208,10.
828 2491 870 2497 -

142 2520 206 2565 qui
239 2519 278 2554 in
311 2519 448 2555 laribus
479 2519 558 2555 eius
593 2519 872 2555 familiarissime
896 2523 899 2547 Ρ

143 2567 433 2603 obversabantur
456 2570 539 2612 247,
553 2579 598 2604 20.
633 2587 675 2593 -
711 2566 871 2602 filiorum
896 2550 898 2614 J

142 2614 182 2650 in
214 2614 352 2651 laribus
385 2615 640 2661 philosophiae
675 2643 683 2651 .
721 2643 728 2651 .
766 2643 773 2650 .
810 2613 872 2648 ob-

142 2665 371 2698 versatorum
397 2665 479 2706 350,
492 2674 538 2700 25.

192 2710 255 2755 qni
289 2710 441 2746 lateri
472 2710 550 2746 eius
580 2710 653 2745 iam
680 2709 742 2743 diu
769 2707 873 2743 fami·
896 2738 897 2741 ,

144 2756 335 2793 liar-issime
361 2758 574 2794 obversatus
592 2757 712 2792 fuerat
737 2758 871 2799 166,2o.
896 2756 899 2783 ἴ

146 2824 189 2831 -
216 2805 279 2850 qui
312 2805 419 2841 lateri
453 2809 518 2840 tuo
550 2804 779 2840 familiariter
809 2802 856 2837 ob

143 2855 338 2888 versantur
363 2855 443 2898 179,
458 2863 504 2890 25.

193 2899 284 2935 nihil
308 2900 449 2945 veniae,
482 2899 573 2935 nihil
605 2896 868 2933 laxamenti
898 2913 899 2940 ἢ

965 847 1075 883 Lavit.
1101 849 1160 892 26,
1181 849 1239 883 20.
1266 850 1502 882 consumetur
1532 847 1647 882 incas-

917 905 998 930 sum
1024 895 1162 930 labor
1185 897 1318 930 vester.

966 1135 1103 1168 Lucan.
1121 1135 1194 1177 ΙΙΙ,
1214 1136 1296 1171 553.
1322 1145 1556 1180 pugnamque
1582 1133 1646 1167 la·

918 1193 1124 1218 cessere.
1162 1202 1203 1207 --
1247 1183 1350 1226 Ver-9.
1380 1183 1468 1217 Aen.
1503 1183 1540 1224 V,
1565 1183 1646 1218 429.

917 1241 1153 1275 pugnamque
1183 1230 1374 1266 lacessunt.

966 1278 1045 1313 Liv.
1072 1279 1197 1322 XXX,
1221 1279 1278 1313 42.
1306 1289 1343 1312 se
1368 1277 1466 1312 bello
1492 1277 1647 1311 laces-

919 1325 1042 1360 sisse
1078 1354 1085 1361 .
1114 1354 1121 1362 .
1150 1354 1157 1362 .
1194 1337 1235 1360 ac
1260 1325 1356 1360 bello
1382 1325 1564 1369 armisque
1598 1324 1647 1358 la-

918 1373 1114 1409 cessiverit.
1143 1393 1185 1398 —
1213 1374 1345 1410 lustin.
1371 1373 1452 1415 XL,
1473 1375 1504 1415 1,
1526 1374 1560 1408 4.
1586 1384 1647 1406 ne-

918 1432 989 1466 que
1025 1421 1123 1456 bello
1162 1420 1274 1456 alium
1315 1421 1492 1456 lacessere
1530 1431 1648 1464 neque

917 1469 1107 1504 lacessitus
1131 1468 1278 1504 inferre.
1308 1489 1350 1495 —
1378 1469 1476 1504 Caes.
1494 1468 1537 1504 B.
1555 1468 1648 1502 Gall.

918 1518 989 1560 IV,
1018 1519 1072 1554 11.
1108 1528 1155 1552 ne
1183 1516 1307 1552 hostes
1332 1516 1472 1562 proelio
1498 1516 1648 1551 lacesse-

917 1567 1012 1601 rent.

968 1613 1065 1649 Caes.
1080 1613 1123 1648 Β.
1141 1613 1236 1649 Gall.
1254 1613 1285 1656 I,
1301 1614 1360 1649 35.
1386 1622 1477 1646 neve
1496 1610 1646 1645 Aeduos

917 1660 1051 1695 iniuria
1075 1661 1360 1696 lacesseret.

974 1805 1112 1840 Terent.
1134 1804 1261 1839 Heaut.
1289 1803 1320 1846 I,
1342 1805 1374 1845 1,
1394 1804 1472 1838 115.
1501 1801 1648 1836 lacri-

919 1863 1016 1906 mas
1042 1851 1200 1886 excussit
1221 1850 1323 1894 mihi,
1349 1850 1568 1894 miseretque
1589 1860 1648 1883 me

921 1911 1008 1936 eius.

970 2139 1100 2175 lustin.
1121 2138 1276 2180 XVIII,
1297 2138 1330 2180 6,
1352 2138 1406 2172 12.
1434 2146 1525 2180 quae
1551 2137 1649 2169 aetas

922 2186 1032 2222 etiam
1058 2185 1219 2221 hostium
1251 2183 1534 2219 misericordiam
1567 2193 1649 2227 pro-

920 2237 1040 2270 vocat.

971 2330 1107 2363 Lucan.
1135 2328 1211 2371 IX,
1240 2328 1318 2362 106.
1354 2325 1481 2360 effluet
1515 2324 1550 2357 in
1585 2323 1648 2357 la-

898 2376 1112 2416 fcrimas.

972 2425 1067 2459 Boet.
1086 2423 1122 2466 I,
1142 2425 1176 2457 3.
1203 2420 1304 2455 cuius
1330 2419 1376 2454 ab
1402 2417 1648 2453 adulescentia

923 2471 935 2505 l
947 2482 968 2506 a
978 2471 1017 2505 ri
1028 2471 1083 2504 bu
1094 2481 1109 2503 s
1139 2469 1351 2503 obversatus
1377 2467 1529 2501 fueram.

973 2895 1050 2930 Liv.
1079 2894 1131 2935 II,
1154 2896 1187 2934 3,
1205 2895 1239 2928 4.
1267 2892 1355 2927 nihil
1382 2891 1650 2926 laxamenti
