2014 3184
399 264 470 298 400
899 262 1062 298 INDEX
1087 263 1435 302 LOOUTIONUM.

399 383 552 434 afferri
583 383 837 438 potuissent,
881 386 992 438 quod
1035 400 1157 439 saepe
1202 386 1355 440 scripto
1402 390 1489 430 etc.
1537 388 1739 432 indicavi.
1801 388 1908 432 Hos

398 456 449 484 ew
479 442 536 484 iis
567 442 767 497 inprimis
799 443 921 486 libris
952 444 1087 498 attuli,
1130 459 1232 498 quos
1263 446 1538 500 Lampertum
1569 447 1773 491 lectitasse
1804 462 1895 492 con-

397 506 493 544 stat.
556 502 681 544 Alios
711 503 763 544 ab
795 502 898 545 aliis
919 505 1113 556 prudens
1145 505 1270 547 lector
1300 505 1388 559 ipse
1423 511 1618 549 secernet.
1691 508 1896 563 Vulqatae

398 561 506 604 locos
539 562 771 615 permultos
810 562 899 604 iarn
930 576 1062 616 supra
1102 563 1150 606 in
1181 564 1374 618 maryine
1405 565 1616 620 adscripsi
1657 563 1734 620 (cfi
1767 567 1895 610 etiam

389 635 435 674 p.
472 623 592 676 358),
626 621 701 664 hoc
733 621 818 664 loco
841 636 1004 676 paucos
1035 623 1235 676 supplevi.
1282 624 1423 678 Atque
1445 626 1661 678 permulta
1690 640 1742 668 ea·
1773 626 1895 670 libris

396 680 524 722 medii
556 680 649 723 aevi
671 695 698 722 a
719 681 945 734 Lamperto
977 681 1103 735 lectis,
1136 686 1183 724 ut
1203 682 1450 737 ReyinoniS,
1475 684 1708 739 Einkardi,
1741 685 1895 739 afferri

387 739 641 793 potuissent,
690 741 764 782 secl
807 740 909 782 haec
955 741 1099 783 omnia
1133 755 1273 794 paene
1319 742 1460 795 omisi,
1509 757 1639 797 neque
1684 744 1895 798 inqentem

398 799 542 841 molem
574 799 779 841 librorum
802 803 980 852 patrum
1011 800 1384 843 ecclesiasticorum
1424 801 1472 844 in
1503 802 1615 845 hunc
1645 804 1775 855 finem
1796 818 1892 859 per-

396 859 528 912 leqere
550 858 685 912 potui,
727 858 943 901 Ciceronis
964 873 1128 912 paucos
1150 860 1413 913 perlustravi
1428 861 1455 902 1.

538 918 672 960 Locos
703 919 778 960 sub
801 919 986 971 quadam
1007 932 1101 961 voce
1130 918 1328 973 yraviore
1359 919 1407 961 in
1438 919 1494 962 iis
1525 925 1720 964 contenta
1749 922 1894 977 alpha·

395 976 475 1019 beti
497 976 644 1019 ordine
666 976 888 1030 dispositos
909 977 1044 1031 attuli,
1075 992 1167 1020 cuin
1189 978 1279 1020 alia
1311 978 1476 1022 ratione
1497 993 1561 1022 inc
1585 980 1649 1023 uti
1669 995 1756 1024 non
1767 995 1893 1036 posse

394 1036 682 1089 intelliqerem.

1558 1039 1606 1082 Ο.
1637 1041 1774 1083 Η-Ε.

1120 1167 1166 1202 Α.

441 1239 481 1270 ut
507 1247 525 1270 a
537 1237 560 1270 b
570 1236 582 1270 i
593 1247 612 1270 e
623 1247 641 1270 c
652 1236 714 1270 tis
740 1237 848 1271 armis
871 1236 1044 1282 fugiendo
1063 1249 1117 1271 sa·
1142 1237 1144 1247 '

392 1284 460 1317 luti
485 1284 672 1318 consulere
690 1295 831 1318 summa
857 1295 925 1328 ope
943 1296 1117 1319 conaren-

392 1334 452 1365 tur
478 1333 558 1374 124,
573 1343 616 1367 20.

440 1378 653 1423 clademque
667 1378 743 1413 eius
761 1378 833 1413 diei
850 1379 973 1413 multis
990 1381 1118 1424 postea

391 1426 520 1460 seculis
534 1437 607 1460 non
625 1437 645 1460 a
655 1426 679 1460 b
690 1437 711 1460 o
722 1426 735 1459 l
746 1437 765 1460 e
776 1438 801 1459 n
811 1426 835 1460 d
846 1437 913 1460 am
930 1428 1007 1470 143,
1016 1439 1062 1463 30.
1072 1447 1116 1452 -

390 1473 627 1519 ignominiam
662 1473 755 1508 hanc
784 1501 791 1509 .
810 1499 845 1509 ..
873 1474 980 1507 nullis
1016 1473 1116 1509 dein—

391 1532 474 1566 ceps
498 1520 627 1555 seculis
644 1520 859 1555 abolendam
882 1532 958 1555 esse
975 1524 1056 1566 217,
1070 1533 1115 1558 20.

390 1589 435 1593 —
449 1571 642 1613 postquam
663 1596 670 1604 .
687 1596 695 1604 .
711 1596 718 1604 .
739 1568 880 1602 cladem
896 1568 1020 1603 multis
1034 1572 1117 1614 post

388 1616 456 1650 hac
474 1616 602 1650 seculis
626 1626 701 1649 non
726 1616 943 1650 abolendam
960 1617 1115 1661 accepis-

389 1666 469 1698 sent
494 1665 577 1707 224,
591 1674 617 1699 5.
644 1684 690 1688 —
724 1663 785 1707 qui
821 1689 828 1697 .
857 1692 864 1699 .
877 1672 879 1674 ’
892 1691 900 1699 .
934 1665 1115 1698 maculam

388 1711 455 1745 sibi
478 1714 515 1745 et
532 1711 669 1745 crimen
685 1710 787 1744 nulla
805 1711 974 1756 deinceps
995 1715 1114 1747 aetate

389 1787 395 1794 .
412 1784 420 1792 .
436 1787 443 1794 .
463 1758 683 1793 abolendum
702 1758 960 1793 contraherent
976 1761 1113 1804 237,1o.

387 1826 432 1831 —
458 1806 519 1850 qui
545 1805 685 1840 cladem
709 1806 907 1840 maximam
934 1809 970 1841 et
991 1819 1113 1841 macu-

386 1853 460 1887 lam
485 1854 608 1887 multis
634 1853 761 1887 seculis
793 1865 867 1888 non
896 1855 1112 1889 abolendam

386 1901 439 1935 rei
475 1901 642 1945 publicae
675 1901 881 1935 intulissent
918 1904 999 1944 265,
1013 1913 1040 1938 5.
1067 1923 1113 1928 -

385 1948 585 1993 ignominia
610 1947 756 1982 difficile
775 1949 954 1984 abolenda
970 1952 1052 1993 272,
1067 1961 1111 1986 30.

387 2016 430 2020 —
450 1996 586 2030 crimen
605 2024 612 2031 .
633 2022 640 2030 .
660 2023 668 2032 .
686 2007 873 2040 nunquam
893 1997 1112 2031 abolendum

385 2044 466 2086 298,
481 2054 525 2078 20.
552 2064 598 2067 —
623 2043 794 2087 nullaque
819 2046 1000 2078 vetustate
1027 2045 1111 2079 abo-

385 2090 534 2123 lendum
572 2089 657 2123 fidei
699 2092 735 2123 et
776 2090 982 2125 devocionis
1026 2103 1111 2126 suae

384 2136 651 2171 monimentum
677 2140 758 2180 325,
777 2148 823 2173 35.

431 2196 477 2218 ne
502 2184 647 2228 penitus
676 2186 857 2219 vetustate
887 2196 906 2219 e
934 2186 1111 2220 memoria

384 2231 681 2266 aboleantur
707 2233 787 2276 347,
802 2242 847 2268 35.

432 2326 620 2360 historiam
668 2337 777 2370 quam
817 2327 941 2371 paucis
979 2329 1107 2372 potero

384 2373 628 2408 absolvam
655 2376 734 2418 121,
749 2386 775 2410 1.

430 2515 527 2559 quod
562 2527 652 2559 eam,
689 2518 730 2549 ut
765 2517 1028 2561 acceperit,
1058 2516 1108 2551 sic

381 2562 705 2597 incontaminatam
738 2591 744 2598 .
771 2591 778 2599 .
803 2591 810 2599 .
842 2564 1108 2598 conservaverit

385 2612 463 2654 106,
479 2622 523 2646 10.

1215 1238 1293 1272 Liv.
1313 1238 1523 1281 XLIV,42.
1551 1239 1761 1274 abiectis
1782 1240 1892 1276 armis

1167 1284 1350 1330 fugerunt,
1367 1290 1437 1323 etc..
1465 1306 1507 1311 --
1532 1287 1660 1323 lustin.
1685 1287 1790 1327 VIII,
1806 1290 1841 1332 2,
1857 1289 1892 1325 4.

1168 1332 1314 1366 abiectis
1337 1333 1446 1367 armis
1469 1333 1594 1379 fugam
1619 1337 1821 1379 capessunt.
1847 1355 1892 1360 -——

1167 1380 1256 1415 Sall.
1283 1381 1362 1423 qu.
1389 1383 1446 1416 38.
1484 1380 1592 1416 foeda
1619 1381 1718 1427 fuga,
1744 1382 1891 1417 abiectis

1168 1427 1288 1471 armis,
1314 1428 1391 1463 alii.

1213 1617 1342 1653 lustin.
1374 1619 1479 1662 VIII,
1503 1621 1535 1662 3,
1560 1621 1592 1654 7.
1616 1617 1662 1653 ad
1689 1619 1890 1654 abolen-

1165 1664 1266 1699 dam
1305 1665 1462 1700 invidiae
1503 1665 1650 1700 famam.
1690 1686 1732 1692 —-
1770 1667 1888 1703 Amm.

1164 1713 1279 1749 Marc.
1305 1713 1450 1757 XXVI,
1473 1716 1506 1757 3,
1524 1716 1558 1750 5.
1591 1725 1666 1748 non
1691 1713 1890 1751 abolendae

1162 1759 1326 1794 incubuit
1351 1762 1524 1796 maculae.

1208 2187 1285 2222 Liv.
1304 2188 1335 2230 I,
1350 2189 1407 2231 23,
1422 2189 1454 2223 3.
1481 2198 1615 2222 nomen
1633 2214 1642 2223 .
1658 2215 1665 2223 .
1682 2215 1690 2224 .
1702 2188 1884 2222 vetustate

1160 2234 1398 2279 abolevit;
1432 2235 1542 2277 VIII,
1572 2236 1627 2271 11.
1675 2233 1780 2269 Haec
1817 2233 1884 2269 etsi

1195 2309 1203 2316 .
1231 2309 1238 2316 .
1265 2281 1442 2315 memoria
1467 2281 1636 2316 abolevit.

1205 2328 1292 2364 Sall.
1314 2329 1389 2363 Cat.
1408 2330 1440 2363 4.
1468 2340 1577 2372 quam
1597 2328 1796 2363 verissume
1817 2339 1882 2373 po-

1156 2377 1248 2418 tero,
1272 2375 1396 2419 paucis
1422 2375 1689 2420 absolvam3
1720 2376 1802 2419 qu.
1825 2377 1880 2411 17.

1157 2433 1266 2467 quam
1278 2422 1513 2467 paucissumis
1531 2422 1734 2466 absolvam3
1753 2424 1810 2458 38.
1827 2421 1881 2456 uti

1156 2469 1280 2514 paucis
1305 2481 1432 2504 verum
1458 2469 1653 2505 absolvam.

1209 2518 1347 2552 Terent.
1376 2517 1456 2552 Hec.
1484 2517 1515 2560 I,
1539 2519 1573 2560 2,
1595 2518 1650 2552 75.
1681 2516 1768 2561 quin
1789 2516 1880 2551 inte-

1156 2575 1259 2610 gram
1292 2563 1420 2598 itidem
1453 2563 1616 2608 reddam,
1645 2566 1687 2598 ut
1716 2563 1880 2608 accepi

1157 2623 1178 2646 a
1203 2622 1284 2647 sms.

383 2727 416 2768 1)
441 2728 487 2761 In
512 2730 605 2762 notis
629 2730 737 2762 attuli
759 2740 874 2773 supra
904 2731 993 2764 locos
1023 2730 1183 2764 Terentii
1201 2742 1238 2774 p.
1264 2731 1344 2765 133.
1370 2731 1449 2771 143,
1481 2730 1634 2763 Horatii
1650 2741 1690 2774 p.
1713 2731 1773 2765 85.
1797 2730 1876 2765 185.

383 2777 462 2810 187.
490 2777 568 2811 197.
595 2778 676 2812 308.
702 2777 784 2819 340,
815 2776 934 2810 Ovidii
950 2788 990 2821 p.
1008 2779 1066 2813 86.
1089 2778 1170 2812 267.
1196 2778 1277 2820 351,
1313 2777 1465 2820 Veryilii
1485 2789 1522 2821 p.
1541 2778 1621 2820 340,
1649 2777 1736 2810 Silii
1758 2777 1878 2810 Italion·

374 2833 414 2864 p.
443 2824 522 2864 116,
560 2823 660 2856 Livii
676 2834 716 2866 p.
736 2826 792 2866 72,
830 2824 998 2858 Sallustii
1016 2837 1053 2869 p.
1074 2826 1153 2859 113.
1179 2826 1250 2865 220
1266 2835 1316 2867 sq.
1342 2826 1423 2860 308.
1449 2826 1530 2860 312.
1558 2825 1638 2859 314.
1663 2826 1745 2867 326,
1784 2823 1876 2858 Oica-

380 2870 479 2902 ronis
507 2881 547 2913 p.
573 2872 655 2913 241,
686 2870 832 2904 Senecae
850 2882 889 2914 p.
908 2873 992 2914 257,
1026 2872 1241 2914 Hieronymi
1258 2882 1298 2915 p.
1318 2872 1374 2914 75,
1411 2872 1567 2915 Sulpicii
1590 2871 1709 2905 Severi
1732 2883 1769 2915 p.
1791 2872 1874 2906 243.

380 2918 449 2950 303
467 2928 529 2959 sq„
555 2919 637 2959 318,
663 2928 749 2960 quos
774 2918 836 2952 hoc
862 2919 932 2952 loco
956 2923 1110 2962 repetere
1134 2919 1245 2953 nolui.
