2014 3184
297 197 570 236 LAMPERTI
594 193 892 232 INSTITUTIO
918 187 1314 228 HERVELDENSIS
1339 185 1478 222 EOOL.
1578 186 1649 221 345

140 321 410 368 monasterii
456 321 604 363 nostri
644 319 719 362 vel
759 317 926 373 legisse
966 314 1040 357 vel
1085 328 1112 355 a
1159 309 1496 368 probatissimis
1539 307 1649 350 viris

140 384 336 433 audisse,
379 394 588 436 quaeque
626 379 768 422 etiam
809 377 908 432 ipse
941 375 1157 429 expertus
1190 376 1306 422 sum‚'
1348 369 1512 411 sedens
1546 381 1650 410 cum

140 442 374 487 Iheremia
404 443 452 484 et
483 441 599 482 flens
632 452 789 482 casum
821 438 881 486 et,
924 436 979 476 ut
1009 434 1078 474 ita
1110 432 1274 480 dicam,
1314 429 1545 472 excidium
1577 441 1650 482 pa-
1667 442 1828 473 Thren.pr.

97 503 102 508 ’
139 504 258 546 triae
290 515 432 544 meae.
495 499 572 542 Ad
603 498 727 554 quod
765 495 973 539 studium
1013 507 1085 535 me
1120 490 1451 534 dormitantem
1483 489 1649 535 vestra,

109 563 179 606 asi
208 561 386 612 recolit,
429 557 714 616 paternitasl
745 567 1047 612 sepenumero
1086 551 1288 594 excitare
1327 547 1527 598 curavit3
1571 546 1652 588 sed

139 623 358 666 timidum
389 634 462 663 me
494 619 734 673 filiumque
757 614 1048 658 diffidentiae
1079 611 1271 653 tandem
1304 609 1363 650 ad
1386 607 1652 649 audendum
1667 621 1818 654 Eph.2,2.

141 681 348 739 perpulit
378 680 532 723 laeta²
561 678 800 721 cuiusdam
828 673 1074 716 Fuldensis
1107 670 1290 713 abbatis
1322 667 1519 710 historia
1551 665 1652 708 sub-

141 742 291 785 tiliter
311 740 559 783 memoriae
592 735 916 780 commendata
930 734 957 784 ²,
992 745 1271 787 quamquam
1297 742 1382 770 nec
1410 741 1464 769 ea
1495 727 1652 768 facun-

143 803 220 845 dia
250 815 336 844 nec
369 813 424 843 ea
455 799 570 840 mihi
593 797 727 852 copia
757 795 978 850 suppetat
1009 795 1106 834 tam
1139 789 1375 832 subtiliter
1407 785 1655 829 enarrandi

96 878 130 904 ιο
141 876 214 905 res
236 860 409 917 partim
430 858 675 908 oblivione,
710 855 883 911 partim
906 855 1170 908 temporum
1192 848 1460 905 prolixitate
1492 845 1654 901 procul

144 936 172 964 a
202 920 425 964 memoria
455 918 687 973 relegatas
729 918 776 958 et
817 915 923 956 ideo
956 913 1128 966 absque
1162 908 1469 963 ambiguitate
1502 906 1654 946 minus

144 979 438 1024 auctoritatis
480 978 723 1020 habituras
737 975 766 1016 ³.
829 974 905 1015 Ad
946 973 1033 1014 hoc
1075 984 1148 1012 me
1190 968 1452 1011 accendunt
1500 965 1655 1006 studia

143 1055 298 1084 rerum
329 1039 551 1081 moderno
582 1039 792 1091 tempore
824 1034 1073 1089 gestarum,
1107 1042 1386 1084 quamquam
1409 1026 1550 1068 sciam
1583 1038 1655 1066 me

146 1101 205 1143 ad
226 1101 311 1142 has
334 1097 660 1142 describendas
686 1095 839 1136 minus
865 1093 1099 1134 idoneum.
1148 1088 1274 1141 Quas
1299 1090 1458 1128 tamen
1489 1085 1656 1140 pleras-

99 1175 132 1202 ιε
146 1174 234 1216 que
258 1173 341 1215 pro
364 1158 530 1214 opibus
555 1154 782 1211 ingenioli
803 1153 894 1195 mei
925 1151 1112 1194 heroico
1138 1151 1286 1191 metro
1315 1146 1515 1188 strictim
1541 1158 1657 1186 com-

146 1218 388 1276 prehendi.
431 1217 522 1260 Sed
539 1215 758 1271 quoniam
779 1213 930 1255 relata
952 1212 1009 1253 ab
1029 1210 1132 1252 aliis
1154 1209 1212 1251 ab
1236 1207 1339 1249 aliis
1361 1205 1655 1253 refelluntur,

147 1282 195 1323 et
225 1279 276 1320 in
306 1277 514 1321 versibus
547 1270 709 1331 plurab
747 1273 870 1314 falsa
909 1286 992 1327 pro
1024 1270 1145 1312 veris
1187 1267 1421 1322 scripsisse
1454 1277 1656 1313 accusor,

146 1340 197 1381 in
227 1339 316 1380 hoc
348 1349 517 1393 genere
549 1335 648 1377 stili
679 1333 930 1375 manifesta
961 1333 1289 1377 transcurrere,
1330 1325 1473 1367 dubia
1503 1338 1561 1366 ne
1596 1325 1659 1364 at-

146 1399 328 1454 tingere
361 1396 520 1439 statui.
582 1394 739 1437 Vestri
771 1392 925 1442 solius,
960 1392 1094 1446 pater
1125 1388 1200 1439 mi,
1234 1387 1284 1428 in
1316 1386 1404 1427 hoc
1437 1383 1660 1439 opusculo

101 1460 342 1514 zoexpeeto
372 1455 612 1498 iudicium.
681 1452 829 1496 Oleum
869 1454 1009 1493 autem
1032 1445 1270 1503 peccatoris
1309 1459 1396 1487 non
1429 1442 1662 1496 impiny‘ecet
1675 1456 1836 1488 Ps.140,5.

150 1521 275 1572 caput
304 1529 442 1559 meum
454 1516 484 1556 4.
535 1514 684 1567 Surqe,
709 1516 838 1566 pater
859 1509 931 1563 mi,
965 1513 1002 1552 et
1034 1509 1222 1551 eomede⁰
1252 1507 1302 1548 (lc
1323 1503 1546 1547 venatione
1576 1501 1662 1554 filii
1675 1518 1746 1542 aen.
1759 1517 1803 1549 27,
1814 1517 1860 1543 31.

150 1577 225 1630 tui,
266 1580 324 1629 ut,
367 1576 406 1618 si
419 1574 662 1653 *faucibus
702 1572 797 1614 tuis
837 1565 1044 1612 fuerintd
1082 1567 1250 1617 dulcia,
1294 1563 1510 1607 benedicat
1555 1560 1662 1604 mihi

152 1636 302 1679 anima
332 1639 407 1677 tua
446 1665 455 1676 .

152 1754 483 1798 EXOERPTA
524 1753 610 1794 EX
647 1748 918 1792 LIBELLO
958 1745 1228 1799 QUODAM
1267 1744 1351 1785 DE
1395 1740 1663 1783 INSTITU-

106 1833 141 1859 25
153 1814 346 1858 TIONE
368 1809 885 1855 HERSVELDENSIS
905 1805 1248 1849 ECGLESIAE
1272 1799 1662 1854 SEQUUNTUR.

23 1907 142 1940 *p.138.
691 1878 806 1923 *EX
834 1878 1036 1922 LIBRO
1069 1877 1110 1920 I.

299 1944 499 1988 Sancto5
522 1942 764 1986 Bonifacio
786 1937 1157 1995 Mogontiacensi
1190 1936 1404 1991 episeopo
1437 1947 1519 1988 per
1551 1945 1663 1973 mar·
1685 1946 1713 1971 r.
1724 1945 1804 1971 Lam
1814 1952 1836 1970 ο.
1847 1945 1891 1970 13.

154 2007 253 2049 tirii
284 2005 479 2061 gloriam
512 2003 831 2046 consummato
863 2001 1028 2042 beatus
1060 1996 1238 2046 Lullus,
1281 1994 1360 2050 qui
1402 1993 1444 2036 ei
1484 1993 1533 2034 in
1575 1991 1664 2046 epi-

310 2121 346 2166 *)
372 2121 485 2163 Infra
510 2120 622 2153 mim'o
645 2119 818 2162 scriplum
843 2120 892 2151 est
917 2117 957 2149 in
981 2125 1031 2150 c.:
1066 2112 1250 2157 Tempore
1275 2109 1406 2145 Karoli
1430 2107 1560 2154 Magni
1586 2107 1665 2141 fun-

110 2181 145 2207 30
372 2168 499 2203 datum
518 2169 574 2202 est
596 2165 636 2202 id
659 2165 841 2210 templum
857 2161 1080 2198 Hel-veldiae
1105 2172 1173 2206 per
1189 2161 1355 2194 sanctum
1373 2157 1524 2191 Lullum
1550 2154 1666 2190 archi-

373 2215 587 2261 episcopum
610 2212 886 2259 Maguntinum‚
916 2210 980 2256 qui
1005 2209 1178 2245 successit
1203 2209 1329 2242 sancto
1356 2204 1546 2239 Bonifacio
1572 2213 1666 2237 mar-

373 2263 435 2298 tiri
460 2265 497 2298 et
522 2262 599 2298 eius
623 2262 695 2297 loci
720 2260 903 2306 episcopo.

159 2374 188 2404 a)
212 2372 291 2398 lecta
316 2371 499 2396 Wanenbach
528 2373 554 2395 et
578 2370 718 2395 abbatiae
744 2368 785 2393 W.
805 2368 840 2392 de
859 2365 1038 2391 Gieaeebrecht
1066 2363 1239 2394 commenda
1284 2368 1318 2386 ro
1340 2366 1433 2385 osuern
1467 2361 1475 2382 t
1556 2358 1567 2381 I
1627 2356 1670 2380 h!

159 2417 187 2434 m
209 2409 330 2433 tandum
349 2414 408 2433 esee
427 2409 500 2432 recte
518 2413 586 2432 ene·
619 2412 633 2430 e
658 2413 676 2430 n
699 2405 716 2429 h
749 2404 823 2429 videt
881 2403 925 2427 Pa
967 2408 981 2426 e
1003 2402 1019 2426 b
1052 2408 1072 2432 9
1124 2400 1149 2424 L
1202 2399 1218 2422 b
1252 2400 1262 2421 t
1330 2396 1361 2421 Η
1389 2395 1408 2419 d
1441 2394 1466 2418 V
1494 2394 1512 2424 t·
1550 2401 1573 2424 p
1607 2395 1617 2417 l
1643 2394 1654 2417 1

112 2449 147 2475 35
161 2444 192 2477 b)
210 2443 293 2477 plu'a
312 2444 344 2469 iu
365 2450 406 2476 c.;
426 2443 557 2476 plurima
578 2441 691 2472 Mader,
712 2441 805 2465 nescio
826 2446 863 2463 an
884 2440 967 2462 recte.
1042 2438 1068 2466 c)
1089 2434 1240 2461 commode
1260 2441 1284 2458 c.
1359 2431 1389 2463 (l)
1410 2431 1532 2456 suerunt
1551 2436 1575 2454 c.

163 2540 198 2582 1)
217 2538 445 2581 Hamwiyum
465 2536 623 2570 abbatem
642 2534 927 2576 Hersfeldensem
948 2531 1079 2575 procul
1093 2530 1200 2563 dubio
1216 2528 1428 2570 alloquitur.
1501 2525 1539 2567 2)
1556 2524 1670 2565 Quam

162 2596 233 2620 non
252 2586 431 2620 habemus.
497 2585 534 2626 3)
551 2583 608 2625 Cf.
627 2583 734 2624 infra
750 2594 786 2626 p.
802 2583 884 2623 347,
905 2581 928 2616 l.
942 2582 988 2615 ⁴27
1002 2590 1074 2622 sqq.
1093 2578 1175 2617 348,
1195 2577 1217 2611 l.
1235 2578 1299 2614 12‚·
1317 2574 1376 2608 GV.
1394 2571 1541 2606 Archiv'
1559 2570 1670 2611 XIX,

160 2645 198 2678 p,
214 2634 286 2668 210
303 2643 354 2676 sq.
437 2631 475 2675 4)
498 2631 554 2674 Ut,
581 2630 668 2674 quid
693 2630 821 2674 Lamp.
848 2629 912 2662 hoc
936 2637 1038 2660 versu
1064 2626 1178 2659 dicere
1202 2623 1364 2662 voluerit,
1389 2623 1478 2654 recle
1502 2628 1671 2662 exponas,

163 2685 248 2715 nota
273 2690 362 2724 quae
387 2680 426 2712 in
447 2678 591 2712 Psalmo
610 2677 851 2722 praecedunt:
877 2673 1060 2718 Corripiet
1084 2683 1142 2706 me
1169 2671 1284 2704 iustus
1301 2668 1340 2703 in
1360 2665 1610 2702 misericordia
1635 2668 1671 2700 et

115 2740 152 2765 40
163 2726 369 2772 increpabit
398 2736 470 2769 me,
504 2730 536 2759 et
566 2735 656 2768 quae
686 2728 906 2768 sequuntur:
943 2720 1127 2766 Quoniam
1159 2717 1278 2752 adhuc
1310 2719 1347 2751 et
1372 2714 1490 2750 oratio
1520 2725 1604 2748 mea
1634 2713 1672 2747 in

164 2773 402 2819 beneplacitis
419 2784 559 2808 eorum.
595 2771 774 2816 Absorpti
792 2772 876 2805 sunt
899 2768 1014 2803 iuncti
1032 2770 1157 2812 petrae
1174 2765 1312 2800 iudices
1330 2774 1469 2798 eorum.
1507 2761 1673 2796 Audient

164 2823 276 2858 verba
302 2831 395 2865 mea,
421 2819 595 2865 quoniam
619 2821 831 2864 potuerunt.
875 2818 931 2859 Cf.
950 2817 1010 2851 ¹N.
1029 2814 1174 2848 Archiv'
1193 2812 1303 2855 XIX,
1327 2823 1365 2855 p.
1384 2813 1466 2847 212.
1553 2810 1588 2852 5)
1613 2809 1674 2843 Se-

165 2872 310 2916 quentia
335 2870 457 2903 omm'a
482 2877 592 2911 usque
616 2867 664 2900 ad
686 2878 723 2911 p.
741 2868 824 2908 347,
853 2866 876 2900 l.
894 2866 953 2900 24.
978 2874 995 2897 e
1020 2864 1100 2896 Vita
1127 2861 1232 2895 Lulli
1254 2860 1435 2903 exscripta
1460 2861 1554 2893 sunt.
