1968 3164
499 233 771 270 LAMPERTI
795 232 1051 269 ANNALES.
1101 233 1149 268 A.
1178 235 1282 270 1063.
1603 236 1650 270 87

142 357 202 406 et,
235 369 328 411 qua
357 355 424 406 vi,
467 370 559 411 qua
589 356 865 399 necessitate
897 356 956 397 ad
989 356 1103 398 haec
1136 357 1342 398 extrema
1374 356 1651 410 experienda
1666 361 1770 396 1063.

142 414 293 458 coacti
332 415 448 466 sint,
491 416 696 458 edoceat.
761 415 859 470 Ipsi
900 414 1126 470 paulatim
1175 415 1411 482 pedestres
1459 415 1651 457 servatis

141 473 382 517 ordinibus
414 475 772 530 subsequuntur.
826 474 1077 528 Postquam
1109 475 1307 516 nuncius
1339 488 1392 516 eo
1426 475 1648 529 pervenit,

141 533 410 589 lectaequea
447 537 556 576 sunt
588 534 796 585 litterae,
840 535 1003 576 horror
1034 533 1222 601 quidam
1260 533 1460 588 perculit
1493 547 1650 576 omnes

111 592 220 648 oqui
251 593 301 635 in
332 593 512 648 palacio
545 596 678 636 erant
719 607 856 649 super
897 596 992 635 tam
1026 593 1210 648 procaci
1242 593 1382 643 facto,
1426 593 1650 635 miraban-

140 654 308 708 turque
339 652 464 695 inter
495 653 685 695 eximios
727 656 774 696 et
815 653 1098 708 apostolicae
1136 653 1497 695 conversationis
1530 653 1650 694 viros

140 713 326 754 tantum
357 712 530 767 flagicii
551 713 756 768 potuisse
779 712 982 768 reperiri,
1018 715 1071 753 ut
1103 712 1307 767 privatas
1339 712 1531 753 iniurias
1554 714 1650 753 tam

140 771 338 826 pessimo
370 767 607 827 exemplob
645 772 1153 821 1116186616111111,1166Ο
1192 771 1278 812 filii
1310 771 1476 826 patris,
1516 772 1565 812 in
1597 786 1651 813 ea

141 830 432 886 potissimum
465 831 744 881 calamitate
779 832 1118 882 misererentur,
1153 831 1202 872 in
1234 845 1324 885 qua
1356 832 1513 873 hostes
1545 845 1650 885 quo-

95 886 258 944 1o.que‘¹
304 904 410 933 81108
457 891 515 932 ad
563 891 905 934 miserationem
954 893 1001 933 et
1048 891 1106 932 ad
1148 890 1360 932 lacrimas
1403 904 1650 945 provocare

141 949 382 1004 potuisset.
446 950 631 992 Placuit
671 951 828 1005 itaque
871 950 1084 992 omnibus
1116 949 1296 1004 insigne
1338 950 1426 991 1106
1467 950 1650 991 facinus

140 1008 313 1064 insigni
343 1009 499 1064 aliquo
532 1010 741 1065 exemplo
773 1010 1012 1052 vindicari.
1066 1009 1182 1050 Tum
1214 1023 1293 1051 rex
1316 1009 1508 1051 consilio
1540 1023 1650 1050 usus

141 1067 430 1111 Coloniensis
471 1069 807 1124 archiepiscopi
848 1071 895 1111 et
927 1068 1115 1111 Ottonis
1153 1069 1283 1110 ducis
1316 1069 1646 1118 Baioarioruns,

141 1141 335 1182 quorum
376 1130 490 1170 tunc
522 1129 714 1171 arbitrio
755 1142 828 1171 res
860 1128 1048 1183 publica
1085 1128 1510 1178 administrabatur,
1555 1142 1649 1182 pre-

94 1201 127 1226 15
141 1187 287 1242 cepit,
329 1190 384 1229 ut
424 1187 523 1242 ipse
565 1188 748 1230 baiulus
786 1188 1049 1230 litterarum
1083 1202 1187 1230 cum
1220 1187 1323 1228 aliis
1355 1187 1527 1235 tribus,
1571 1188 1650 1241 qui

139 1248 352 1289 auctores
393 1247 638 1289 sedicionis
679 1248 888 1298 fuerant,
932 1261 1014 1302 per
1055 1247 1235 1289 diversa
1282 1247 1559 1288 monasteria
1602 1247 1650 1287 111

140 1305 352 1348 custodia
392 1306 596 1349 habendi
637 1307 949 1349 mitterentur.
1012 1307 1087 1348 Ad
1130 1307 1510 1361 compescendam
1542 1320 1649 1348 vero

140 1367 370 1408 caeteram
410 1366 785 1417 multitudinem,
829 1366 1073 1420 quoniame
1113 1380 1197 1407 1166
1241 1365 1407 1420 spiritu
1440 1365 1649 1407 lenitatis

138 1438 224 1467 1166
244 1425 376 1480 virga
396 1426 678 1468 monasticae
701 1425 1004 1481 correptionis
1031 1425 1184 1467 sanari
1206 1425 1478 1479 potuissent,
1507 1425 1650 1466 abbas

91 1501 127 1527 20
139 1483 332 1526 militari
378 1499 519 1526 manu
565 1487 790 1528 uteretur.
869 1481 1026 1527 Tuncf
1079 1485 1222 1526 abbas
1270 1484 1419 1525 missis
1466 1485 1649 1526 obviam

139 1543 367 1586 militibus
409 1544 507 1587 sine
539 1545 584 1586 vi
625 1547 673 1587 et
714 1545 923 1586 tumultu
965 1558 1042 1586 eos
1075 1544 1272 1585 Fuldam
1314 1544 1473 1586 reduci
1515 1544 1650 1585 iussit

139 1604 187 1645 et
218 1606 350 1645 extra
380 1604 712 1646 monasterium
745 1604 1016 1646 custodibus
1049 1604 1273 1645 adhibitis
1311 1617 1444 1644 suum
1478 1606 1648 1657 presto-

138 1661 226 1704 lari
256 1663 472 1705 reditum.
538 1663 644 1718 Ipse
677 1677 871 1718 quoque,
905 1663 1004 1718 regi
1035 1663 1138 1704 vale
1170 1663 1310 1711 facto,
1350 1677 1426 1704 eos
1460 1677 1483 1704 e
1516 1663 1647 1704 vesti-

137 1721 214 1776 gio
246 1725 316 1764 est
349 1723 636 1764 subsecutus.
691 1723 765 1764 Ibi
798 1722 1018 1764 collectos
1050 1723 1218 1763 fratres
1251 1724 1298 1764 et
1331 1722 1501 1776 primos
1534 1722 1648 1762 mili-

89 1799 125 1824 25
138 1782 239 1822 tum
280 1781 583 1824 Fuldensium
625 1781 706 1823 diu
748 1796 802 1824 ea
843 1781 1124 1823 consultatio
1166 1781 1340 1827 tenuit,
1392 1781 1644 1822 laicorumg

138 1853 199 1881 an
238 1841 569 1882 monachorum
610 1841 783 1882 iudicio
823 1841 872 1882 in
920 1854 997 1883 eos
1044 1840 1350 1882 animadverti
1398 1843 1646 1894 oporteret.

138 1898 264 1940 Vicit
295 1912 350 1941 ea
382 1900 626 1950 sententia,
660 1895 806 1954 quaeh
834 1900 1051 1942 censebat
1080 1913 1169 1948 608,
1204 1900 1283 1953 qui
1316 1913 1505 1941 excusso
1538 1900 1647 1953 iugo

138 1957 344 2013 regulae,
379 1961 647 2014 contempto
679 1959 867 2010 abbate,
911 1973 992 2014 per
1025 1959 1363 2001 contumaciam
1397 1959 1566 2013 egressi
1600 1962 1647 2000 et

138 2017 335 2059 necdum
367 2017 416 2059 in
448 2019 778 2061 monasterium
811 2019 986 2074 recepti
1019 2020 1190 2069 essent,
1231 2018 1453 2060 laicorum
1488 2019 1647 2073 pocius

90 2097 125 2122 ³0
138 2075 240 2132 lege
271 2073 567 2119 iudicandosi
610 2078 723 2120 fore.
789 2074 893 2120 Itak
930 2078 1073 2120 abbas
1105 2078 1328 2119 laicorum
1371 2078 1645 2119 iurisdictio-

136 2149 242 2178 nem
274 2139 472 2182 secutus
507 2137 622 2180 duos
645 2151 699 2180 ex
722 2138 799 2188 eis,
834 2137 1032 2180 alterum
1066 2137 1412 2192 presbiteratus,
1447 2137 1645 2179 alterum

137 2194 339 2238 diaconii
379 2184 553 2239 honore
585 2197 811 2252 insignes,
850 2197 985 2239 iussit
1027 2197 1212 2252 publice
1245 2197 1386 2251 virgis
1428 2211 1554 2239 cesos
1597 2200 1643 2238 et

135 2256 344 2297 attonsos
376 2255 559 2310 expelli.
622 2256 842 2311 Reliquos
883 2257 1043 2298 multis
1085 2256 1234 2311 plagis
1276 2260 1530 2298 maceratos
1564 2270 1645 2310 per

135 2313 287 2356 vicina
326 2315 626 2366 monasteria,
670 2316 812 2357 alium
855 2316 946 2358 alio
987 2316 1258 2357 transmisit.
1328 2316 1398 2357 De
1447 2315 1642 2370 singulis

88 2374 293 2416 atamen
323 2387 418 2416 non
448 2388 531 2429 pro
564 2375 700 2418 modo
733 2375 919 2430 culpae,
963 2376 1042 2418 sed
1081 2390 1163 2430 pro
1196 2375 1422 2416 natalium
1457 2390 1644 2417 suorum

136 2431 349 2475 claritate
389 2433 462 2476 vel
504 2434 788 2477 obscuritate
835 2435 995 2476 mitius
1042 2435 1114 2477 vel
1163 2435 1364 2476 atrocius
1406 2438 1642 2489 sumptum

135 2491 414 2546 supplicium
456 2495 539 2535 est.
602 2493 785 2536 Viderit
826 2494 991 2544 abbas,
1035 2509 1094 2536 an
1126 2494 1170 2535 vi
1212 2494 1383 2536 doloris
1415 2494 1642 2548 impulsus

134 2549 327 2592 iniurias
368 2565 473 2594 suas
514 2553 724 2595 acerbius
765 2567 902 2607 quam
945 2554 1102 2595 decuit
1135 2554 1412 2595 vindicando
1455 2554 1640 2594 modum

134 2608 256 2652 forte
299 2611 560 2654 excesserit.
634 2612 690 2654 Id
733 2615 937 2663 constat,
980 2613 1181 2654 inustam
1226 2626 1322 2654 esse
1371 2626 1424 2653 ea
1472 2615 1640 2666 tempe-

86 2687 122 2712 40
135 2669 256 2710 state
289 2669 517 2712 maculam
540 2670 762 2713 Fuldensi
794 2672 1087 2721 monasterio,
1123 2685 1239 2726 quae
1272 2671 1411 2725 longa
1443 2671 1640 2712 forsitan

134 2727 481 2771 succedentium
503 2731 763 2785 temporum
787 2731 902 2773 serie
925 2730 1052 2772 ablui
1076 2733 1122 2773 et
1145 2726 1344 2784 extergi¹
1372 2744 1464 2772 non
1482 2730 1640 2785 possit.

133 2829 163 2863 ι)
182 2830 257 2856 lecte
277 2829 357 2858 Blb.
431 2830 462 2864 b)
481 2832 599 2864 publico
619 2833 715 2861 Β1.2.
784 2834 811 2865 c)
830 2841 886 2859 nec
904 2848 939 2853 —-
960 2834 1173 2860 misererentur
1193 2841 1246 2861 om.
1267 2834 1292 2858 B
1306 2833 1349 2860 lb.
1420 2832 1451 2861 d)
1472 2841 1642 2865 quanquam

134 2865 202 2899 A13
225 2866 335 2899 quique
355 2866 416 2894 ΒΧ.
437 2867 491 2899 Ν.,·
511 2868 547 2899 cf.
562 2869 652 2900 p.85‚
673 2877 700 2896 n.
714 2869 732 2897 1.
824 2875 852 2901 e)
871 2872 930 2902 qua
951 2870 1030 2896 Blb.
1123 2870 1146 2895 f»
1167 2870 1241 2895 Item
1260 2869 1340 2896 131¹».
1431 2870 1459 2901 g)
1481 2870 1642 2895 laioeownu

133 2901 211 2928 Bu.
268 2901 300 2934 h)
319 2909 379 2934 qua
399 2902 480 2931 ΒΗ).
554 2903 576 2935 1)
595 2902 789 2931 vindicandos
808 2905 870 2933 Rs.
944 2906 974 2935 k)
996 2906 1102 2936 ltaque
1122 2906 1182 2932 ΒΞ.
1257 2906 1276 2938 l)
1296 2905 1440 2937 extiugwi
1462 2905 1541 2930 ΒΝ.
