2046 3190
341 231 411 266 216
710 233 978 270 LAMPERTI
1002 236 1254 276 ANNALES.
1304 240 1353 275 A.
1381 242 1483 277 1075.

223 350 325 385 1075.
341 352 645 396 circumfusae
687 356 1001 400 multitudinis
1043 362 1089 401 et
1119 361 1165 403 vi
1206 363 1427 406 concitati
1467 363 1668 419 pulveris
1705 367 1841 409 suffo-

260 397 326 426 ΙΨ
340 414 470 453 catus
511 427 627 468 pene
669 415 883 470 spiritum
923 418 1231 462 exalaverata.
1294 422 1487 466 Relatus
1527 424 1577 465 in
1616 428 1839 469 monaste·
2026 474 2027 479 ,

336 471 458 512 rium
490 486 516 513 a
548 475 734 528 stupore
757 476 942 529 quidem
974 480 1140 520 mentis
1172 483 1277 535 post
1308 483 1551 537 paululum
1581 485 1836 540 respiravit,
2032 462 2046 523 3

337 530 518 572 nullum
558 534 717 575 tamen
756 534 882 576 ultra
912 538 1103 579 verbum
1143 541 1355 595 proloqui
1390 544 1556 597 potuit,
1601 545 1739 598 atque
1771 545 1838 587 ita

337 589 552 645 deinceps
584 606 665 646 per
687 589 782 634 VIb
811 594 1089 639 ebdomadas
1111 600 1378 652 gravissima
1401 603 1598 658 corporis
1623 603 1866 646 molestias

211 662 321 692 zaim.
336 649 566 701 decoctus,
601 652 758 694 XVII.
791 653 898 695 Kal.
931 656 1133 711 Augusti
1174 659 1387 702 humanis
1427 662 1565 704 rebus
1597 665 1835 719 exemptus

334 710 416 749 est.
466 709 548 750 Vir
578 711 716 765 plane
743 713 966 756 ferventis
992 716 1040 757 in
1066 717 1217 759 Deum
1243 719 1363 770 fidei,
1399 721 1491 762 suis
1517 723 1674 764 tamen
1695 723 1835 765 omni-

332 766 418 808 bus
460 769 708 811 admodum
747 772 939 825 invisus,
984 778 1228 831 propterea
1268 780 1391 832 quod
1431 780 1480 821 in
1527 781 1688 823 diebus
1737 782 1834 825 eius

332 826 562 870 Fuldense
603 843 771 872 nomen
811 833 970 874 multis
1003 835 1348 879 calamitatibus
1380 839 1677 883 vehementer
1707 842 1834 884 attri-

331 887 432 926 tum
465 889 511 928 et
544 902 659 942 pene
692 891 878 933 omnino
911 893 1233 937 oblitteratum
1265 897 1431 940 fuisset
1446 898 1474 939 ¹.
1528 899 1618 942 Sed
1650 901 1710 942 ad
1735 914 1834 957 cep-
1848 915 1883 941 10

330 947 444 996 tum,
479 948 601 989 unde
636 949 828 1003 digressi
861 965 1029 1003 sumus,
1062 955 1316 998 redeamus.

251 1018 318 1047 Iun,
474 1005 604 1047 Missi
637 1021 663 1048 a
695 1022 801 1063 rege
835 1011 1146 1066 exploratores
1175 1016 1402 1070 speculari
1425 1019 1677 1060 exercitum
1699 1019 1831 1063 Saxo·

328 1077 439 1104 num
450 1067 466 1087 ⁰
505 1066 766 1109 retulerunt
808 1084 884 1111 eos
925 1072 1226 1116 multitudine
1264 1078 1311 1117 et
1343 1077 1479 1119 armis
1512 1075 1656 1120 hautd
1691 1079 1831 1136 impa-
2010 1086 2046 1136 ,1

328 1126 445 1174 rese,
481 1127 662 1168 caetero
695 1126 808 1169 belli
839 1134 1064 1186 apparatu
1087 1133 1226 1175 etiam
1259 1137 1515 1190 superiores
1547 1151 1644 1181 esse
1660 1139 1686 1189 ²,
1721 1153 1830 1195 opes
2037 1145 2046 1166 ¹

329 1183 499 1224 multas
533 1187 579 1226 et
602 1185 886 1231 sufficient-es
918 1191 965 1231 in
999 1191 1189 1246 longum
1211 1208 1391 1249 quoque
1412 1198 1595 1252 tempus
1618 1201 1829 1254 sumptus
1844 1212 1877 1238 15

328 1243 608 1295 convexisse,
659 1246 777 1287 nihil
818 1252 1049 1302 permotos
1091 1254 1327 1295 tantorum
1375 1255 1578 1297 hostium
1626 1258 1828 1300 adventu

325 1301 374 1341 in
405 1303 612 1356 proximo
645 1308 795 1347 castra
827 1307 1020 1359 locasse;
1065 1314 1168 1365 post
1209 1312 1414 1355 laborem
1454 1316 1633 1358 itineris
1674 1317 1825 1360 ocioso

324 1360 416 1401 iam
449 1363 613 1414 animo,
649 1361 778 1406 fixisf
809 1368 1034 1419 tentoriis,
1067 1373 1316 1414 recreando
1350 1375 1528 1428 corpori
1558 1375 1822 1430 indulgere;

324 1419 410 1461 hoc
454 1422 680 1474 statuisse,
725 1427 779 1465 ut
820 1425 997 1480 legatos
1040 1430 1269 1484 supplices
1307 1432 1363 1474 de
1395 1447 1507 1487 pace
1538 1435 1742 1486 mittant,
1786 1437 1824 1478 si

323 1492 416 1519 non
456 1480 724 1535 impetrent,
775 1498 891 1538 equo
939 1489 1187 1531 certamine
1235 1491 1503 1533 adoriantur
1542 1495 1779 1538 venientes
1793 1496 1872 1536 3.20

322 1537 477 1580 Facile
510 1543 557 1581 et
590 1544 921 1598 contemptimg
947 1546 1033 1588 1100
1067 1549 1279 1590 auditum
1311 1553 1380 1592 est
1412 1551 1469 1593 ab
1502 1553 1574 1594 his
1607 1554 1686 1608 qui
1717 1568 1822 1596 cum

319 1610 427 1650 rege
460 1602 603 1650 erant,
637 1602 806 1656 passim
837 1604 1119 1648 iactantibus
1151 1622 1235 1650 nec
1267 1609 1439 1652 ferreas
1470 1607 1573 1654 vel¹¹
1609 1614 1820 1656 adaman-

319 1656 441 1698 tinas
483 1659 602 1701 acies
643 1661 936 1704 multitudini
977 1661 1047 1707 eti
1088 1667 1252 1709 virtuti
1293 1683 1401 1711 suae
1438 1671 1820 1726 inexpugnabiles

318 1715 439 1767 fore,
485 1731 638 1760 secum
680 1734 776 1763 esse
809 1723 1004 1765 militem
1036 1724 1350 1780 lectissimum,
1394 1730 1472 1784 qui
1513 1731 1563 1772 in
1593 1731 1820 1775 faciendis

318 1775 559 1830 stipendiis
601 1781 801 1822 aetatem
842 1784 1079 1837 exegisset,
1123 1788 1170 1827 et
1211 1801 1346 1840 quem
1387 1789 1558 1843 singuli
1589 1791 1819 1847 principes
1832 1805 1868 1832 25

319 1834 533 1889 diligenti
555 1836 769 1880 delectuk
794 1841 955 1884 habito
979 1843 1034 1885 de
1056 1846 1157 1886 toto
1181 1847 1288 1888 orbe
1316 1848 1631 1902 exquisissent.
1677 1851 1817 1894 Illinc

315 1894 482 1948 vulgus
516 1910 611 1938 esse
643 1898 866 1953 ineptum,
910 1903 1220 1955 agriculturae
1257 1907 1416 1960 pocius
1449 1922 1586 1962 quam
1617 1910 1816 1954 miliciae

316 1957 562 2006 assuetum,
606 1958 728 2010 quod
760 1973 854 2000 non
885 1961 1038 2003 animo
1070 1963 1275 2014 militari,
1319 1967 1398 2008 sed
1438 1967 1699 2023 principum
1728 1972 1816 2012 ter-

313 2025 414 2053 rore
457 2017 667 2056 coactum
710 2020 870 2059 contra
910 2034 1058 2062 mores
1100 2025 1147 2064 et
1187 2024 1405 2067 instituta
1451 2039 1533 2068 sua
1579 2028 1628 2068 in
1669 2029 1814 2071 aciem

314 2073 609 2124 processisset
622 2074 649 2124 4,
694 2078 741 2116 et
782 2077 886 2118 ideo
927 2093 1020 2120 non
1062 2085 1428 2136 expectaturum,
1472 2087 1525 2126 ut
1573 2088 1812 2131 commisso
1827 2102 1862 2128 30

313 2131 563 2173 certamine
586 2134 840 2176 comminus
873 2137 1034 2179 stricto
1057 2152 1163 2181 ense
1195 2142 1357 2184 feriret
1390 2147 1436 2185 et
1467 2145 1697 2198 feriretur,
1731 2148 1812 2190 sed

312 2191 419 2230 ante
442 2191 732 2233 commissum
765 2194 962 2247 prelium
994 2198 1090 2239 solo
1114 2203 1427 2243 concurrentis
1453 2205 1679 2246 exercitus
1702 2209 1811 2248 stre-

310 2247 412 2301 pitu
454 2251 500 2290 et
549 2250 746 2294 clamore
792 2255 1077 2304 terrendum,
1120 2257 1379 2311 fugandum
1427 2264 1474 2302 et
1520 2263 1810 2306 fundendum

310 2303 452 2349 essel.
505 2309 603 2350 Rex
633 2324 726 2351 non
755 2313 853 2352 tam
885 2315 1134 2366 metuebat,
1169 2331 1226 2358 ne
1258 2319 1416 2372 prelio,
1451 2334 1587 2374 quam
1618 2336 1676 2364 ne
1709 2337 1809 2378 sup-

309 2366 558 2419 plicatione
571 2372 602 2391 ω
645 2370 919 2423 vinceretur,
964 2369 1073 2415 *neu
1122 2376 1352 2431 principes
1397 2379 1468 2419 sui
1519 2380 1583 2421 eis
1634 2381 1808 2423 bellum
1822 2390 1858 2444 {5
1936 2421 1938 2423 ,
2043 2438 2046 2442 Δ

307 2425 479 2468 inferre
511 2427 805 2482 religiosum¹¹
833 2431 1066 2483 ducerent,
1101 2435 1179 2487 qui
1211 2449 1258 2477 se
1291 2437 1349 2477 ad
1376 2451 1684 2494 quascumque
1707 2455 1807 2483 con-
1832 2429 1943 2459 '³³²⁶'
2015 2440 2046 2489 ἒς

310 2484 512 2527 diciones
535 2488 850 2540 pacatissimos
872 2491 1117 2545 preberent
1132 2493 1158 2544 5,
1194 2496 1240 2535 et
1271 2495 1551 2549 ignominiae
1584 2512 1692 2541 suae
1713 2501 1807 2542 vin-

305 2600 334 2628 a)
354 2599 452 2627 exhal.
471 2601 533 2629 Al.
588 2602 618 2633 b)
638 2610 691 2628 sex
711 2604 787 2631 Bia.
798 2605 823 2631 2.
844 2605 880 2632 N.
936 2607 962 2636 c)
982 2607 1158 2632 saxonicum
1176 2608 1293 2642 BHk-03
1315 2609 1437 2636 Saxonfi
1457 2614 1519 2637 tum
1538 2613 1618 2642 Blb.
1674 2613 1705 2648 d)
1725 2616 1806 2642 haud

305 2634 330 2658 Λ
343 2635 367 2662 1.
385 2635 497 2663 Β10.2.
570 2639 598 2669 0)
617 2638 731 2670 impar&
750 2639 828 2667 Blb.
901 2641 926 2671 f)
944 2642 1005 2667 suis
1026 2643 1087 2669 132.
1141 2644 1170 2674 g)
1190 2645 1260 2671 Fac.
1279 2645 1310 2670 in
1331 2649 1534 2679 contemptum
1553 2649 1630 2678 131³.
1698 2652 1730 2682 h)
1749 2659 1805 2677 nec

303 2669 383 2697 Blb.
457 2671 478 2702 i)
499 2673 583 2700 mult.
602 2681 656 2698 sue
676 2677 706 2699 et
725 2675 794 2702 virt.
812 2676 853 2701 in.
873 2676 934 2703 Ba.
1006 2677 1038 2708 k)
1058 2676 1170 2703 dilectu
1190 2680 1250 2706 Bi.
1316 2681 1336 2712 l)
1357 2685 1436 2708 esset
1454 2684 1516 2711 Al.
1528 2685 1569 2712 1².
1635 2687 1674 2717 m)
1694 2686 1854 2719 suppli-40

305 2705 387 2730 cacio
407 2713 445 2731 110
465 2707 491 2731 Β
503 2709 543 2735 11¹.
616 2711 647 2740 n)
667 2710 866 2742 irreligiosum
885 2712 947 2739 131.
959 2712 993 2744 2;
1012 2713 1047 2743 ef.
1064 2721 1097 2744 p.
1112 2714 1173 2746 106,
1194 2715 1212 2741 l.
1227 2716 1269 2743 16.

305 2787 339 2829 1)
367 2787 422 2828 Cf.
449 2799 563 2832 supra
592 2802 632 2834 1).
658 2793 704 2827 87
722 2804 771 2835 sq.
882 2795 917 2838 2)
955 2795 1012 2836 Of.
1038 2795 1134 2831 Ann.
1161 2797 1197 2831 S.
1224 2798 1405 2843 Dlsibodz',
1443 2801 1508 2837 SS.
1535 2802 1673 2845 XVII,
1702 2815 1741 2847 p.
1770 2806 1801 2839 7.

303 2834 340 2876 3)
365 2834 561 2869 δοκοίη-(ἰαί
586 2838 765 2875 Barthold.
792 2841 906 2883 (Arm.
932 2842 969 2875 S.
995 2843 1130 2885 Blastzy
1154 2855 1193 2886 2).
1219 2846 1300 2880 278.
1397 2849 1434 2892 4)
1462 2848 1519 2890 Cf.
1547 2849 1699 2884 Carmen
1725 2852 1801 2894 III,

305 2882 480 2918 97-126.
578 2886 614 2928 5)
639 2886 902 2929 Commeatum„-
926 2889 1002 2922 vz'de
1025 2900 1141 2933 supra
1159 2902 1198 2934 p.
1219 2894 1299 2935 212,
1326 2904 1363 2929 n.
1380 2896 1414 2929 4.
