1968 3164
517 235 788 271 LAMPERTI
813 236 1069 273 ANNALES.
1119 237 1166 273 A.
1196 238 1299 274 1065.
1623 241 1668 274 97

158 372 263 402 eum
285 372 428 415 penas
460 373 542 414 pro
574 359 817 414 impietate
849 359 1080 410 daturum,
1116 360 1238 413 quod
1270 360 1475 414 impuras
1508 359 1798 418 11111111181065·

157 418 208 460 in
239 418 525 461 sacerdotem
548 417 724 460 Christi
756 418 978 473 profanus
1012 421 1058 461 et
1090 419 1319 460 idolatraa
1358 419 1542 461 mittere
1576 434 1670 474 pre·
1687 406 1777 431 ''w‘'
1790 406 1836 431 ²⁷*

159 478 442 534 sumpsisset.
508 477 702 519 Irruunt
734 478 946 532 protinus
979 477 1059 519 alii
1093 478 1248 520 clerici
1282 481 1328 520 et
1361 478 1469 520 laici
1501 481 1548 520 et
1574 482 1669 520 tam

158 537 268 580 huic
300 551 438 592 quam
471 538 664 580 caeteris
706 538 785 592 qui
825 538 874 579 in
913 537 1184 580 cenaculum
1218 538 1523 580 ascenderant
1555 539 1670 580 adeo

128 597 272 639 sartis
312 597 507 640 nexibus
548 611 711 638 manus
753 611 780 638 a
822 599 953 652 tergo
996 597 1344 652 constringunt,
1388 600 1441 639 ut
1483 598 1671 652 sanguis

160 656 389 712 plerisque
441 659 581 712 rupta
633 659 739 699 cute
792 671 874 711 per
924 671 1103 712 ungues
1156 658 1418 712 proflueret.
1483 657 1671 699 Perlato

160 716 348 758 audacis
400 716 516 759 facti
568 716 741 758 indicio
794 717 853 758 ad
901 730 978 758 eos
1026 717 1104 771 qui
1151 712 1227 758 inb
1281 717 1491 759 inferiori
1539 719 1670 771 parte

159 776 348 818 (10111118ο
387 776 716 826 consistebant,
750 776 840 831 ipsi
871 790 1052 830 quoque
1086 776 1158 817 his
1190 776 1269 831 qui
1301 777 1426 831 apud
1459 790 1505 818 se
1539 779 1671 818 erant

158 835 366 878 Arabum
407 835 695 890 principibus
735 835 859 878 idem
900 836 1096 877 faciunt.
1167 832 1316 878 Deind
1364 835 1471 878 laici
1513 849 1671 878 omnes

113 908 147 933 ιο
160 894 344 937 sublato
386 894 435 936 in
475 895 623 936 altum
672 895 871 937 clamore
913 898 1167 950 vocatoque
1214 895 1263 936 in
1311 895 1534 937 auxilium
1583 895 1671 937 sibi

160 954 365 996 omnium
418 968 572 997 rerum
625 954 789 1009 opifice
843 954 942 997 Deo
995 969 1152 996 rursus
1200 969 1327 996 arma
1375 958 1668 1010 capessunte,

160 1014 407 1056 maceriam
445 1016 697 1069 occupant,
742 1014 1016 1069 presidium,
1057 1015 1179 1069 quod
1213 1014 1335 1056 circa
1367 1017 1523 1069 portas
1556 1017 1669 1065 erat,

162 1075 375 1116 conserta
414 1087 556 1115 manu
596 1073 804 1115 fundunt
845 1074 1127 1128 fugantque,
1172 1077 1219 1116 et
1261 1074 1324 1116 sic
1366 1074 1562 1123 alacres,
1607 1075 1671 1116 810

160 1132 393 1175 innovatis
424 1133 614 1188 inopino
648 1147 860 1175 successu
892 1133 1066 1175 viribus
1099 1133 1270 1188 ubique
1303 1148 1399 1176 rem
1426 1136 1669 1188 peragunt,

114 1205 147 1231 1⁶
160 1194 214 1234 ut
255 1192 374 1234 nihil
415 1192 725 1243 lassitudinis,
769 1193 887 1234 nihil
929 1193 1210 1235 incommodi
1252 1207 1306 1235 ex
1346 1193 1565 1234 triduana
1606 1193 1671 1235 eis

158 1251 316 1294 inedia
347 1253 395 1294 et
426 1251 584 1294 labore
607 1252 850 1294 accessisse
883 1254 1084 1307 putares.
1137 1252 1444 1295 Alacritatem
1476 1255 1670 1303 tantam,

160 1313 351 1366 repente
393 1325 448 1354 ex
488 1311 683 1366 trepidis
724 1311 862 1354 rebus
903 1314 950 1354 et
991 1312 1157 1353 ultima
1196 1312 1516 1367 desperatione
1550 1326 1671 1354 coor-

160 1372 270 1421 tam,
304 1370 499 1412 nimium
525 1371 743 1413 admirati
765 1371 955 1422 Arabes,
989 1385 1074 1413 nec
1107 1371 1246 1413 aliam
1279 1371 1500 1414 novitatis
1533 1372 1671 1413 huius

162 1443 346 1472 causam
379 1430 613 1485 suspicati,
648 1426 815 1485 quamf
842 1431 965 1485 quod
989 1431 1045 1474 de
1074 1431 1362 1486 principibus
1395 1432 1489 1472 suis
1522 1445 1670 1486 sump-

113 1491 262 1531 notum
284 1489 460 1532 fuisset
492 1489 791 1546 supplicium,
832 1490 1146 1532 infestissimis
1188 1491 1353 1532 animis
1385 1491 1434 1532 in
1467 1505 1670 1545 pugnam

161 1551 304 1591 ruunt
335 1551 383 1592 et
414 1549 542 1592 facto
574 1563 713 1605 grege
746 1564 828 1605 per
859 1564 998 1601 arma,
1042 1564 1124 1605 per
1155 1551 1276 1592 viros
1312 1551 1361 1592 in
1394 1553 1545 1592 castra
1577 1565 1671 1605 per-

161 1612 405 1664 rumpereg
439 1611 620 1664 parant.
683 1609 745 1651 Et
777 1611 882 1651 acta
913 1624 985 1652 res
1017 1610 1161 1659 foret,
1202 1610 1289 1651 nisi
1323 1605 1530 1652 mature¹¹
1569 1612 1671 1651 orto

162 1667 355 1711 consilio
377 1669 619 1711 christiani
641 1666 870 1711 vinctosg*
898 1683 952 1711 eo
974 1669 1076 1711 loco
1100 1669 1330 1724 principes
1363 1664 1669 1719 stat11erent⁵‚

162 1727 243 1770 ubi
294 1728 582 1770 atrocissima
632 1728 701 1769 vis
753 1728 958 1770 hostium
1016 1731 1064 1770 et
1116 1729 1419 1770 creberrimus
1472 1728 1670 1770 telorum

113 1802 149 1828 25
161 1783 338 1830 imberk
372 1787 685 1838 incumbebat,
719 1788 931 1842 apposito
974 1802 1111 1842 super
1144 1788 1299 1842 capita
1336 1802 1493 1830 eorum
1527 1788 1671 1842 spicu-

161 1845 322 1897 latore,
356 1847 435 1901 qui
468 1846 732 1888 districtum
763 1847 812 1888 in
845 1846 1058 1889 manibus
1090 1847 1298 1902 gladium
1330 1850 1493 1889 tenens
1520 1847 1671 1888 clami-

161 1905 295 1947 tabat
335 1919 418 1960 per
456 1906 781 1960 interpretem,
825 1906 913 1948 nisi
955 1906 1012 1948 ab
1054 1902 1425 1961 obpugnatione¹
1473 1907 1671 1961 quiesce-

161 1967 287 2016 rent,
321 1979 414 2007 non
446 1965 584 2006 armis
617 1978 664 2007 se
696 1965 981 2008 adversumm
1014 1979 1112 2016 eOS,
1148 1966 1227 2008 sed
1260 1966 1521 2021 principum
1554 1966 1671 2021 capi—

161 2023 288 2066 tibus
320 2024 634 2066 dimicaturos.
697 2024 814 2066 Tum
846 2025 935 2080 ipsi
967 2025 1211 2080 principes,
1246 2039 1360 2080 quos
1392 2028 1547 2080 preter
1579 2026 1672 2067 vin-

113 2099 149 2124 30
162 2083 371 2126 culorum
393 2083 696 2126 acerbitatem
727 2084 972 2127 imminens
994 2099 1175 2140 quoque
1202 2085 1456 2127 cervicibus
1489 2085 1671 2140 gladius

162 2142 459 2186 vehementer
499 2143 723 2198 angebat,
767 2157 871 2186 cum
914 2158 1082 2199 magno
1124 2144 1302 2187 eiulatu
1335 2158 1440 2187 suos
1473 2145 1671 2187 obtesta-

161 2201 344 2253 bantur,
386 2204 441 2244 ut
481 2203 764 2246 moderatius
805 2207 1019 2259 agerent,
1062 2218 1119 2246 ne
1161 2204 1395 2246 obstinate
1438 2207 1672 2246 certamen

161 2261 373 2304 hostibus
413 2261 668 2305 inferentes
709 2277 786 2305 eos
823 2263 883 2305 ad
915 2263 1194 2318 supplicium
1237 2277 1487 2318 necemque
1526 2278 1669 2310 suam,

162 2334 266 2362 cum
306 2321 478 2364 incisan
525 2325 655 2377 spes⁰
703 2325 823 2365 esset
863 2323 1046 2373 veniae,
1090 2323 1445 2365 inflammarent.
1519 2323 1671 2364 Patris

112 2379 366 2435 “periculo
398 2381 628 2423 attonitus
660 2381 784 2423 filius
816 2382 947 2424 ducis
973 2382 1193 2434 Arabum,
1228 2397 1363 2437 quem
1397 2383 1455 2424 ad
1489 2385 1669 2437 portam

160 2439 267 2481 atrii
308 2453 336 2481 a
376 2442 508 2495 patre
549 2454 688 2483 causa
728 2441 917 2496 presidii
957 2441 1173 2484 relictum
1221 2456 1360 2497 supra
1407 2442 1668 2491 memoravi,

161 2498 304 2541 citato
345 2499 494 2554 gradu
533 2499 583 2541 in
624 2500 987 2543 confertissimos
1029 2515 1215 2544 suorum
1258 2515 1427 2544 cuneos
1461 2515 1507 2542 se
1541 2501 1670 2542 dedit

161 2559 208 2599 et
239 2557 439 2600 furentis
471 2559 700 2601 exercitus
731 2560 956 2614 impetum
989 2574 1099 2603 voce
1134 2563 1180 2603 et
1213 2575 1353 2602 manu
1386 2560 1669 2614 increpitans

160 2616 356 2659 retinuit
395 2619 443 2660 et
483 2617 580 2660 tela
619 2618 669 2660 in
710 2619 866 2662 hostes
906 2619 1056 2662 iacere
1089 2619 1351 2674 prohibuit,
1395 2623 1539 2673 quaep
1578 2632 1669 2659 non

111 2675 339 2727 4ohostes,
381 2679 435 2718 ut
466 2677 555 2732 ipsi
588 2680 820 2732 putarent,
855 2679 934 2720 sed
968 2679 1198 2734 principes
1240 2679 1309 2720 sui
1343 2678 1539 2733 propriis
1571 2692 1669 2732 pec-

31 2819 33 2822 *
159 2802 190 2870 ιζ
209 2802 348 2836 ydolum
365 2803 430 2830 Ba.
505 2803 535 2838 b)
554 2804 608 2831 inf.
628 2804 659 2830 in
678 2808 763 2837 parte
782 2806 861 2831 131⁸.
937 2805 965 2838 c)
985 2814 1041 2831 om.
1062 2806 1125 2831 Bl.
1141 2806 1166 2833 2.
1240 2805 1270 2837 d)
1295 2803 1411 2831 Deinde
1431 2806 1456 2830 A
1470 2807 1510 2830 1⁸.
1534 2804 1613 2830 ΒΗ).
1634 2805 1667 2830 P.

13 2829 33 2870 ,ξ
160 2844 177 2864 e
215 2841 374 2871 capessant
391 2837 474 2865 31¹².
566 2840 591 2871 s)
619 2847 650 2871 φ
671 2840 765 2873 (quia)
784 2841 863 2867 31¹.
957 2840 987 2874 g)
1013 2848 1207 2873 prorumpere
1232 2841 1295 2866 ΒΞ.
1384 2840 1431 2872 g‘)
1451 2841 1568 2866 iunctos
1588 2840 1669 2866 Bw.

11 2877 31 2900 ὑ
161 2873 192 2906 h)
205 2877 322 2900 maturo
335 2873 363 2899 B
373 2873 417 2900 1¹².
492 2874 515 2907 1)
528 2877 676 2902 nutui-ent
688 2876 714 2901 Β
725 2875 775 2910 1¹³3
797 2880 866 2902 stat.
880 2877 976 2909 princ.
991 2877 1018 2902 Β
1028 2879 1070 2903 1·.
1146 2877 1178 2906 k)
1191 2876 1295 2909 ymber
1309 2876 1334 2901 Β
1346 2875 1389 2901 1¹³.
1401 2877 1427 2902 2.
1503 2877 1524 2908 1)
1537 2884 1668 2908 oppugn.

0 2895 41 2969 ᾖ
161 2909 186 2934 A
199 2910 224 2935 1.
240 2909 319 2935 131⁸.
333 2910 360 2935 2.
426 2910 467 2941 m)
485 2910 628 2937 aduersus
642 2911 668 2936 Β
679 2913 721 2938 ιι.
786 2912 817 2945 n)
836 2913 944 2938 inscia·
957 2913 983 2938 B
994 2914 1019 2938 1.
1031 2913 1057 2940 2.
1123 2913 1151 2946 ο)
1166 2915 1244 2938 esset
1263 2919 1330 2944 spes
1345 2911 1370 2936 Β
1381 2912 1407 2937 2.
1474 2911 1504 2945 p)
1525 2912 1574 2943 qui
1588 2912 1669 2936 131⁸.

6 2979 39 3010 ..ἐς

1357 2973 1377 3006 7

0 3074 3 3092 l

0 3093 5 3164 Ι
