1942 3198
662 189 961 227 PRAEFATIO
988 189 1028 227 C.
1046 189 1098 226 II.
1523 187 1636 224 XXV

128 317 217 360 viri
238 316 364 359 dicta
394 328 686 370 excerperem
719 316 766 356 et
799 328 853 357 ea
885 314 1016 369 quasi
1039 314 1233 356 disiecta,
1255 311 1477 354 historiae
1500 326 1636 354 mem-

128 377 212 420 bra.
241 376 291 418 in
322 375 461 417 unius
493 373 643 417 libelli
675 374 1001 429 corpusculum
1034 387 1344 428 congererem.
1398 371 1458 412 Et
1488 385 1637 414 revera

127 449 179 479 ex
217 433 460 479 Willibaldi
509 437 548 476 et
593 432 765 476 Othloni
779 433 794 458 1
836 431 946 475 Vitis
997 433 1041 475 S.
1080 430 1303 484 Bonifatii
1348 434 1387 472 et
1427 430 1636 474 Passione

129 495 175 539 S.
191 493 414 547 Bonifatii
445 497 614 536 auctore
646 491 849 536 canonico
873 492 918 535 S.
941 491 1124 535 Victoris
1144 491 1404 545 Moyuntino
1415 491 1442 543 ²,
1476 490 1638 543 Eiyilis

96 569 114 596 ο
137 553 236 598 Vita
278 551 443 597 Sturmi
483 551 648 595 abbatis
688 551 922 594 Fuldensis
935 552 968 605 3,
1018 551 1221 604 Ruodolfi
1263 549 1496 593 Feddensis
1539 550 1637 592 Vita

127 613 293 656 Leobae
303 613 332 667 ⁴,
366 615 593 667 praeterea
623 625 720 654 vero
752 611 880 654 etiam
917 625 968 653 ex
999 611 1116 665 Lupi
1157 610 1258 653 Vita
1297 609 1506 663 Wiyberti
1537 610 1636 652 Fri-

126 671 386 716 tislariensis
399 672 426 726 ⁵,
469 685 596 726 quam
637 670 795 724 omisit,
839 670 1003 725 eolleqit
1040 684 1147 724 quae
1188 671 1238 713 de
1279 670 1406 712 Lullo
1447 669 1636 723 episeopo

125 732 174 775 in
213 731 272 775 iis
311 731 474 774 tradita
513 734 650 774 erant.
713 730 882 773 Revera
921 730 1050 773 etiam
1091 731 1173 772 duo
1215 730 1362 772 saltem
1404 728 1637 782 diplomata

127 791 289 835 Karoli
309 790 471 845 Mayni
492 789 688 833 adhibuit
700 791 728 844 ⁶,
762 804 941 844 quorum
971 804 1105 832 unum
1126 789 1255 832 etiam
1277 788 1430 832 diserte
1451 788 1593 831 attulit
1608 789 1634 830 ⁷.

79 868 114 894 10
129 852 214 895 Sed
251 850 342 894 iam
380 850 430 893 in
469 849 537 892 his
578 851 856 903 Lampertum
896 849 1245 903 deprehendimus
1292 848 1503 890 hominem
1550 862 1636 891 non

127 911 267 954 dicam
296 910 441 952 minus
470 923 672 962 veracem,
715 908 859 952 minus
898 908 1092 951 veritatis
1132 913 1357 961 amantem,
1401 909 1475 950 sed
1506 907 1636 961 impu-

127 972 274 1014 denter
302 968 581 1012 mentientem.
652 969 767 1011 Ante
799 983 848 1010 ea
879 969 1018 1022 verba,
1061 982 1168 1022 quae
1199 969 1321 1010 modo
1353 967 1489 1020 attuli,
1524 972 1636 1020 post-

127 1043 255 1084 quam
292 1029 403 1072 dimit
438 1042 481 1071 se
513 1027 725 1071 conscium
756 1027 839 1070 sibi
870 1042 956 1070 esse
987 1042 1031 1070 se
1061 1027 1272 1070 inuidiam
1314 1026 1396 1069 si'bi
1432 1027 1636 1078 conflatu-

126 1103 223 1132 rum
265 1086 589 1140 (monachatum
620 1086 924 1142 Fuldensium)
968 1087 1036 1129 his
1077 1101 1184 1141 quae
1224 1087 1272 1129 in
1314 1087 1483 1129 laudem
1515 1086 1637 1129 Lulli

79 1166 114 1192 15
127 1147 426 1203 composuerit.
447 1147 577 1190 Illud
594 1150 793 1198 tantum,
817 1147 891 1200 ait,
915 1148 1004 1189 sibi
1026 1162 1053 1189 a
1076 1161 1148 1190 me
1170 1161 1441 1202 responsum
1464 1147 1636 1188 habeat

126 1209 313 1264 iniquus
343 1207 425 1250 ille
457 1207 734 1262 quicumque
767 1209 838 1249 est
870 1207 1222 1262 calumpniator,
1257 1220 1330 1249 me
1358 1220 1453 1248 non
1473 1206 1636 1248 rudem

127 1269 295 1311 cudere
326 1267 582 1317 materiam,
626 1267 707 1310 sed
747 1267 796 1308 in
838 1281 928 1322 qua
967 1269 1015 1309 et
1054 1267 1135 1308 alii
1167 1267 1415 1322 scriptores
1447 1266 1540 1307 iam
1571 1266 1636 1306 in-

126 1328 263 1383 genia
294 1341 377 1369 sua
409 1327 705 1377 detriverint;
746 1326 1004 1381 malignum
1037 1341 1109 1369 me
1140 1326 1285 1368 fuisse
1317 1326 1633 1381 interpretem,

126 1388 166 1430 si
205 1387 317 1442 quid
359 1387 417 1429 ab
460 1386 563 1428 aliis
605 1386 909 1442 scriptoribus
950 1387 1189 1435 traditum,
1233 1386 1357 1440 quod
1398 1385 1534 1427 modo
1577 1385 1636 1426 ad

78 1461 223 1490 sorem
254 1447 469 1497 attineat,
504 1459 589 1501 ego
621 1448 704 1488 aut
736 1446 843 1488 odio
875 1448 1028 1488 motus
1053 1448 1135 1487 aut
1157 1446 1310 1500 gratia
1331 1445 1517 1487 silentio
1540 1459 1636 1500 pre-

127 1577 163 1618 1)
189 1575 287 1609 Licet
321 1585 400 1608 eum
433 1584 505 1608 non
538 1575 711 1617 citaverit,
749 1578 866 1608 tamen
901 1574 1080 1608 nonnulla
1112 1574 1269 1616 scripsit,
1307 1584 1396 1616 quae
1420 1574 1567 1606 nonnisi
1591 1584 1635 1607 ea*

129 1623 276 1657 othloni
293 1623 375 1656 Vita
393 1622 430 1658 S.
446 1621 630 1664 Bonifatii
652 1632 790 1655 sumere
811 1623 941 1665 potuit,
967 1626 1007 1654 ut
1032 1631 1058 1656 ο.
1074 1623 1107 1656 2.
1126 1631 1216 1664 quae
1241 1621 1282 1654 de
1301 1621 1474 1663 Cunihilt,
1503 1625 1634 1654 mater-

126 1674 204 1704 tera
227 1670 340 1712 nulli,
374 1669 471 1705 dicit.
529 1669 652 1703 Facile
685 1669 896 1703 crediderim
929 1669 1122 1702 Fuldensis
1157 1669 1368 1710 fundatoris
1402 1669 1484 1701 Vita
1520 1680 1636 1713 nuper

126 1719 326 1762 conscripta
351 1717 541 1751 monachos
565 1717 843 1760 Hersfehlemses,
881 1717 1037 1750 aemulos
1061 1716 1253 1750 Fuldensis
1286 1716 1433 1758 qlorz'ae,
1470 1718 1636 1751 incitatos

79 1773 114 1799 25
128 1776 208 1808 esse,
241 1770 283 1799 ut
307 1769 338 1798 et
361 1766 422 1798 sui
445 1765 655 1807 fundatoris
680 1765 764 1797 Vita
789 1767 1064 1807 componeretur,
1093 1765 1310 1807 praesertim
1336 1774 1414 1796 cum
1441 1764 1636 1798 Fuldenses

127 1814 170 1846 de
192 1813 302 1846 Isullo
325 1813 473 1846 nonnisi
495 1813 594 1846 mala
621 1813 858 1855 loquerentur.
909 1811 967 1844 Ita
1000 1813 1105 1844 etiam
1130 1811 1364 1854 Lampertum
1399 1812 1447 1844 ad
1481 1814 1636 1845 consori-

129 1860 276 1894 bendam
301 1860 491 1894 historiam
517 1859 803 1901 Hersfeldensem
829 1858 992 1903 perpulit
1016 1858 1112 1893 laeta
1140 1858 1328 1892 cuiusdam
1355 1857 1547 1892 Fuldensis
1575 1859 1635 1894 ab·

128 1907 222 1942 batis
247 1905 400 1941 historia
424 1907 546 1950 (infra
566 1918 606 1950 p.
625 1908 707 1950 345,
737 1907 759 1942 Ζ.
777 1908 901 1950 4—8).
975 1906 1013 1951 2)
1041 1907 1272 1950 Lampertum
1301 1907 1407 1940 etiam
1433 1906 1535 1949 hanc,
1563 1908 1636 1941 edi-

129 1959 203 1989 tam
228 1955 293 1990 SS.
312 1955 364 1998 ΙΙ,
386 1966 427 1998 p.
446 1956 516 1991 353
533 1966 619 1998 sqq„
657 1955 780 1998 leqisse
803 1965 874 1988 non
900 1959 993 1988 certo
1018 1956 1149 1988 certius
1173 1954 1273 1997 apud
1299 1964 1350 1987 me
1375 1958 1520 1997 constat,
1559 1956 1635 1990 lieet

81 2011 116 2037 ao
127 2004 201 2036 sint
234 2013 324 2047 quae
358 2003 420 2036 hoc
454 2003 640 2037 suadeant.
701 2002 756 2044 Cf.
783 2003 888 2045 infra
914 2013 954 2046 p.
972 2004 1055 2044 313,
1081 2013 1116 2037 n.
1136 2004 1170 2037 3.
1206 2003 1288 2043 315,
1314 2012 1349 2036 n.
1369 2003 1402 2036 2.
1440 2003 1520 2044 320,
1546 2014 1581 2038 n.
1601 2005 1633 2039 2.

129 2052 211 2094 322,
238 2061 274 2086 n.
294 2052 326 2086 1.
386 2050 560 2094 Pleraque
593 2059 674 2084 vero
708 2060 799 2093 quae
833 2050 885 2083 ibi
918 2050 1085 2093 leyuntur
1109 2060 1154 2083 ea:
1181 2049 1326 2083 Othloni
1355 2049 1472 2083 libello
1503 2051 1636 2084 discere

125 2099 255 2143 potuit.
345 2099 382 2142 3)
399 2097 466 2134 SS.
484 2097 536 2141 ΙΙ,
558 2108 599 2141 p.
617 2099 687 2133 366
700 2108 774 2141 sqq.
860 2099 897 2141 4)
916 2097 980 2133 SS.
998 2097 1039 2130 X
1047 2098 1086 2139 V,
1109 2099 1140 2139 1,
1161 2108 1201 2140 1).
1221 2099 1422 2133 118—131.
1510 2100 1545 2141 5)
1570 2099 1634 2134 SS.

129 2145 218 2188 XV,
246 2147 284 2188 1,
314 2156 355 2189 p.
383 2147 539 2181 36—43.
668 2147 703 2189 6)
741 2145 797 2187 Cf.
833 2146 939 2188 infra
968 2157 1008 2188 p.
1036 2147 1123 2186 329,
1159 2156 1195 2180 n.
1224 2147 1256 2180 1.
1295 2147 1383 2187 332,
1418 2156 1453 2180 n.
1483 2147 1513 2180 1.
1541 2148 1574 2182 3.
1601 2148 1634 2182 4.

130 2194 166 2237 7)
188 2193 313 2227 Etiam
337 2194 531 2236 reyistrum
555 2193 789 2236 praediorum
815 2194 907 2237 quod
931 2196 1078 2226 vocatur
1104 2193 1336 2226 Breviarium
1362 2193 1398 2227 S.
1414 2193 1519 2226 Lulli
1543 2194 1634 2237 leye't.

82 2248 116 2274 ³5
129 2241 312 2286 Epistolas
329 2241 435 2274 Luni
458 2244 489 2275 et
514 2240 563 2273 ad
588 2251 665 2274 eum
690 2240 797 2274 datas
821 2251 892 2274 non
918 2241 1010 2284 Ieyit,
1036 2251 1079 2273 ne
1103 2241 1241 2284 quidem
1261 2243 1402 2274 eoestare
1419 2242 1525 2276 novit.
1566 2242 1635 2275 Ne-

129 2299 196 2332 que
228 2290 334 2322 etiam
362 2288 596 2332 Meyinhardi
619 2288 811 2321 Fuldensis
843 2288 998 2323 libellum
1032 2288 1074 2321 de
1105 2289 1142 2323 S.
1166 2289 1337 2322 Fet-ratio
1371 2299 1431 2322 nee
1466 2289 1635 2322 Wandal-

131 2335 222 2370 berti
253 2336 436 2370 Miracula
471 2336 508 2371 S.
535 2336 681 2378 Goaris,
718 2337 845 2379 quibus
875 2347 994 2380 pauca
1029 2337 1071 2369 de
1105 2336 1207 2369 Lulli
1239 2335 1344 2369 rebus
1376 2338 1483 2378 yestt's
1517 2338 1634 2371 relata

130 2387 246 2426 erant,
279 2394 389 2427 neque
422 2383 645 2426 epitaphium
670 2383 780 2427 Lulli,
818 2384 925 2425 infra
955 2395 994 2427 Ρ.
1016 2385 1097 2420 355.
1124 2383 1267 2424 editum,
1294 2383 1468 2419 adhibuit.
1499 2405 1539 2408 —
1568 2385 1635 2418 Re,-

129 2431 306 2472 fellemlus
322 2435 371 2464 est
394 2431 535 2475 Wenclc,
563 2431 677 2466 ‘Hess
691 2431 960 2474 Landesyesch!
980 2431 1030 2474 II,
1055 2443 1092 2476 p.
1111 2432 1193 2466 289.
1212 2432 1294 2473 291,
1321 2433 1386 2474 qui
1402 2431 1632 2475 Lampo-rum

81 2478 311 2522 mamm-yae,
338 2478 433 2522 quod
457 2489 548 2522 quae
571 2480 610 2511 in
636 2479 782 2512 archi-vo
808 2479 1056 2520 Hersfeldensi
1078 2478 1349 2513 ometinebantur
1373 2489 1444 2512 nen
1470 2481 1636 2513 consulu-

129 2527 197 2559 erit
230 2526 372 2570 ideoque
406 2527 515 2559 initia
540 2526 803 2568 Hersfeldensis
828 2527 981 2560 coenobii
1010 2527 1100 2559 neate
1125 2529 1301 2569 compertu
1337 2526 1519 2568 habuerit,
1557 2538 1632 2560 cum

130 2573 377 2614 fundationem
395 2574 472 2607 eius
495 2585 530 2608 a.
550 2575 630 2610 736.
658 2585 701 2607 ecc
718 2573 912 2607 annalibus
938 2575 1098 2617 antiquis
1123 2574 1365 2616 adscripserit.
1410 2575 1517 2607 Hune
1543 2576 1632 2608 enim

130 2631 264 2653 annum
284 2621 513 2663 fundationis
531 2621 798 2663 Hersfeldenses
823 2621 979 2655 consulto
1005 2633 1045 2655 ac
1069 2623 1151 2654 scite
1177 2632 1221 2654 ew
1248 2621 1328 2654 Vita
1347 2621 1489 2654 Sturme?
1509 2633 1635 2665 posue-

130 2671 234 2710 runt,
271 2667 334 2701 ubi
365 2679 392 2704 c.
421 2670 477 2704 13.
506 2671 559 2704 11.
595 2669 748 2702 relatum
773 2673 823 2702 est
849 2669 1035 2702 Stoi-rmum
1068 2681 1102 2704 a.
1122 2670 1202 2704 744.
1231 2673 1260 2701 et
1288 2679 1378 2702 nono
1408 2674 1487 2712 post
1513 2670 1633 2703 cellam

82 2714 355 2756 45Hersfeldiae
384 2720 620 2750 constructam
646 2726 741 2750 anno
765 2717 802 2750 F
801 2716 921 2749 uldam
955 2718 1141 2759 mim-asse.
1193 2716 1322 2750 cellam
1351 2716 1635 2758 Her-sfeldensem

132 2762 248 2804 ἐρίων
277 2773 311 2797 a.
331 2764 412 2798 736.
437 2765 578 2797 circiter
610 2764 820 2806 aedificarit,
852 2775 959 2807 quam
994 2775 1066 2798 rem
1104 2765 1246 2798 initium
1274 2763 1429 2797 coenobii
1461 2767 1522 2797 sui
1546 2766 1635 2798 acci-

127 2810 275 2852 pientes,
302 2809 567 2852 Hersfeldenses
595 2830 636 2835 -
664 2822 750 2845 sane
775 2822 819 2844 erc
844 2813 1015 2845 sententia
1042 2812 1246 2845 clericorum
1275 2812 1382 2844 medii
1410 2814 1486 2845 aee-17
1513 2832 1568 2854 —,
1599 2816 1635 2844 ut

132 2867 198 2890 sua
223 2857 362 2890 ecclesia
387 2857 562 2892 Fuldeusi
585 2860 770 2902 antiquior
795 2859 996 2902 haberetur,
1024 2859 1224 2902 effecerunt.
