2014 3184
453 215 456 218 ’
484 219 756 259 LAMRTI
781 222 1037 259 ANNALES.
1088 223 1136 258 A.
1163 219 1268 260 1076.
1569 215 1639 258 {77

125 346 260 399 sedis,
303 345 587 402 Sigehardus
628 346 895 401 patriarcha
925 345 1238 400 Aquileiensis
1277 347 1324 388 et
1356 345 1639 386 Altmannus
1653 336 1760 409 ‹1227166-

125 406 414 450 Pataviensis
455 406 710 461 episcopus,
753 406 824 447 vir
864 405 1147 460 apostolicae
1191 405 1553 447 conversationis
1592 406 1639 447 et
1705 404 1712 411 ‘
1759 404 1766 411 '

125 479 399 522 magnarum
440 465 489 507 in
523 464 710 507 Christo
742 465 983 515 virtutum,
1028 465 1104 507 cui
1145 479 1267 520 papa
1297 465 1420 506 vices
1453 478 1559 506 suas
1591 464 1641 505 in

126 525 429 582 dispositione
474 525 892 568 ecclesiasticarum
940 538 1183 567 causarum
1226 523 1541 579 delegaverat,
1593 525 1640 566 et

90 585 236 628 olaici
275 585 508 635 nonnulli,
553 585 632 639 qui
673 585 853 640 magnis
895 585 1061 639 opibus
1102 583 1280 626 relictis
1321 583 1447 625 ultro
1492 597 1538 625 se
1582 583 1640 624 ad

125 644 356 701 privatam
395 646 675 699 tenuemque
715 644 860 686 vitam
902 645 1092 699 propter
1134 643 1287 686 Deum
1329 643 1638 693 contulerant,

120 704 254 747 missi
279 718 308 746 a
327 704 536 746 Romano
569 704 802 759 pontifice,
837 706 891 745 ut
923 703 1078 758 palam
1110 703 1325 745 omnibus
1358 716 1440 757 per
1463 701 1640 744 Gallias

121 765 504 806 contestarentur
554 763 690 805 iustis
739 764 796 806 de
844 763 994 805 causis
1043 763 1494 805 excommunicatum
1543 775 1640 804 esse

127 837 283 879 regem
306 823 611 866 Heinricum¹
643 825 690 865 et
722 823 782 864 ad
809 823 1076 878 eligendum
1109 823 1252 863 alium
1289 818 1502 877 [regema]
1538 835 1640 876 apo-

76 899 116 924 :10
129 882 283 925 stolici
324 896 573 925 consensus
621 885 668 924 et
713 883 1007 924 auctoritatis
1050 882 1324 937 suffragium
1372 881 1640 936 polliceren-

127 945 207 984 tur
221 943 250 982 2.
314 937 407 984 Hib
445 956 530 984 nec
571 942 772 997 principi
813 956 897 984 nec
930 942 1111 996 privato
1145 941 1378 995 cuiquam,
1423 942 1501 995 qui
1543 941 1642 995 regi

128 1001 352 1044 Heinrico
385 1002 511 1044 dicto
543 1002 618 1044 vel
649 1002 777 1044 facto
810 1002 1104 1056 aliquatenus
1143 1003 1247 1056 post
1280 1001 1640 1042 excommunica-

128 1062 303 1104 tionem
352 1062 756 1111 communicasset,
807 1061 1146 1103 communicare
1198 1060 1438 1111 volebant,
1495 1061 1640 1101 donec

129 1121 315 1176 publice
352 1121 587 1177 professus
626 1121 933 1176 penitentiam
966 1134 1048 1176 per
1079 1120 1385 1161 Altmannum
1417 1119 1641 1161 vicarium

76 1197 115 1222 15
128 1181 326 1223 Romani
358 1181 591 1236 pontificis
618 1181 917 1222 anathemate
944 1180 1274 1222 absolveretur.
1327 1179 1436 1220 Pari
1458 1178 1642 1221 cautela

129 1254 287 1283 eorum
334 1254 516 1295 quoque
564 1241 933 1282 communionem
975 1239 1207 1290 vitabant,
1252 1239 1331 1293 qui
1373 1239 1640 1294 presbiteris

127 1300 390 1356 coniugatis
431 1300 505 1342 vel
548 1300 612 1342 eis
655 1300 734 1354 qui
766 1299 1103 1342 ecclesiasticas
1136 1299 1452 1340 ordinationes
1485 1298 1639 1353 precio

124 1361 508 1416 comparaverant
539 1360 590 1401 in
621 1359 830 1402 oratione
863 1359 1294 1402 communicassent.
1348 1358 1437 1400 Per
1462 1360 1640 1412 septem
1654 1374 1840 1402 &me—22.

126 1419 287 1475 itaque
328 1420 572 1463 continuos
615 1420 712 1462 dies
755 1419 948 1462 consilia
980 1419 1273 1461 conferentes
1289 1418 1316 1467 3,
1360 1417 1471 1471 quid
1512 1418 1639 1458 facto

83 1495 118 1520 20
131 1493 246 1536 opus
287 1482 419 1530 esset,
463 1494 555 1534 qua
593 1480 773 1521 ratione
815 1478 1103 1534 periclitanti
1145 1480 1191 1520 et
1233 1477 1420 1518 iamiam
1458 1477 1640 1517 naufra-

131 1540 258 1595 gium
290 1540 528 1582 minitanti
568 1539 636 1582 rei
667 1539 882 1594 publicae
916 1538 1252 1580 consulendum
1283 1537 1419 1586 foret,
1464 1536 1640 1591 perqui-

129 1600 309 1642 rebant.
356 1599 666 1654 Replicabant
699 1599 756 1640 ab
783 1600 957 1646 tenero,
993 1600 1046 1638 ut
1069 1597 1201 1638 aiunt
1215 1597 1243 1647 4,
1277 1610 1433 1651 ungue
1457 1609 1640 1637 omnem

129 1659 253 1702 vitae
285 1659 406 1714 regis
438 1659 795 1708 institutionem,
830 1658 997 1712 quibus
1019 1657 1211 1711 probris,
1246 1656 1413 1710 quibus
1445 1654 1640 1709 flagiciis

131 1718 520 1762 existimationem
562 1731 691 1759 suam
730 1718 960 1771 decusque
1001 1716 1184 1770 imperii
1223 1715 1437 1756 vixdum⁰
1478 1714 1640 1755 adulta

77 1794 118 1820 25
132 1781 286 1821 aetate
318 1778 616 1826 maculasset;
661 1790 773 1831 quas
810 1776 1002 1817 iniurias
1036 1775 1243 1829 singulis,
1288 1788 1400 1828 quas
1441 1774 1491 1814 in
1524 1787 1639 1815 com-

132 1852 271 1880 mune
293 1837 519 1884 omnibus,
554 1837 634 1878 ubi
657 1836 857 1891 primum
879 1835 1139 1890 pubertatis
1162 1847 1306 1875 annos
1329 1833 1502 1887 attigit,
1533 1833 1639 1874 irro-

131 1900 305 1954 gasset3
336 1897 472 1952 quod,
503 1896 691 1938 remotis
715 1910 741 1937 a
762 1890 1112 1936 familiam-stated
1141 1908 1224 1935 sua
1246 1893 1544 1948 principibus,
1575 1892 1640 1933 in-

132 1959 289 1999 fimos0
328 1957 538 1999 homines
571 1958 618 1998 et
650 1955 791 1997 nullis
824 1954 1074 1996 maioribus
1116 1956 1241 1995 ortos
1279 1953 1469 1994 summis
1502 1953 1639 1993 hono-

131 2017 259 2059 ribus
300 2016 572 2059 extulisset⁵
613 2018 659 2058 et
700 2029 804 2057 cum
847 2014 911 2056 eis
955 2016 1114 2056 noctes
1151 2013 1343 2068 perinde
1377 2027 1428 2054 ac
1463 2012 1559 2053 dies
1591 2012 1640 2051 in

81 2094 119 2119 80
132 2075 545 2119 deliberationibus
577 2075 824 2124 insumens,
868 2073 1099 2122 ultimum,
1140 2073 1178 2114 si
1210 2072 1367 2127 possit,
1402 2071 1639 2113 nobilitati

132 2135 458 2179 exterminium
480 2135 845 2184 machinaretur;
881 2133 1016 2188 quod,
1041 2132 1249 2175 barbaris
1271 2132 1490 2187 gentibus
1512 2144 1639 2172 vaca-

131 2253 161 2282 a)
185 2252 261 2277 deest
284 2252 312 2277 B
328 2253 352 2279 1.
368 2252 401 2285 2;
431 2252 466 2283 cf.
491 2259 584 2284 supra
604 2259 637 2283 p.
656 2251 724 2283 276,
751 2251 770 2279 l.
790 2251 833 2278 34.
919 2250 949 2283 b)
975 2250 1025 2275 Hii
1053 2256 1149 2275 omnes
1173 2249 1200 2274 B
1219 2249 1245 2276 Ῑι.
1260 2249 1280 2277 I,
1366 2249 1392 2278 c)
1419 2247 1468 2271 uix
1494 2250 1554 2271 tum
1576 2246 1601 2270 A
1616 2247 1639 2273 1.

132 2287 163 2319 d)
182 2288 322 2315 familtar.
341 2288 367 2313 A
381 2289 406 2315 1.
483 2289 511 2319 e)
531 2286 655 2313 imfimos
676 2287 702 2312 B
716 2286 760 2315 lb.

132 2371 353 2406 „mudaoium
387 2371 450 2405 hoc
478 2371 646 2414 protulit.
697 2371 729 2404 Α
765 2370 953 2403 nonnullis
983 2369 1123 2412 quidem
1160 2368 1345 2401 Saoeonum
1382 2370 1411 2400 et
1447 2366 1638 2399 Suevorum

80 2417 176 2464 πθ.
193 2429 220 2454 e.
239 2419 401 2461 Rudolfo
424 2418 524 2464 duce)
551 2423 634 2452 tunc
658 2419 699 2452 de
725 2418 799 2451 alio
824 2427 902 2460 reye
927 2416 1084 2459 eliqemlo
1110 2419 1300 2449 tractatum
1329 2426 1399 2448 esse
1423 2415 1527 2447 etiam
1551 2413 1639 2446 Ber-

133 2466 244 2502 thold.
265 2477 303 2510 p.
322 2468 404 2502 286.
429 2471 460 2500 et
486 2467 614 2500 Bruno
637 2477 665 2500 c.
683 2467 741 2502 88.
777 2469 964 2505 testantur,
1001 2475 1061 2497 nec
1090 2468 1206 2497 tamen
1234 2474 1351 2495 omnes
1375 2472 1435 2495 nec
1457 2461 1640 2505 plerosque

128 2515 339 2558 mancipum
364 2514 428 2548 hoc
444 2514 593 2548 voluisse
617 2515 716 2547 exitu
742 2516 927 2547 conventus
951 2512 1199 2544 Triburiensis
1225 2512 1297 2543 iam
1322 2509 1509 2552 probatur.
1547 2507 1641 2548 Quid

136 2561 296 2602 fautores
307 2572 427 2605 papae
451 2565 533 2595 tunc
549 2562 621 2595 sibi
633 2562 912 2606 proposuissent,
942 2561 1014 2602 ipse
1031 2559 1141 2592 edocet
1167 2559 1205 2591 in
1222 2557 1371 2600 epistola
1389 2557 1475 2589 data
1496 2555 1565 2589 Oct.
1580 2556 1638 2597 31,

135 2611 322 2652 antequam
353 2609 394 2642 de
417 2610 516 2642 exitu
540 2610 708 2652 colloquii
734 2607 1043 2652 Oppenheimensis=
1073 2607 1242 2639 nuncium
1277 2604 1435 2645 haberet,
1472 2603 1643 2645 Greyorii

82 2655 219 2698 40Bey.
245 2656 313 2698 IV,
333 2658 366 2697 7,
403 2656 424 2692 l.
445 2657 468 2692 l.
491 2668 528 2700 p.
545 2658 614 2691 251
634 2667 684 2699 sq.
786 2658 820 2699 1)
855 2655 939 2688 Vide
966 2654 1135 2695 Greyorief
1167 2654 1267 2696 epist.
1300 2653 1348 2685 ad
1373 2662 1490 2685 omues
1520 2651 1641 2683 Teuto-

136 2703 232 2736 nicos·
256 2703 391 2745 datam,
418 2703 533 2746 Jaffd,
560 2703 654 2738 Bibl.
681 2703 734 2746 II,
756 2714 795 2746 Ρ.
815 2704 885 2739 535
902 2713 988 2744 sqq„
1015 2712 1074 2735 nr.
1094 2702 1150 2736 14.
1265 2701 1301 2742 2)
1329 2699 1405 2732 Hoc
1430 2701 1642 2732 commentus

135 2754 185 2784 est
209 2750 336 2794 Lamp.
381 2751 436 2793 Cf.
466 2751 637 2793 Greyorii
659 2751 744 2793 Rey.
771 2751 838 2791 IV,
858 2753 898 2791 3,
927 2750 949 2784 I.
977 2750 998 2782 l.
1030 2760 1065 2792 μ.
1090 2749 1162 2783 245
1178 2758 1251 2791 sqq.
1359 2747 1395 2786 3)
1420 2747 1541 2780 Decem
1566 2746 1642 2779 dies

134 2799 229 2831 inter
253 2801 428 2831 tractatus
453 2802 652 2832 transactos
677 2809 746 2832 esse
770 2798 895 2831 scribit
922 2795 1103 2829 Rev-thom.
1132 2794 1245 2839 (Ama.
1273 2795 1308 2829 S.
1335 2795 1468 2836 Blasii)
1495 2806 1532 2838 p.
1558 2795 1639 2829 ⁴286.

135 2847 171 2889 4)
198 2845 328 2880 Horat.
357 2845 478 2880 Carnu.
504 2845 582 2888 III,
611 2846 650 2886 6,
676 2847 742 2880 24:
779 2845 823 2879 de
862 2848 988 2878 tenero
1024 2842 1223 2876 meditatur
1258 2842 1381 2886 ungui.
1433 2843 1490 2884 Cf.
1526 2853 1640 2885 supra

84 2903 168 2936 451).
187 2894 269 2934 253,
297 2893 320 2928 l.
341 2894 504 2928 19—26.
603 2892 639 2934 5)
664 2893 720 2934 Cf.
745 2903 860 2937 supra
883 2904 919 2936 p.
941 2893 1006 2926 147
1026 2902 1076 2934 sq.
1106 2892 1184 2926 151.
1211 2892 1292 2925 270.
