1968 3164
275 284 343 319 184
640 282 909 317 LAMPERTI
934 282 1187 319 ANNALES.
1239 283 1285 319 A.
1314 285 1417 320 1074.

156 404 259 439 1074.
275 407 427 447 stante
470 407 607 459 atque
646 405 867 447 incolumi
909 405 1112 454 castello,
1157 405 1279 459 quod
1321 407 1525 448 omnium
1558 406 1772 458 cladium,

141 452 260 483 (Mm't')
274 479 386 519 quas
439 466 731 519 acceperant,
787 467 926 519 caput
980 465 1349 519 principiumque
1403 466 1678 518 extitisseta,
1727 469 1774 509 et

274 524 396 578 quod
439 524 806 566 circumiacentis
852 524 1052 578 regionis
1095 520 1494 578 opulentissimasb
1542 526 1774 580 quondam

273 584 407 624 villas
440 597 561 625 nunc
594 584 642 624 in
674 584 909 625 horrorem
942 586 1209 637 vastamque
1242 583 1540 626 solitudinem
1578 585 1773 641 redegis-

274 645 389 685 set0.
453 643 559 684 Non
592 642 812 684 detulisse
851 656 1005 697 regem
1049 642 1197 684 cultui
1230 643 1398 693 divino,
1443 644 1522 686 sed
1560 644 1644 686 sub
1677 658 1804 699 pre-5

273 705 405 744 textu
438 702 675 756 religionis
709 702 998 743 crudelitatis
1041 715 1150 743 suae
1182 700 1519 756 patrocinium<l
1556 703 1770 758 quesisse,

272 764 326 802 ut
349 761 525 803 scilicet
558 762 816 802 instaurato
840 763 969 815 poste
999 761 1230 802 modicum
1254 761 1389 808 bello,
1425 776 1529 803 cum
1557 763 1672 805 haec
1703 763 1773 805 ira

273 821 528 862 Saxonibus
562 820 881 870 deferbuisset,
916 820 1068 861 locum
1101 816 1316 871 habeatf,
1351 821 1431 862 ubi
1464 821 1635 863 milites
1668 836 1773 864 suos

271 894 427 921 rursus
461 881 519 921 ad
552 879 833 921 eversionem
867 879 1121 920 Saxoniaeg
1156 874 1289 920 tuto¹l
1327 881 1524 931 emittat,
1568 882 1672 923 tuto
1708 894 1773 924 re·

271 940 424 993 cipiat,
473 941 519 981 et
561 941 672 980 tunc
714 940 847 979 tanto
880 938 1013 979 victis
1054 939 1293 980 incumbat
1329 939 1555 991 infestior,
1599 942 1772 994 quanto
1788 954 1822 980 ιο

271 1012 393 1040 nunc
448 998 655 1040 discedat
709 997 941 1039 Saxonum
994 997 1128 1039 laetis
1181 999 1466 1040 successibus
1518 1000 1771 1042 efferacior.

270 1057 400 1099 Haec
417 1057 617 1099 vicissim
639 1057 959 1111 intemperatis
978 1057 1255 1099 clamoribus
1278 1058 1470 1100 serendo
1492 1058 1541 1100 in
1557 1073 1772 1114 magnam

270 1129 316 1158 se
358 1117 649 1158 ferocitatem
691 1111 1084 1157 inflammarunti.
1158 1116 1311 1171 Igitur
1351 1117 1494 1159 tercio
1536 1118 1611 1160 die
1652 1121 1771 1173 post·

270 1190 406 1229 quam
428 1189 506 1218 rex
529 1172 857 1225 abscesseratk,
892 1176 1047 1217 insciis
1080 1176 1444 1231 inconsultisque
1470 1177 1768 1232 principibus,

269 1236 394 1276 facto
427 1249 565 1290 grege
597 1236 646 1276 in
679 1235 972 1289 Hartesburg
1009 1235 1205 1286 irruunt,
1250 1236 1371 1290 quod
1403 1236 1639 1278 residuum
1671 1239 1770 1279 erat
1785 1252 1818 1277 15

268 1308 503 1335 murorum
537 1309 563 1335 a
594 1294 900 1336 fundamento
925 1294 1143 1341 deiciunt,
1178 1291 1378 1348 lapides¹
1416 1295 1552 1350 longe
1585 1295 1769 1350 lateque

269 1353 554 1408 dispergunt.
619 1352 823 1394 Caeteris
857 1353 1089 1403 aedificiis,
1133 1367 1249 1407 quae
1282 1353 1575 1408 indulgentia
1606 1355 1768 1409 princi-

268 1427 377 1466 pum
401 1413 582 1467 integra
605 1414 876 1462 servaverat,
911 1412 1030 1453 idem
1055 1412 1258 1462 faciunt3
1293 1413 1574 1464 aecclesiam,
1609 1417 1768 1468 quaem

269 1471 557 1513 accelerandi
604 1471 754 1526 operis
802 1471 955 1512 studio
1005 1471 1191 1513 interim
1240 1471 1377 1526 lignis
1425 1472 1766 1527 elegantissime

268 1532 534 1572 constructa
559 1531 726 1581 fuerat,
761 1531 1062 1581 incenduntn,
1097 1531 1339 1572 thesauros
1362 1531 1566 1582 diruunt,
1601 1531 1815 1574 altaria20

269 1590 582 1644 confringunt.
637 1590 888 1640 Postremo,
923 1602 980 1631 ne
1013 1604 1103 1643 qua
1133 1590 1232 1644 regi
1263 1590 1554 1632 instaurandi
1587 1591 1766 1633 castelli

267 1649 445 1690 occasio
477 1649 655 1703 reliqua
687 1651 819 1700 esset,
854 1648 1031 1690 filium¹
1064 1649 1161 1690 eius
1194 1651 1240 1691 et
1271 1649 1464 1691 fratrem
1479 1650 1506 1700 ²,
1541 1664 1654 1704 quos
1685 1650 1765 1693 ille

267 1709 325 1749 ad
378 1709 733 1762 gratificandum
781 1708 1080 1762 popularibus
1127 1708 1281 1750 locum
1327 1708 1392 1750 ibi
1439 1709 1764 1761 tumulaverat,

266 1767 495 1808 effodiunt
528 1769 763 1822 aguntque
790 1768 955 1818 omnia,
990 1769 1214 1821 quantum
1247 1770 1452 1822 possunt,
1486 1782 1544 1810 ne
1577 1769 1766 1810 admini-

266 1827 454 1867 strando
487 1827 609 1868 bello
633 1827 848 1881 deinceps
880 1841 1010 1868 mons
1033 1827 1353 1881 complanatus
1385 1827 1529 1868 ullam
1561 1829 1765 1882 prestare
1779 1841 1813 1866 25

266 1886 436 1939 possit⁰
481 1886 860 1940 oportunitatem.
922 1885 1158 1940 Reliquias
1197 1888 1461 1928 sanctorum
1475 1887 1502 1938 ³,
1546 1900 1662 1941 quae
1703 1887 1765 1929 ef-

264 1945 425 1985 fractis
458 1945 682 1986 altaribus
715 1947 901 1986 erutaep
937 1945 1136 1995 fuerant,
1172 1947 1218 1987 et
1251 1946 1417 1987 effossa
1439 1945 1766 1988 defunctorum

265 2017 457 2057 corpora
489 2004 630 2045 abbas
663 2017 717 2046 ex
743 2004 893 2045 vicino
928 2003 1149 2045 cenobio4
1181 2006 1407 2058 oportune
1432 2005 1764 2059 vsuperveniens

264 2062 440 2103 furenti
471 2063 611 2116 vulgo
654 2063 824 2116 eripuit
867 2065 1005 2116 atque
1046 2063 1095 2103 in
1133 2077 1266 2104 suum
1299 2064 1627 2105 monasterium
1660 2078 1764 2106 cum

264 2121 437 2162 honore
469 2122 738 2162 transvexit.
1777 2135 1812 2166 30

406 2180 618 2221 Perlatus
652 2180 710 2220 ad
743 2180 972 2234 principes
999 2180 1223 2222 Saxoniae
1256 2195 1412 2222 rumor
1443 2182 1630 2223 admissi
1655 2182 1763 2224 faci-

262 2239 386 2280 noris
418 2239 583 2293 grandi
605 2252 680 2280 eos
713 2238 962 2279 formidine
995 2239 1205 2292 perculit,
1240 2253 1297 2281 ne
1319 2254 1399 2281 rex
1430 2242 1564 2282 tanta
1594 2241 1764 2282 iniuria

259 2298 561 2339 exacerbatus
603 2299 870 2339 causaretur
910 2298 966 2338 ab
1008 2297 1118 2351 ipsis
1159 2298 1294 2339 fedus
1333 2312 1428 2340 esse
1460 2299 1684 2340 violatum
1717 2301 1763 2341 et

263 2357 431 2398 iustam
456 2357 619 2398 exinde
642 2356 928 2398 occasionem
950 2357 1241 2397 instaurandi
1263 2357 1375 2398 belli
1391 2359 1554 2398 nactus
1573 2359 1763 2399 cunctas

265 2417 480 2458 adversus
528 2429 604 2458 eos
650 2416 782 2470 regni
822 2416 940 2457 vires
983 2415 1251 2457 concitaret.
1315 2416 1372 2456 Id
1415 2416 1626 2458 consulto
1667 2430 1810 2471 pre-35

261 2514 291 2543 a)
311 2513 457 2538 extitissEt
475 2514 536 2540 ΒΞ.
633 2512 664 2544 b)
690 2513 840 2545 oppulent.
859 2513 885 2537 A
898 2514 920 2540 1.
1013 2515 1039 2544 c)
1065 2513 1218 2544 redigisset
1245 2513 1357 2540 211,st
1449 2514 1479 2543 d)
1505 2520 1586 2544 ques.
1606 2516 1682 2546 patr.
1701 2514 1762 2541 ΒΞ.

261 2550 289 2579 e)
309 2549 363 2574 hec
384 2549 467 2580 add„
487 2550 536 2574 sed
555 2549 608 2576 del.
629 2548 708 2575 Blb.
777 2549 802 2579 f)
821 2548 946 2574 haberet
964 2548 1044 2575 Blb.
1112 2548 1141 2580 g)
1161 2548 1310 2574 Saxonum
1330 2549 1413 2582 B1²²;
1439 2556 1494 2576 om.
1513 2549 1590 2576 Blc.
1658 2549 1688 2582 h)
1708 2557 1763 2577 om.

261 2584 338 2611 Bia.
421 2585 442 2616 i)
461 2585 646 2609 inflammare
665 2583 744 2611 Blb.
827 2584 859 2615 k)
885 2585 1054 2609 abcesserat
1072 2584 1149 2610 Bia.
1231 2584 1253 2614 l)
1275 2584 1399 2615 leipides
1420 2585 1445 2608 Α
1458 2586 1482 2611 l.
1564 2586 1604 2616 m)
1623 2585 1683 2616 qua
1701 2585 1762 2613 ΒΞ.

261 2619 292 2652 n)
312 2621 387 2651 eleg.
407 2623 614 2645 construxerat
637 2618 805 2645 accendunt
822 2620 886 2647 132,
959 2619 987 2652 o)
1007 2622 1107 2652 posset
1125 2618 1205 2646 Blb.
1277 2618 1308 2652 p)
1329 2623 1411 2644 erute
1431 2620 1495 2646 Al.

262 2697 297 2739 1)
324 2696 368 2731 A.
389 2698 491 2732 1071.
518 2701 684 2730 recentem
709 2706 732 2729 a
751 2700 867 2739 partu
892 2697 1095 2738 defunctum
1106 2708 1119 2736 ,·
1152 2698 1198 2738 cf.
1224 2707 1338 2739 supra
1360 2708 1397 2740 p.
1418 2698 1498 2732 131.
1608 2699 1645 2742 2)
1673 2697 1810 2732 Con-40

260 2744 393 2775 Padum
425 2754 457 2779 a.
484 2746 586 2780 1055.
613 2745 817 2786 defunctum
843 2746 889 2787 (v.
922 2755 1036 2788 supra
1064 2755 1101 2787 p.
1121 2744 1195 2786 70).
1246 2743 1381 2777 Eadem
1414 2745 1488 2786 fere
1521 2745 1625 2778 verba.
1660 2744 1763 2778 habet

261 2790 388 2823 Bruno
413 2802 439 2823 c.
463 2793 532 2831 33,·
557 2791 604 2832 cf.
630 2793 728 2835 epist.
750 2792 869 2833 princ.
896 2791 1086 2833 Saxoniae,
1114 2791 1159 2825 ib.
1185 2801 1212 2825 c.
1235 2792 1305 2831 42‚·
1332 2791 1485 2825 Carmen
1510 2791 1579 2824 III
1580 2817 1590 2833 ,
1616 2793 1762 2830 1—23,·

262 2837 400 2872 Elekeh.
435 2849 470 2873 a.
499 2840 608 2879 1073,
645 2839 708 2873 SS.
739 2838 794 2871 VI
795 2863 804 2880 ‚
835 2849 873 2881 p.
900 2840 994 2879 200,·
1027 2838 1122 2872 Anu.
1149 2837 1186 2872 S.
1211 2838 1292 2870 Alb.
1319 2838 1557 2880 fflosenveld„
1583 2838 1760 2879 Hildesh„

262 2883 391 2918 Chron.
419 2885 612 2931 Sampetr.)
640 2895 671 2920 a.
695 2887 797 2929 1073,
826 2885 889 2920 SS.
916 2885 968 2928 H,
993 2896 1033 2928 p.
1057 2886 1126 2920 245
1136 2896 1149 2924 ‚¹
1181 2885 1217 2917 Y
1216 2885 1317 2928 bury.
1345 2886 1367 2920 Z.
1386 2885 1406 2920 l.
1506 2885 1542 2928 3)
1566 2885 1621 2927 Cf.
1647 2896 1760 2930 supra

256 2942 294 2973 p.
315 2932 383 2966 135
399 2942 450 2974 sq.
548 2932 583 2975 4)
608 2933 888 2975 Ilsenbmyensis
913 2932 1141 2972 Herrandus,
1172 2936 1211 2965 ut
1235 2934 1461 2966 convectatum
1486 2937 1544 2967 est.
1773 2935 1807 2961 45
