2046 3190
542 221 812 260 LAMPERTI
837 223 1092 262 ANNALES.
1143 224 1191 261 A.
1218 227 1322 263 1075.
1625 231 1695 266 247

184 345 232 386 et
269 342 467 395 ieiuniis,
509 344 560 386 in
598 346 887 388 orationibus
920 349 967 390 et
1005 347 1268 390 elemosinis
1300 350 1423 404 quod
1457 355 1695 406 supererat

184 403 352 445 aetatis
384 404 621 459 exigebat;
661 419 746 448 nec
777 406 886 449 inde
919 407 1118 462 uspiam,
1153 408 1242 450 nisi
1275 422 1454 452 summa
1485 411 1608 454 forte
1640 426 1693 454 ac

182 462 444 506 inevitabili
475 465 752 508 necessitate
785 469 1033 517 extractus,
1067 467 1391 511 abscedebata·
1409 469 1435 510 ¹.
1485 469 1692 522 Caetera,

183 535 301 577 quae
341 522 464 566 circa
503 524 570 566 rei
612 525 826 580 publicae
874 527 1325 571 administrationem
1367 529 1440 571 vel
1483 530 1580 585 egit
1619 531 1693 573 vel

152 595 344 638 spassus
367 585 449 634 est,
480 584 519 625 si
540 585 642 639 quis
664 585 847 640 plenius
870 586 986 628 scire
1008 587 1222 639 voluerit,
1253 589 1490 644 superiora
1511 586 1687 632 libellib

182 642 322 684 huius
362 643 588 695 revolvat,
632 647 679 687 et
721 645 905 700 singula
937 660 990 688 eo
1023 661 1114 701 quo
1146 649 1278 702 gesta
1310 650 1420 690 sunt
1451 650 1612 692 ordine
1646 653 1693 692 et

182 703 389 757 tempore
422 703 631 758 copiose⁰
662 705 894 761 descripta
923 706 1144 749 inveniet.
1199 707 1289 750 Sed
1322 708 1426 763 pius
1449 709 1689 761 Dominus,

182 761 262 816 qui
285 775 399 816 quos
432 766 557 805 amat
589 765 745 819 arguit
777 767 824 807 et
857 766 1069 821 castigat,
1104 767 1224 809 hanc
1257 782 1438 822 quoque
1472 769 1691 812 dilectam
1706 787 1890 820 Ap00.3‚19.

183 820 271 863 sibi
303 822 504 864 animam
537 825 646 865 ante
679 824 802 867 diem
834 826 1090 867 vocationis
1129 840 1239 869 suae
1278 828 1438 870 multis
1469 830 1691 884 temptari

136 896 170 921 10
183 881 392 935 permisit
431 882 754 934 incommodis,
798 886 852 926 ut
893 885 1071 928 scilicet
1103 886 1160 928 ab
1195 901 1248 928 eo
1281 901 1465 930 omnem
1497 890 1692 931 scoriam

181 942 392 984 terrenae
426 943 787 986 conversationis
820 942 1124 999 excoqueretd
1156 947 1363 988 caminus
1395 949 1690 991 transitoriae
1705 966 1840 999 1⁸.1,25.

182 1000 512 1044 tribulationis.
589 1002 796 1044 Primum
843 1006 996 1046 motoe
1050 1005 1175 1047 bello
1223 1006 1449 1049 Saxonico
1497 1008 1690 1051 fratrem

182 1059 280 1102 eius
313 1060 475 1103 Wecel
506 1060 1015 1118 Magadaburgensemf
1061 1065 1459 1121 archiepiscopum
1501 1070 1548 1109 et
1590 1082 1691 1110 con-

181 1119 418 1162 sobrinum
466 1122 564 1163 eius
612 1122 875 1166 Bucconem
928 1124 1372 1168 Halberstadensem
1425 1127 1691 1183 episcopum

134 1190 167 1215 15
179 1181 432 1234 tempestas
462 1181 659 1223 involvit
690 1183 988 1237 gravissimae
1010 1185 1357 1239 persecutionis.
1411 1185 1585 1228 Contra
1607 1188 1691 1229 hos

180 1252 285 1280 cum
317 1253 411 1281 non
443 1241 555 1282 satis
592 1241 789 1297 impigre
830 1244 929 1298 regi
966 1244 1117 1286 tocius
1151 1244 1402 1288 Saxonicae
1434 1247 1588 1301 gentis
1621 1261 1690 1289 ex-

177 1299 447 1341 terminium
479 1301 722 1343 anhelanti
753 1316 886 1357 opem
918 1303 1076 1354 ferret,
1110 1306 1304 1347 naturae
1337 1306 1547 1360 profecto
1583 1306 1691 1361 legi-

179 1357 265 1400 bus
297 1361 344 1400 et
377 1360 552 1402 carnali
585 1360 832 1404 affectione
864 1362 1107 1414 inhibitus,
1149 1364 1324 1406 invisus
1358 1365 1400 1407 ei
1433 1368 1688 1420 suspectus-

179 1431 284 1472 que,
312 1419 528 1470 efficitur,
580 1421 771 1476 periurii
811 1436 864 1464 ac
907 1423 1127 1477 perfidiae
1169 1424 1516 1474 insimulatur2;
1567 1426 1688 1468 cives

130 1489 166 1515 20
180 1476 489 1530 Colonienses,
530 1480 697 1534 quibus
730 1481 870 1536 paulo
903 1484 1012 1525 ante
1045 1483 1180 1525 unice
1214 1498 1346 1526 carus
1379 1487 1689 1540 acceptusque
1705 1492 1808 1527 1074.

178 1536 346 1588 fuerat,
386 1539 445 1580 ad
477 1539 852 1582 interficiendum
885 1556 989 1584 eum
1023 1543 1156 1584 donis
1189 1547 1272 1585 acg
1308 1545 1688 1599 promissionibus

179 1596 492 1640 sollicitantur
505 1599 531 1639 3.
594 1599 755 1654 Sopito
787 1603 1039 1656 utcumque
1072 1603 1160 1644 hoc
1193 1603 1328 1653 malo,
1364 1605 1455 1646 duo
1488 1605 1690 1646 ministri

179 1655 296 1706 eius,
339 1658 418 1711 qui
464 1658 514 1699 in
554 1658 729 1701 laribus
770 1660 868 1702 eius
909 1661 1268 1704 familiarissime
1309 1663 1687 1715 obversabantur,

178 1715 369 1757 insidias
402 1717 444 1758 ei
475 1718 690 1769 tendunt,
725 1721 772 1761 et
803 1720 893 1761 nisi
926 1720 1015 1763 Dei
1048 1722 1362 1764 misericordia
1394 1723 1566 1764 malum
1600 1725 1688 1766 hoc

130 1789 164 1815 25
179 1771 521 1829 prevertisset¹¹,
563 1778 681 1818 nihil
722 1779 817 1820 tale
859 1781 1170 1835 suspicantem
1202 1783 1528 1825 trucidassent.
1591 1783 1688 1825 Alii

179 1834 381 1886 cuidam,
431 1849 566 1890 quem
615 1837 850 1880 beneflciis
898 1839 992 1881 suis
1040 1841 1236 1883 maxime
1284 1842 1428 1883 fidum
1477 1843 1565 1884 sibi
1612 1844 1686 1885 ob·

179 1894 456 1949 noxiumque
478 1896 668 1947 fecerat,
702 1898 956 1941 familiares
985 1899 1179 1951 litteras,
1214 1915 1241 1942 a
1269 1901 1418 1957 seipso
1439 1902 1489 1943 in
1510 1903 1685 1944 tabulis

179 1957 366 2008 propter
414 1955 634 1998 maiorem
682 1958 846 2000 secreti
891 1955 1145 2001 cautelami
1201 1962 1503 2016 conscriptas,
1554 1963 1684 2005 dedit
1701 1969 1871 2014 1074f75.

40 2013 391 2069 *p.240.episcopo
430 2014 845 2059 Halberstadensik
887 2019 1198 2073 perferendas,
1242 2021 1409 2075 quibus
1451 2019 1684 2078 *nepotem

128 2086 323 2123 3081111111,
356 2075 502 2116 tantis
534 2076 738 2131 undique
771 2077 1104 2120 adversitatum
1134 2080 1350 2135 procellis
1381 2081 1608 2124 iactatum
1638 2086 1684 2125 et

177 2146 293 2186 pene
335 2134 704 2189 naufragantem,
748 2137 1066 2180 consolaretur
1099 2142 1146 2181 et
1178 2139 1442 2183 instrueret.
1507 2142 1571 2183 At
1603 2142 1683 2185 ille

175 2205 230 2234 ex
262 2192 362 2247 ipsa
392 2195 490 2235 tam
512 2208 704 2250 operosa
737 2196 1311 2242 800101310011111111111ᾑ10110Ι
1340 2201 1572 2243 coniciens
1606 2202 1682 2243 ali-

174 2251 285 2305 quid
325 2253 424 2308 regi
465 2254 622 2308 reique
663 2256 877 2310 publicae
910 2258 1154 2300 adversum
1193 2260 1265 2301 1118
1277 2264 1307 2282 ¹¹¹
1340 2260 1510 2302 litteris
1543 2262 1683 2302 conti-

174 2311 291 2362 neri,
334 2313 432 2367 regi
465 2327 541 2355 eas
574 2314 757 2357 detulit.
824 2315 949 2368 Quas
989 2317 1070 2360 ille
1104 2319 1320 2374 deinceps
1359 2320 1407 2360 in
1445 2334 1682 2374 argumen—

125 2405 159 2431 35
173 2403 202 2433 a)
221 2403 351 2430 abcessit
370 2405 412 2435 fr.
487 2406 517 2437 b)
537 2406 625 2432 huius
645 2407 696 2432 lib.
718 2407 744 2432 B
757 2407 800 2434 lb.
884 2409 911 2441 c)
931 2409 1053 2441 copiosa
1073 2418 1152 2436 corr.
1174 2411 1295 2443 copiose
1315 2412 1375 2439 132,
1462 2413 1492 2443 d)
1512 2420 1684 2444 exquoque-

173 2441 218 2463 νει
237 2439 263 2463 Β
275 2439 303 2465 2.
396 2440 424 2473 0)
444 2445 526 2467 mota
544 2442 624 2468 131⁸.
718 2444 741 2476 f)
760 2445 1065 2477 Magadabergeusem
1085 2447 1148 2472 ΒΞ.
1242 2447 1274 2479 g)
1293 2451 1322 2472 et
1343 2448 1369 2472 B
1381 2446 1424 2473 lb.
1513 2448 1543 2480 h)
1564 2456 1685 2480 peruer-

175 2474 258 2500 tinet
277 2475 341 2500 Bz.
431 2477 452 2507 i)
476 2482 557 2504 caut.
578 2492 614 2497 —
632 2482 771 2511 nepotem
799 2488 855 2506 om.
877 2481 940 2507 Al.
954 2483 995 2513 1³,
1026 2482 1167 2506 adnotato
1194 2483 1224 2507 in
1251 2486 1369 2515 utroque
1388 2484 1544 2509 Defectus.
1584 2486 1685 2509 Str-ure

174 2509 242 2534 haec
260 2511 402 2542 supplevit
421 2519 457 2538 ea:
475 2514 638 2545 erempluri
656 2516 792 2540 edmom's
808 2517 964 2548 principis,
992 2517 1021 2541 in
1041 2525 1095 2549 quo
1115 2518 1185 2542 haec
1205 2519 1234 2542 in
1254 2520 1396 2550 margine,
1424 2521 1515 2544 nescio
1535 2528 1573 2543 «m
1593 2527 1628 2545 ex
1644 2520 1682 2551 V„

175 2545 315 2570 adnotata
335 2550 428 2573 erant.
504 2549 534 2579 k)
554 2550 595 2573 sic
614 2550 675 2575 Bl.
691 2551 718 2577 2.
740 2551 789 2582 V.,·
809 2552 1045 2578 nalverstatensi
1066 2553 1177 2579 Str-uve.
1262 2555 1283 2587 l)
1302 2556 1343 2579 m'c
1362 2555 1388 2579 B
1401 2557 1425 2580 1.
1441 2556 1466 2580 2.
1487 2555 1534 2586 V.,·
1555 2563 1683 2581 commo-

124 2583 160 2608 40
174 2580 286 2606 uitione
306 2582 331 2606 A
344 2583 368 2609 l.
428 2585 468 2614 m)
488 2584 532 2609 his
551 2585 610 2611 litt.
632 2593 688 2612 om.
709 2587 750 2617 fr.

176 2652 209 2694 l)
235 2651 316 2694 Ipse
334 2652 461 2697 Lamp.
479 2665 557 2688 eum
574 2658 680 2690 etiam
698 2662 780 2691 tunc
799 2659 921 2692 multis
934 2659 1092 2702 publ-icis
1109 2663 1258 2702 'wamiis
1283 2663 1489 2703 interfuisse
1515 2665 1683 2697 narrarit

172 2709 286 2742 supra
308 2710 346 2742 p.
366 2701 434 2736 162
450 2711 524 2745 sqq.
551 2704 619 2739 172
637 2716 687 2748 sq.
762 2708 798 2749 ⁸2)
825 2707 906 2750 Ipse
931 2707 1058 2750 Lamp.
1085 2718 1200 2751 snpra
1221 2721 1261 2751 p.
1282 2711 1360 2745 159.
1382 2712 1460 2745 178.
1482 2712 1560 2748 186.
1586 2711 1683 2745 dimit

172 2746 358 2780 Annonem
381 2749 640 2784 conten-ationis
665 2752 865 2786 Saaeonicae
889 2756 1020 2788 socium
1047 2756 1172 2796 fui-sse.
1211 2756 1260 2789 Ec
1285 2758 1331 2798 cf.
1354 2769 1392 2800 p.
1412 2760 1494 2794 215.
1568 2762 1604 2801 3)
1624 2760 1682 2793 En

171 2793 277 2827 habes
306 2794 598 2831 calumniatorem
631 2801 806 2834 mendacii
833 2801 943 2834 huius
967 2802 1038 2835 sibi
1068 2802 1168 2835 haud
1192 2804 1295 2838 dubie
1319 2807 1505 2841 conscium.
1557 2808 1681 2850 Supra

123 2850 206 2884 451).
223 2842 302 2877 135.
329 2842 424 2876 dixit
450 2842 628 2879 incertum
646 2857 732 2880 num
750 2848 874 2882 seditio
892 2850 1150 2883 Colonieusae'um
1169 2850 1316 2885 levitate
1335 2852 1434 2898 vulgi
1460 2864 1504 2887 an
1524 2853 1681 2889 factione

171 2888 362 2929 fautorum
389 2892 483 2933 reye's
507 2897 633 2926 exorta
658 2895 714 2929 sit.
766 2896 822 2937 Cf.
852 2896 1030 2930 Delbrfe‘clc
1053 2910 1087 2941 ρ.
1107 2899 1153 2934 50
1171 2910 1221 2942 sq.
