1968 3164
303 250 374 285 LX
837 251 974 287 PRAE
981 251 1138 288 FATIO
1165 253 1203 289 O.
1218 253 1264 289 V.

447 372 570 414 Inter
601 387 669 414 eos
699 372 933 428 scriptores,
967 373 1040 427 qui
1068 374 1288 428 Lamperti
1308 375 1505 418 Annales
1535 375 1671 419 medio
1701 390 1803 420 aevo

303 430 609 485 excripserunt,
659 433 718 474 ad
762 446 905 474 veram
952 433 1167 476 lectionem
1213 436 1539 487 coynoscendam
1584 435 1804 479 nonnullis

303 490 405 532 loeis
445 490 613 542 faciunt
644 491 899 544 praesertim
940 492 1002 546 hi,
1047 493 1120 546 qui
1161 507 1235 536 nec
1273 493 1409 536 codice
1440 494 1483 535 A
1521 508 1596 538 nec
1631 493 1688 548 B,
1729 495 1804 538 sed

302 548 414 602 aliis,
448 549 521 602 qui
544 549 778 603 perierunt,
811 550 879 593 usi
909 551 1018 593 sint:

302 687 366 720 que
392 679 551 722 (praeter
570 687 708 721 paucos
733 678 822 712 locos
846 689 956 712 manu
981 679 1133 713 secunda
1156 681 1196 713 in
1212 679 1299 715 Bla
1324 681 1490 724 scriptos)
1515 691 1535 715 e
1559 681 1712 725 simplem
1730 692 1831 726 pros

302 735 344 758 ae
379 725 431 758 vel
465 736 483 766 e
519 729 550 758 et
585 735 628 759 oe
663 725 801 769 habent,
838 737 917 760 eum
942 727 1004 762 Al
1036 727 1243 771 plerumq-ue
1267 728 1408 771 quidem
1432 738 1474 762 ae
1499 732 1530 762 et
1554 739 1597 763 oe
1618 729 1799 773 praebeat,

301 772 430 815 quibus
456 773 539 806 locis
565 783 608 805 ea·
633 783 730 806 more
755 784 840 808 saec.
860 774 961 806 XVI
972 775 1022 810 i.n
1047 774 1268 808 scribebatur
1293 776 1337 817 (e.
1361 786 1418 818 qr.
1444 776 1550 809 etiam
1580 779 1703 811 contra
1726 787 1801 811 mo-

301 829 376 852 rem
409 821 597 863 antiquum
630 821 862 864 plerumque:
895 820 1065 863 haeresis,
1100 821 1284 866 haeretici,
1319 822 1504 867 quaerela,
1539 823 1799 869 quaerimonia,

302 866 456 911 exaegit,
483 866 660 911 subaegit,
686 878 798 901 raro:
823 868 978 912 praecie,
1003 871 1273 914 praecarentur‚
1298 869 1546 914 plaerumque‚
1572 869 1799 906 Suaevorum

300 914 446 956 (semel),
473 913 619 958 aeditio,
646 913 842 958 aeditioris,
869 926 1073 959 vaesanam,
1099 917 1312 960 praesbyter
1337 921 1407 960 etc„
1440 918 1500 952 sed
1523 919 1629 952 etiam
1653 920 1693 953 in
1715 919 1846 953 tali-1⁰

301 960 365 994 bus
402 962 540 995 vocibus
576 973 833 1006 nonnunquam
870 963 1011 1004 formas
1046 964 1188 1008 praebet
1225 975 1248 997 a
1282 965 1473 1008 Lamperto
1506 966 1546 999 in
1578 966 1661 1000 Vita
1697 967 1798 1001 Izulls

299 1010 464 1051 scriptas,
491 1013 530 1041 ut
555 1008 705 1053 tedium,
733 1020 849 1053 sevus,
875 1010 1050 1054 precium,
1082 1022 1164 1054 que,
1197 1011 1294 1055 cepit
1318 1017 1403 1055 (pro
1427 1012 1575 1057 coepit),
1610 1013 1671 1047 sed
1702 1024 1800 1048 more

299 1066 371 1088 non
405 1061 487 1089 ante
517 1056 664 1090 editoris
689 1061 825 1100 tempus
851 1059 1003 1092 usitato:
1039 1058 1192 1102 coelum,
1219 1059 1395 1102 coelestis,
1421 1058 1544 1104 foelix,
1569 1059 1798 1106 infoeliciter,

299 1101 488 1147 foelicitas,
515 1102 684 1148 foemina,
708 1103 945 1149 foecunditas,
963 1105 1161 1150 tragoedia,
1179 1106 1351 1151 recoepit,
1369 1107 1562 1152 suscoepit,
1578 1109 1799 1154 praecoepit,

299 1152 485 1194 coeptum,
521 1154 730 1195 recoeptae,
765 1153 824 1186 sed
856 1154 961 1186 etiam
986 1156 1206 1197 susceperat,
1240 1158 1272 1188 et
1305 1159 1469 1188 econtra:
1503 1165 1631 1200 paena,
1667 1156 1797 1201 caepit,
1812 1164 1846 1191 15

299 1207 421 1241 caena,
456 1198 519 1231 ubi
552 1200 591 1232 in
625 1199 708 1232 Vita
732 1199 834 1232 Lulli
857 1211 888 1244 e.
939 1201 1053 1234 Porro
1078 1202 1139 1236 Al
1170 1201 1379 1246 plerumque
1402 1203 1543 1246 quidem
1572 1213 1642 1246 pro
1666 1203 1699 1238 ci
1723 1204 1796 1239 edi-

299 1246 406 1278 tionis
433 1250 574 1279 nostrae
598 1245 626 1279 ti
651 1246 764 1288 habet,
799 1247 859 1280 sed
891 1247 991 1281 haud
1024 1259 1114 1282 raro
1146 1250 1252 1282 etiam
1277 1250 1317 1282 in
1342 1249 1475 1284 talibus
1503 1251 1643 1285 vocibus
1665 1261 1798 1286 morem

298 1292 573 1335 Lampertinum
598 1295 760 1335 servavit,
789 1294 933 1338 praebet
957 1306 983 1330 e.
1000 1306 1056 1338 qr.
1075 1297 1176 1330 modo
1199 1296 1387 1340 palatium,
1414 1297 1615 1342 negotium,
1639 1297 1796 1342 initium,

298 1338 421 1382 totius,
458 1339 578 1383 satius,
605 1340 822 1385 Wormatia,
858 1342 959 1375 modo
992 1342 1186 1387 palacium,
1225 1343 1429 1389 negocium,
1467 1343 1629 1390 inicium,
1666 1345 1795 1391 tocius,

299 1386 426 1429 sacius,
452 1386 672 1423 Wormacia.
723 1388 884 1422 Econtra
914 1390 1042 1424 codices
1067 1391 1165 1426 Bla.
1181 1391 1201 1424 b
1225 1392 1350 1434 (multo
1373 1394 1504 1426 rarius
1527 1393 1608 1432 132)
1636 1394 1843 1438 plerum-20

298 1444 364 1476 que
388 1436 494 1468 etiam
520 1437 559 1468 in
584 1437 631 1469 iis
654 1436 794 1469 vocibus
820 1436 853 1470 ci
878 1447 951 1480 pro
982 1437 1011 1471 ti
1039 1438 1222 1482 praebent,
1257 1439 1320 1471 ubi
1352 1440 1458 1474 editio
1480 1445 1607 1474 nostra
1630 1452 1675 1476 ex
1699 1451 1796 1476 more

298 1481 531 1526 Lampertino
556 1482 585 1516 ti
607 1484 761 1526 praebet.
813 1484 859 1517 In
892 1486 940 1518 iis
972 1485 1123 1527 vocibus,
1158 1487 1197 1519 in
1231 1487 1359 1529 quibus
1383 1487 1600 1531 Lampertus
1623 1488 1724 1523 modo
1749 1488 1794 1533 ei,

298 1528 398 1562 modo
432 1528 461 1562 ti
493 1531 649 1574 scripsit,
686 1530 748 1564 hoc
783 1531 835 1564 vel
867 1531 959 1564 illud
990 1534 1195 1577 recepimus,
1230 1535 1420 1568 secundum
1450 1535 1543 1578 quod
1567 1535 1656 1570 libri
1677 1538 1797 1570 nostri

291 1576 381 1618 plus
400 1587 474 1619 pro
498 1577 562 1610 hoc
586 1578 639 1610 vel
662 1578 725 1611 illo
749 1578 938 1619 faciebant.
992 1579 1103 1623 Saepe
1120 1581 1181 1616 Al
1208 1592 1231 1624 y
1250 1591 1323 1624 pro
1347 1581 1361 1614 i
1385 1582 1498 1624 habet,
1522 1583 1617 1626 quod
1637 1593 1794 1628 perraro

297 1623 337 1655 in
370 1623 544 1657 codicibus
577 1626 710 1658 nostris
744 1627 924 1659 invenitur
949 1628 988 1660 in
1020 1627 1078 1661 his
1110 1628 1270 1662 vocibus:
1304 1631 1453 1674 martyr,
1478 1629 1705 1674 martyrium,
1733 1631 1839 1665 sed25

295 1670 357 1705 Al
384 1671 519 1704 solum:
543 1672 711 1716 paralysi,
738 1673 888 1717 asylum,
914 1673 1119 1717 mysticum,
1144 1675 1369 1720 mysterium,
1395 1680 1426 1710 et
1443 1688 1487 1710 eoe
1503 1679 1633 1712 recenti
1654 1678 1792 1712 demum

294 1727 413 1751 more:
447 1718 576 1763 sylvas,
611 1719 852 1764 sylvestrium,
887 1720 1094 1765 lachrymae
1119 1724 1257 1766 (raro),
1284 1734 1404 1768 ocyus,
1430 1726 1661 1770 quantotyus,
1687 1725 1790 1770 desy-

294 1763 447 1809 derium,
484 1766 736 1810 consyderans,
773 1767 1038 1812 consyderatiO.
1089 1770 1150 1805 Al
1177 1774 1208 1803 et
1233 1771 1295 1806 132
1320 1774 1449 1814 (manu
1477 1773 1622 1815 priore)
1656 1783 1792 1817 semper

294 1811 421 1845 habent
452 1824 664 1856 perperam:
699 1814 840 1859 eiicere,
875 1815 1042 1859 obiicere,
1075 1817 1236 1860 reiicere,
1268 1818 1446 1853 coniicere
1471 1823 1529 1855 etc.
1578 1819 1791 1864 Saepissime

293 1860 357 1894 Al
386 1870 480 1894 more
497 1871 583 1896 saec.
598 1862 703 1894 XVI
714 1863 763 1897 in.
790 1874 815 1896 n
834 1874 907 1906 pro
931 1874 967 1896 m
993 1864 1095 1898 habet
1120 1866 1159 1898 in
1185 1866 1318 1899 talibus
1335 1867 1495 1900 vocibus:
1519 1869 1654 1912 tanque
1679 1868 1838 1912 (quodso

292 1908 398 1939 etiam
423 1909 463 1940 in
488 1908 571 1943 Blb
597 1911 779 1953 occurrit),
816 1921 960 1954 nanque
990 1911 1136 1955 (ianque
1161 1923 1292 1947 manus
1315 1915 1432 1948 altera
1456 1915 1496 1948 in
1521 1914 1614 1958 132),
1648 1925 1791 1960 cunque

292 1954 403 1997 (quod
437 1956 542 1988 etiam
576 1966 844 2000 nonnumquam
868 1958 953 1993 Blb
977 1963 1008 1993 et
1032 1970 1162 1994 manus
1192 1961 1307 1994 altera
1331 1962 1371 1994 in
1396 1961 1460 1997 B2
1484 1962 1640 2007 habent),
1675 1973 1789 2007 quan-

292 2011 447 2045 cunque,
483 2013 701 2047 quanquam,
737 2004 876 2049 tandiu,
912 2005 1085 2049 quandiu,
1121 2006 1332 2051 aliquandiu
1366 2009 1479 2052 (quod
1510 2011 1617 2043 etiam
1640 2011 1681 2044 in
1705 2011 1739 2044 Β
1747 2011 1790 2047 lb

292 2048 484 2090 invenitur,
511 2053 541 2082 et
566 2061 694 2083 manus
719 2052 834 2085 altera
858 2054 898 2085 in
923 2052 984 2088 Ba
1010 2055 1116 2086 etiam
1140 2054 1266 2088 iandiu
1290 2056 1420 2098 habet),
1445 2057 1639 2101 utrunque,
1664 2058 1788 2092 utran-

292 2105 373 2137 que,
400 2095 571 2139 utrinque
597 2098 709 2140 (quod
732 2099 836 2132 semel
859 2103 890 2132 et
914 2101 952 2133 in
978 2101 1067 2135 Bla
1093 2102 1254 2145 leyitur),
1284 2103 1487 2147 plerunque
1517 2105 1575 2146 (ut
1605 2108 1636 2138 et
1658 2114 1790 2140 manus
1801 2114 1842 2141 315v

291 2142 408 2175 altera
425 2144 464 2176 in
481 2143 543 2178 132
560 2144 691 2187 habet),
719 2149 750 2178 et
775 2146 858 2179 haec
874 2157 952 2180 cum
970 2148 1003 2180 A
1014 2149 1031 2183 1
1047 2161 1054 2181 :
1081 2148 1318 2194 circundedit,
1345 2150 1626 2195 circunquaque.
1673 2152 1789 2187 Porro

290 2190 467 2232 tanquam
491 2194 531 2222 ut
556 2192 596 2223 in
621 2192 651 2224 Α
664 2193 683 2227 1
711 2194 816 2226 etiam
841 2195 881 2226 in
913 2195 1010 2229 codd.
1037 2196 1135 2231 Bla.
1149 2196 1179 2231 b.
1206 2198 1228 2231 2
1253 2199 1445 2240 invenitur,
1481 2202 1513 2232 et
1536 2199 1577 2232 in
1600 2199 1686 2235 Blb
1709 2209 1787 2234 cum

291 2236 375 2271 Al:
402 2238 599 2281 utcunque,
626 2238 833 2283 ubicunque
858 2246 918 2276 etc.
967 2242 1037 2275 Sed
1060 2243 1136 2276 sola
1161 2255 1291 2278 manus
1316 2247 1496 2288 posterior
1520 2247 1560 2280 in
1583 2246 1618 2279 B
1626 2248 1673 2282 la
1695 2257 1785 2281 non-

290 2294 474 2327 nunquam
499 2285 600 2318 habet
625 2286 780 2320 solennis
814 2291 854 2320 ut
879 2289 940 2323 Al
971 2289 1195 2334 (solenniter,
1221 2291 1432 2337 solennitas)
1455 2296 1486 2326 et
1509 2294 1663 2338 tentare,
1691 2295 1788 2338 quod

290 2331 351 2365 Al
378 2341 468 2364 raro
487 2342 560 2374 pro
585 2334 766 2377 temptare
786 2335 942 2377 praebet.
981 2336 1075 2370 Dein
1100 2337 1145 2371 ch
1163 2349 1236 2381 pro
1261 2349 1280 2372 c
1304 2340 1486 2374 invenitur
1501 2342 1542 2374 in
1558 2341 1632 2376 Al.
1650 2341 1745 2378 Blb.
1762 2343 1832 2378 240

289 2378 329 2410 in
353 2388 428 2412 voce
453 2378 660 2423 lachrimae,
692 2391 849 2424 perraro
874 2384 914 2415 in
939 2384 1012 2418 Al.
1039 2384 1138 2419 Bla.
1154 2385 1174 2418 b
1208 2385 1338 2420 charus
1366 2397 1440 2430 pro
1475 2398 1579 2422 carus
1611 2390 1787 2433 scriptum

289 2428 348 2466 est,
384 2426 443 2458 sed
473 2426 535 2461 Al
571 2427 685 2460 solum
716 2428 818 2462 habet
849 2429 982 2474 schola,
1009 2430 1173 2474 schema,
1211 2443 1300 2466 raro
1325 2435 1387 2469 Al
1415 2434 1558 2479 author,
1583 2435 1784 2471 authoritas

283 2482 356 2514 pro
381 2474 518 2508 auctor.
546 2475 667 2516 (semel
690 2475 753 2510 132
778 2476 880 2509 habet
905 2477 1098 2520 autoritas)
1106 2491 1120 2518 ,·
1144 2490 1246 2523 saepe
1269 2482 1286 2513 t
1306 2491 1377 2524 pro
1401 2482 1434 2515 tt
1457 2482 1560 2516 habet
1583 2484 1624 2517 in
1647 2483 1784 2518 vocibus

288 2518 426 2562 literae,
461 2520 685 2565 obliteratus,
721 2522 915 2567 legitimus.
973 2525 1132 2569 Denique
1165 2527 1282 2560 solum
1306 2528 1368 2563 Al
1395 2529 1497 2563 habet
1521 2530 1662 2571 formas
1685 2539 1784 2564 mon·

287 2569 450 2601 struosas
474 2578 498 2601 a
522 2568 715 2602 Latinistis
739 2571 934 2604 recentibus
957 2573 1136 2606 inventas:
1160 2572 1270 2618 illhic,
1295 2574 1409 2609 illhuc
1434 2577 1511 2618 (sed
1534 2578 1641 2611 etiam
1664 2576 1780 2624 ffluc),
1793 2587 1830 2614 45

288 2623 424 2658 caussa,
451 2614 682 2659 eleemosyna
706 2618 790 2659 (pro
817 2617 1041 2662 elemosina),
1068 2619 1262 2654 idololatra
1286 2623 1370 2665 (pro
1395 2622 1578 2668 idolatra).
1627 2625 1675 2658 In
1698 2625 1784 2660 aliis

286 2661 425 2694 vocibus
450 2662 644 2696 scribendis
661 2663 746 2698 Blb
771 2667 801 2697 et
825 2675 954 2698 manus
972 2668 1084 2709 prior
1107 2668 1148 2700 in
1172 2667 1234 2702 132
1260 2671 1478 2712 conveniunt,
1505 2671 1548 2704 hi
1569 2673 1662 2706 enim
1687 2673 1783 2706 ami-

286 2718 354 2750 quo
380 2709 519 2752 quidem
544 2720 651 2753 more,
677 2711 736 2744 sed
754 2716 839 2754 post
853 2712 1041 2756 Lamperti
1063 2718 1199 2758 tempus
1222 2715 1360 2748 demum
1386 2727 1409 2749 a
1427 2718 1611 2762 plerisque
1633 2724 1779 2764 recepto,

285 2764 422 2798 semper
448 2757 621 2799 praebent
653 2756 715 2802 hii,
751 2757 830 2802 hiis,
865 2759 986 2805 nichil,
1021 2760 1142 2804 michi,
1174 2762 1256 2795 dein
1286 2765 1417 2796 recenti
1445 2775 1542 2799 more
1570 2776 1707 2809 semper
1729 2767 1784 2800 vel

281 2802 492 2846 plerumque
524 2804 664 2838 nunctii
696 2806 762 2849 (vel
794 2806 971 2851 nunccii),
1015 2807 1220 2852 nunctiare,
1255 2820 1357 2852 saepe
1389 2821 1555 2856 pungna,
1589 2823 1827 2858 pungnarew

285 2850 410 2891 (etiam
444 2852 483 2883 in
516 2851 603 2887 Bla
636 2853 742 2886 semel
774 2863 1029 2898 expungnare3
1060 2855 1120 2888 sed
1150 2856 1235 2890 Blb
1258 2857 1373 2890 solum
1398 2858 1500 2892 habet
1523 2869 1779 2904 nonnunquam

285 2896 541 2942 mangnitudo,
555 2898 778 2943 incongnita,
795 2903 1142 2946 reeongnoverunt)‚
1167 2902 1419 2948 martirisatur,
1444 2905 1645 2950 baptisatus
1670 2899 1780 2952 (quod
