2046 3190
511 259 782 304 LAMPERTI
807 259 1063 295 ANNALES.
1113 258 1160 296 A.
1189 262 1293 297 1075.
1595 260 1666 296 235

151 385 190 428 ei
235 385 323 427 hoc
362 384 440 427 vix
481 386 528 427 et
570 397 707 439 aegre
749 383 1028 439 supplicatio
1073 382 1335 438 legatorum
1383 383 1662 433 extorsisset,
1682 381 1785 415 1075-

150 444 309 487 nullus
347 446 448 488 erat
485 457 541 486 ex
578 443 879 499 principibus,
923 443 1003 498 qui
1044 456 1098 485 eo
1140 445 1360 484 munerea
1397 442 1532 497 fungi
1565 428 1799 484 coli-⁰⁶'‘²²‘

152 504 346 548 sentiret
360 504 388 556 ¹,
416 503 611 560 singulis
631 503 851 546 videlicet
871 502 1161 552 timentibus,
1185 515 1244 544 ne
1265 502 1340 544 vel
1363 503 1486 556 apud
1509 515 1666 556 regem

151 564 373 620 perfidiae
404 565 692 614 notarentur,
727 563 766 604 si
797 562 909 618 quid
940 562 990 603 in
1023 561 1226 604 Saxones
1260 561 1533 603 clementius
1567 575 1667 615 age-

121 625 269 676 ⁶rent,
307 623 383 667 vel
424 623 548 678 apud
581 623 784 665 Saxones
825 622 1056 664 mendacii
1088 621 1279 664 crimine
1311 622 1664 671 infamarentur,

152 684 191 726 si
215 683 399 727 veniam
431 683 497 726 eis
529 683 719 724 admissi
749 677 1135 738 pollicerenturb,
1170 695 1308 736 quam
1339 682 1668 724 incunctanter

153 743 326 786 scirent
357 743 536 784 nullam
569 756 646 786 eos
679 757 706 784 a
735 755 845 797 rege
878 743 1221 784 consecuturos.
1285 741 1458 783 Triduo
1498 742 1547 783 in
1579 742 1667 783 hac
1682 755 1868 784 Oct.22-24.

154 803 456 846 cunctacione
498 804 727 845 cessatum
770 804 840 844 est
854 802 881 852 ²,
925 801 1093 856 legatis
1135 801 1320 843 assiduo
1363 802 1581 844 euntibus
1615 815 1667 843 ac

153 863 458 906 redeuntibus
505 865 645 917 atque
697 862 747 903 in
795 861 957 904 eadem
1003 861 1144 903 verba
1196 862 1319 916 regis
1367 864 1414 903 et
1462 862 1668 903 omnium

108 938 143 962 ιο
155 922 416 978 principum
449 935 582 964 aures
615 921 997 964 obtundentibus.
1060 920 1159 963 Nec
1191 923 1437 976 propterea
1467 935 1548 963 rex
1570 935 1667 977 pro-

154 982 406 1025 fectionem
445 981 642 1031 distulit,
686 981 767 1023 sed
804 981 1034 1022 instructo
1067 980 1285 1031 exercitu,
1329 981 1520 1036 prelatis
1554 981 1667 1022 mili-

153 1042 334 1084 taribus
367 1041 522 1097 signis,
556 1041 685 1083 lento
717 1040 973 1095 quottidiec
1012 1041 1161 1095 gradu
1191 1041 1241 1081 in
1271 1040 1497 1082 ulteriora
1529 1054 1668 1096 popu-

155 1101 388 1144 labundus
431 1101 758 1143 contendebat.
831 1100 1038 1142 Tandem
1086 1099 1263 1155 placuit
1311 1101 1436 1142 mitti
1484 1101 1542 1142 ad
1591 1115 1668 1142 eos

155 1161 502 1217 Mogontinuin
524 1161 941 1216 archiepiscopum,
992 1157 1401 1214 Salzburgensemss
1448 1161 1670 1215 archiepi-

109 1237 143 1262 ιε»
156 1235 346 1277 scopum
359 1222 387 1272 3,
437 1222 781 1275 Augustensem
832 1220 1099 1275 episcopum
1112 1220 1142 1268 4,
1191 1219 1662 1274 Werzeburgensem⁰

156 1280 454 1337 episcopum⁵
485 1282 533 1322 et
566 1294 670 1322 cum
702 1280 775 1322 his
809 1280 974 1322 ducem
1008 1275 1333 1331 Gozelonemf,
1370 1280 1500 1322 cuius
1533 1280 1670 1335 potis-

156 1341 343 1383 simum.
363 1340 412 1382 in
454 1353 510 1382 ea
551 1340 845 1395 expeditione
892 1339 1146 1381 auctoritas
1186 1339 1392 1390 valebat,
1437 1342 1485 1382 et
1524 1340 1574 1380 in
1616 1353 1670 1382 eo

156 1401 362 1443 omnium
395 1414 513 1455 quac
546 1400 727 1454 agenda
759 1401 893 1441 erant
925 1413 1106 1440 summa
1137 1401 1184 1441 et
1217 1399 1356 1441 cardo
1384 1400 1667 1447 vertebatur,

155 1474 258 1517 pro*
280 1474 334 1503 eo
372 1460 508 1515 quod,
551 1459 663 1502 licet
703 1461 884 1500 statura
923 1459 1121 1514 pusillus
1154 1460 1202 1501 et
1233 1459 1374 1513 gibbo
1408 1459 1668 1501 deformisg

107 1536 144 1562 20
156 1522 289 1571 esset,
321 1522 480 1562 tamen
503 1533 642 1575 opum
665 1519 815 1574 gloria
847 1521 894 1561 et
916 1519 1119 1560 militum
1142 1519 1499 1561 lectissimorum
1523 1519 1667 1574 copia,

154 1581 257 1622 tum
290 1579 546 1636 sapientiae
579 1581 626 1622 et
659 1579 831 1634 eloquii
863 1579 1136 1621 maturitate
1164 1579 1358 1621 caeteris
1382 1579 1671 1634 principibus

156 1654 295 1694 quam
326 1639 579 1695 plurimum
611 1638 859 1681 eminebat.
922 1638 1022 1680 Hos
1061 1639 1263 1693 quinque
1301 1639 1578 1680 nominatim
1611 1639 1670 1680 ad

157 1699 440 1754 colloquium
481 1712 616 1740 suum
658 1698 860 1740 Saxones
903 1698 1211 1752 expetierant.
1262 1699 1385 1752 quod
1435 1699 1519 1740 hos
1568 1712 1670 1740 con-

157 1758 469 1800 stantissimae
492 1758 602 1800 fidei
634 1759 681 1799 et
702 1757 914 1800 veritatis
947 1771 1044 1800 esse
1078 1760 1397 1812 compererant
1412 1758 1438 1805 ⁶,
1475 1760 1522 1799 et
1548 1758 1669 1812 quic-

109 1835 144 1860 25
157 1818 269 1873 quid
307 1818 358 1859 hi
395 1817 763 1873 spopondissent,
805 1819 961 1858 ratum
1002 1817 1103 1859 fore
1144 1818 1270 1858 haud
1285 1813 1304 1839 ¹¹
1343 1817 1484 1859 dubio
1519 1818 1670 1859 crede-

157 1878 286 1920 bant.
350 1877 558 1931 Cumque
597 1877 648 1918 in
690 1878 841 1918 castra
873 1876 1105 1918 Saxonum
1137 1877 1391 1925 venissent,
1435 1877 1670 1932 provoluti

157 1937 354 1993 pedibus
395 1951 554 1979 eorum
602 1936 835 1992 principes
877 1932 1131 1978 Saxoniaei
1184 1936 1541 1978 obtestabantur
1588 1951 1670 1992 per

157 1997 323 2047 Deum,
365 1998 420 2038 ut
461 1992 771 2039 calamitatisk
808 2009 965 2038 eorum
1007 1996 1348 2047 misererentur,
1392 2010 1506 2051 quos
1547 1997 1669 2051 regis

156 2056 457 2099 inclementia
489 2058 536 2098 et
566 2056 715 2111 primo
749 2056 807 2098 ad
830 2051 1118 2098 audendum¹
1161 2056 1249 2098 hoc
1277 2056 1463 2098 inmane
1485 2057 1668 2098 facinus

111 2135 146 2160 30
158 2116 384 2171 coegisset
416 2118 463 2158 et
494 2129 618 2158 nunc
639 2116 786 2158 victos
819 2117 866 2158 et
898 2129 1015 2170 pene
1047 2129 1191 2170 usque
1225 2116 1284 2157 ad
1311 2116 1668 2158 internicionem

159 2176 336 2218 deletos
369 2176 428 2218 ad
450 2175 664 2218 exiciales
697 2175 929 2218 cruciatus
961 2175 1222 2217 insaciabili
1255 2176 1360 2218 odio
1384 2176 1667 2231 deposceret.

159 2234 335 2288 Quodsi
366 2235 560 2290 legibus,
595 2235 633 2277 si
663 2235 860 2286 iudiciis,
896 2235 934 2276 si
956 2249 1082 2278 more
1105 2236 1330 2277 maiorum
1351 2236 1667 2278 innocentiam

157 2353 187 2383 a)
206 2353 321 2378 muneri
340 2352 420 2378 131⁸.
514 2352 544 2383 b)
563 2351 803 2384 pollicitarentur
822 2351 847 2376 B
859 2350 904 2377 lb.
998 2351 1025 2384 c)
1045 2350 1180 2382 quotidie
1199 2352 1224 2376 A
1238 2353 1262 2376 1.
1283 2351 1364 2376 Blb.
1441 2350 1471 2382 d)
1492 2351 1667 2382 Salczluu-g.

158 2386 243 2421 Bib3
263 2387 433 2420 Saltzburg.
454 2388 532 2413 1310.
617 2387 644 2420 e)
663 2388 705 2413 sic
723 2388 752 2412 h.
768 2388 788 2413 I.
810 2389 835 2413 Δ
848 2389 873 2412 1.
894 2386 1015 2420 131⁸·b3
1037 2388 1225 2419 WVirzebnn-g.
1247 2388 1324 2412 1310.
1337 2388 1364 2413 2.
1448 2387 1470 2412 f,
1491 2387 1667 2411 (lust-loncm

110 2427 145 2453 35
157 2423 239 2449 Bib.
313 2423 345 2457 g)
365 2422 511 2449 difformis
530 2422 612 2450 Blb.
706 2423 737 2455 h)
763 2423 835 2449 haut
853 2423 933 2448 Blss.
1027 2422 1048 2456 i)
1074 2424 1220 2449 Saxonice
1242 2424 1304 2449 ΒΞ.
1398 2422 1428 2453 k)
1448 2423 1667 2448 calamitatibus

158 2459 184 2485 Β
195 2461 236 2486 10.
249 2460 275 2486 2.
350 2459 372 2492 l)
390 2458 571 2485 audiendum
590 2460 617 2485 B
627 2460 654 2486 2.

161 2555 196 2597 1)
231 2554 307 2588 Hoc
328 2555 586 2599 proculdubio
619 2555 757 2596 falsum
782 2558 842 2590 est.
893 2555 1093 2598 Episcopus
1127 2555 1217 2587 em’m
1246 2554 1484 2596 Aemus-tanus
1518 2554 1668 2596 epistola

158 2601 246 2634 data
270 2602 320 2635 ad
336 2602 528 2636 Bucconem
546 2602 880 2644 Halbmstatensem,
907 2602 1126 2644 Sudendorf,
1151 2602 1235 2643 Res).
1255 2602 1307 2639 ΙΙ,
1331 2613 1367 2644 p.
1386 2603 1432 2636 32
1446 2612 1509 2644 sq„
1535 2612 1594 2636 nr.
1610 2603 1668 2642 26,

159 2649 235 2682 iam
267 2653 348 2683 ante
381 2649 473 2682 hanc
506 2650 761 2693 malitionem
795 2661 830 2683 se
864 2654 894 2683 et
919 2650 1202 2693 archiepiscopos
1227 2650 1480 2691 Moyemtinum
1507 2653 1537 2681 et
1563 2650 1668 2682 salz-

112 2695 378 2739 40b1cr9ensem,
412 2698 610 2740 episcopum
636 2698 889 2738 Pataviensem,
926 2697 1045 2730 ducem
1072 2697 1303 2730 Bemholdum
1331 2698 1434 2739 pacis
1461 2697 1668 2730 mediatores

160 2743 366 2778 Samon-ibus
389 2743 575 2780 obtulerat.
720 2747 758 2789 2)
785 2745 840 2787 Cf.
866 2755 981 2789 supra
1006 2756 1045 2788 p.
1067 2746 1146 2786 131,
1174 2755 1210 2778 n.
1229 2747 1260 2779 2.
1314 2746 1402 2777 Cum
1427 2755 1494 2777 rem
1521 2744 1589 2779 Oct.
1610 2747 1665 2779 22.

162 2792 200 2824 ln
228 2791 463 2834 Gerstvunyen,
502 2791 571 2827 Oct.
597 2793 656 2828 25.
691 2793 731 2825 in
766 2793 850 2826 villa
875 2792 982 2835 Spiet·
1012 2793 1137 2834 suerii,
1175 2793 1211 2824 “n
1238 2792 1301 2824 hoc
1327 2793 1453 2823 defuere
1477 2802 1553 2824 eum
1580 2792 1668 2825 duos

159 2839 235 2872 dies
258 2840 514 2882 consumpsisse
539 2841 706 2882 oportuit.
814 2841 850 2884 3)
879 2839 1135 2874 Gebehardnm.
1234 2841 1270 2882 4)
1299 2839 1555 2875 Embriconem.
1607 2841 1667 2881 (Ὺ,

160 2886 345 2921 Bmhold.
359 2887 474 2929 (Arm.
490 2886 527 2921 S.
542 2886 680 2929 Blasii)
688 2898 728 2930 p.
742 2889 824 2923 279.
887 2889 923 2931 ὃ)
939 2888 1207 2921 Adalbermaem.
1272 2888 1308 2929 6¹)
1323 2887 1417 2920 Sane
1431 2887 1556 2921 melius
1568 2898 1669 2921 nove-

112 2945 148 2971 45
161 2938 247 2967 rant
272 2933 432 2968 Saxones
457 2933 760 2978 archiepiscopum
786 2935 1049 2978 Μοφυιίὶηιιηι,
1084 2936 1444 2968 inconstantissimum
1471 2935 1667 2970 hominum.
