2014 3184
369 198 500 237 VITA
523 196 683 235 LULLI
706 194 949 232 ARGHOEP.
975 192 1124 229 AUOT.
1150 189 1444 228 LAMPERTO.
1598 190 1668 226 319

157 337 295 380 quem
324 322 544 377 frequens
576 320 736 362 adesse
769 318 964 360 solebat.
1016 316 1139 358 Nam
1170 314 1430 370 gratissime
1464 311 1669 355 consiliis
1684 315 1764 351 755.

157 384 257 429 eius
287 381 512 425 utebatur
542 381 591 423 et
622 379 845 435 precipua
876 389 1084 432 quaeque
1116 375 1277 430 regnia
1314 373 1503 428 negotia
1542 372 1669 413 illius

158 445 280 486 nutu
319 434 705 485 administrabatb
743 460 802 466 —
842 438 979 478 tanta
1019 435 1118 477 viro
1155 434 1224 476 vis
1265 433 1442 488 ingenii
1481 434 1528 474 et
1569 431 1670 472 lati·
1684 446 1720 477 cf.
1729 444 1900 478 anaqam.

159 503 276 546 tudo
317 501 467 544 cordis
507 500 661 542 inerat
699 521 781 549 -,
831 510 884 539 ac
927 496 1173 551 propterea
1219 507 1356 548 aegre
1403 491 1672 547 patiebatur

129 576 267 606 5611111
298 561 437 604 lateri
467 573 551 603 suo
582 559 804 614 usquam⁰
843 550 1080 598 locorumd
1117 553 1290 596 abesse.

305 623 374 663 9.θ
434 619 647 672 Quadam
679 612 816 672 ergof
853 617 991 658 nocte
1032 614 1083 655 in
1113 613 1236 656 lecto
1269 611 1522 662 decubans,
1567 624 1672 652 cum

159 682 284 725 inter
323 680 533 736 vigiliam
581 681 629 722 et
675 677 886 719 adultam
927 675 1132 730 quietem
1179 673 1374 728 primag,
1423 673 1477 712 ut
1525 670 1670 720 aiunt,

161 735 339 784 somnih
373 739 547 782 nebula
578 737 736 781 oculos
769 737 867 779 eius
899 734 1153 790 pressisset,
1186 732 1306 775 vidit
1338 731 1552 773 assistere
1585 729 1674 772 sibi

162 801 352 844 beatum
374 799 672 842 Bonifacium
704 796 826 839 stola
846 793 1106 850 pontificali
1138 806 1191 834 ac
1212 791 1503 834 vestimentis
1536 789 1673 832 solito

114 877 150 903 10
162 854 462 904 cultioribusi
504 858 739 907 amictum,
773 850 939 898 vultuk
975 866 1156 908 quoque
1193 852 1293 906 ipso
1327 865 1379 892 ac
1411 849 1675 892 veneranda

163 919 339 963 canicie
371 919 593 974 quiddam
631 916 777 959 divini
818 913 1077 970 splendoris
1118 912 1444 967 preferentem.
1509 908 1674 951 Obstu-

162 979 267 1036 puit
299 973 536 1036 protinus¹
577 979 753 1019 terrore
794 974 1036 1030 inopinato
1070 971 1308 1028 perculsus
1347 972 1486 1024 atque
1524 969 1574 1010 in
1606 982 1675 1010 eo-

165 1040 270 1083 dem
310 1039 490 1080 lumina
531 1037 708 1080 defixus
749 1036 941 1090 optutu,
989 1033 1182 1082 tacitus,
1232 1032 1460 1086 quantum
1503 1029 1675 1070 incum-

165 1099 318 1142 bentis
348 1097 612 1141 formidinis
651 1095 877 1138 articulus
909 1093 1194 1149 paciebatur,
1238 1105 1394 1132 secum
1426 1088 1674 1138 tractabat,

117 1175 152 1201 15
163 1173 223 1202 ne
268 1159 392 1201 forte
440 1171 576 1213 sopor
623 1154 874 1198 dormienti
920 1166 1046 1195 more
1094 1165 1176 1193 suo
1223 1164 1344 1192 vana
1394 1149 1677 1191 somniorum

166 1217 433 1275 spectacula
459 1217 687 1273 preberet.
735 1215 802 1256 At
827 1213 907 1255 ille
933 1212 1116 1262 faciem,
1151 1224 1289 1265 quam
1310 1209 1675 1263 recognosceret,

164 1277 443 1320 familiarius
489 1278 723 1331 retegens,
777 1288 882 1316 cum
934 1272 1114 1314 urbana
1160 1270 1360 1325 quadam
1408 1283 1460 1321 ac
1508 1268 1678 1310 festiva

164 1337 405 1380 hilaritate
445 1336 650 1378 frontem
683 1336 846 1376 contra
877 1331 1147 1374 intuentisnn
1180 1329 1338 1372 oculos
1378 1328 1675 1383 explicasset:

169 1397 281 1448 ‘En’,
314 1397 490 1452 inquid,
534 1395 694 1437 ‘frater
726 1393 908 1444 dilecte,
942 1394 1127 1446 tempus
1160 1389 1317 1444 exigit,
1357 1390 1411 1429 ut
1443 1387 1678 1443 promissis

118 1457 261 1508 sotuis
308 1457 447 1499 fidem
493 1455 654 1498 facias.
723 1453 878 1495 Hodie
917 1451 1104 1494 Christo
1150 1448 1472 1492 testimonium
1521 1447 1679 1488 dicens

168 1517 392 1560 cervicem
424 1514 683 1571 percussori
714 1512 891 1568 prebui,
925 1511 1065 1553 hodie
1095 1508 1372 1563 triumphali
1394 1522 1563 1563 pompa
1585 1506 1679 1548 lau-

167 1579 349 1619 reatum
390 1589 463 1618 me
503 1574 620 1617 caeli
659 1572 836 1627 recepit
877 1571 1124 1626 palacium.
1186 1569 1324 1610 Nunc
1358 1581 1467 1622 ergo
1506 1580 1681 1608 memor

170 1635 442 1691 sponsionis,
482 1648 574 1688 qua
602 1636 652 1676 te
685 1633 899 1687 presente
931 1631 1032 1672 Deo
1065 1628 1297 1682 obligasti,
1338 1640 1489 1668 moras
1522 1639 1680 1667 omnes

170 1695 412 1749 abrumpe,
452 1693 625 1736 resides
658 1692 838 1734 animae
870 1691 964 1731 iam
995 1687 1358 1742 triumphantis¹¹
1398 1686 1584 1728 exuvias
1615 1698 1680 1726 re-

123 1771 158 1798 35
171 1755 300 1809 quire
333 1767 500 1808 easque
542 1751 797 1807 peregrinis
838 1749 1104 1804 regionibus
1144 1749 1344 1802 ereptas,
1389 1746 1509 1787 sicut
1551 1744 1681 1799 polli-

172 1814 292 1857 citus
325 1826 390 1863 es,
426 1812 558 1855 defer
587 1812 638 1852 in
669 1809 1002 1852 monasterium
1035 1806 1288 1849 Fuldense!
1353 1805 1460 1846 Non
1491 1804 1682 1858 frangat

170 1876 218 1916 te
260 1873 457 1915 arduum
505 1871 791 1926 negotium0,
841 1883 935 1910 non
975 1868 1158 1909 moveat
1199 1868 1246 1908 te
1287 1866 1378 1907 iter
1419 1867 1679 1919 asperuml',

170 1947 266 1975 non
295 1934 471 1975 terreat
502 1933 550 1974 te
582 1930 806 1972 barbarae
846 1927 1050 1970 nationis
1089 1928 1221 1968 atrox
1253 1927 1301 1967 et
1334 1924 1520 1966 crudele
1559 1924 1682 1977 inge—

171 1993 324 2044 nium;
358 1992 459 2034 Deo
491 1990 716 2032 auxilium
743 1989 926 2031 ferente
958 1987 1113 2029 omnia
1134 1985 1223 2028 tibi
1245 1985 1412 2027 cedent
1435 1982 1680 2038 prospere'.

125 2052 232 2096 solu
263 2053 379 2095 haec
410 2050 552 2093 verba
583 2050 698 2092 visio
730 2049 906 2104 pariter
938 2061 1042 2089 cum
1075 2059 1235 2088 somno
1265 2043 1494 2099 disparuit
1511 2043 1536 2083 ¹.

172 2181 202 2211 a)
221 2187 244 2207 r.
262 2186 331 2212 neg.
349 2179 381 2204 in
394 2178 455 2204 loco
470 2186 539 2204 raso
554 2180 580 2207 1,
633 2178 665 2211 b)
683 2175 879 2202 administbat
896 2182 971 2202 cor-r.
991 2174 1219 2200 administrabat
1234 2174 1257 2201 1.
1314 2174 1340 2203 c)
1354 2179 1418 2206 usq,
1440 2173 1494 2198 del.
1511 2177 1531 2203 9,
1542 2178 1685 2202 super-scr.

173 2222 262 2248 quam
283 2216 307 2242 1.
393 2213 424 2246 d)
444 2222 499 2242 om.
519 2213 562 2242 2¹³.
654 2215 682 2245 e)
707 2213 737 2238 ιή
756 2219 850 2243 mary.
870 2211 925 2243 cap
946 2212 976 2243 13
1007 2217 1109 2235 novum
1129 2217 1192 2241 cap.
1212 2209 1312 2240 incipit
1333 2210 1374 2233 1⁸·
1390 2211 1414 2234 b.
1506 2209 1530 2237 f)
1550 2214 1620 2231 vero
1641 2205 1684 2233 21),

172 2251 205 2284 g)
224 2250 320 2284 primi
339 2250 419 2277 1⁵·b.
498 2250 530 2282 h)
550 2249 655 2275 somnii
675 2249 716 2276 2⁸.
799 2249 819 2279 i)
839 2248 946 2274 cultor.
964 2254 1040 2273 corr.
1061 2246 1176 2272 cultior.
1197 2246 1222 2273 1.
1308 2244 1339 2275 k)
1360 2243 1442 2268 vnltfi
1464 2242 1579 2274 lna-1¹,
1601 2243 1684 2273 siquo

172 2287 332 2318 compendii
355 2293 439 2312 eraso
463 2293 540 2313 corr.
559 2285 646 2311 vultu
667 2286 709 2316 1¹²,
739 2287 765 2309 et
784 2285 826 2308 ita
846 2282 924 2310 2¹⁴³.
1009 2281 1030 2314 l)
1052 2285 1070 2308 t.
1091 2289 1135 2313 pr.
1157 2280 1198 2308 lb,
1279 2282 1318 2311 m)
1338 2288 1381 2306 ου,
1401 2280 1454 2306 int.
1473 2286 1547 2305 corr.
1569 2279 1621 2304 int.
1641 2285 1684 2304 oc.

126 2325 161 2352 35
172 2329 316 2355 superse-r.
334 2322 440 2348 Imm&
458 2322 487 2350 b.
506 2329 533 2353 a,
563 2321 613 2346 sed
632 2321 726 2346 erasis
746 2321 777 2351 1;
807 2320 860 2346 int.
880 2326 923 2346 oc.
948 2316 1026 2344 1¹²·b.
1040 2317 1117 2344 Ἑνὶ).
1210 2317 1240 2346 n)
1265 2314 1456 2346 triumphatis
1485 2322 1561 2340 corr.
1582 2314 1686 2338 trium-

172 2358 295 2413 phnbntis
314 2359 339 2386 1.
429 2359 459 2389 ο)
477 2365 532 2385 om.
552 2358 593 2384 2⁸.
684 2358 715 2389 p)
734 2354 862 2381 arduum
881 2355 935 2382 del,
955 2357 980 2378 et
999 2360 1142 2384 supera-rer.
1161 2359 1300 2383 asperum
1321 2352 1346 2381 1,
1368 2353 1393 2375 et
1413 2351 1454 2374 ita
1475 2349 1524 2382 Σῦς
1546 2357 1608 2381 asp.
1628 2350 1686 2374 iter

172 2395 215 2420 1·-
244 2394 305 2422 .2“.

174 2489 332 2522 nominis
355 2486 561 2533 Ingelheim
586 2487 803 2531 Lampertus
846 2484 1111 2528 superscribens
1145 2480 1345 2515 hilenheim
1382 2481 1419 2513 in
1444 2480 1686 2522 antiquiorem

176 2536 336 2577 formam
359 2540 502 2569 mutare
526 2535 677 2568 voluisse
700 2534 852 2575 videtur,
886 2536 925 2566 ut
949 2533 988 2567 V.
1016 2531 1067 2565 CI.
1095 2530 1142 2564 H.
1169 2529 1342 2562 Bresslau
1379 2528 1471 2560 ηιίΙιί·
1490 2527 1684 2570 persuasit.

129 2592 165 2617 40
177 2582 301 2616 Huius
323 2583 429 2616 villae
447 2592 541 2625 pars
565 2581 740 2625 quaedam
756 2581 919 2615 abbatiae
936 2577 1201 2619 Hersfeldensis
1222 2577 1319 2618 fain
1343 2575 1391 2616 cf.
1409 2585 1524 2618 supra-
1547 2586 1586 2617 p,
1601 2575 1685 2615 101,

179 2630 202 2664 l.
222 2631 267 2665 16
283 2639 334 2672 89.
378 2630 436 2671 Cf.
463 2630 566 2663 Brev.
592 2629 632 2665 S.
650 2628 760 2670 Bulbi,
787 2627 1008 2667 ‘Zeitschrift
1034 2626 1067 2660 d.
1090 2626 1122 2658 V
1119 2635 1168 2659 er.
1195 2624 1224 2665 f.
1249 2622 1435 2657 Hessische
1462 2621 1584 2657 Gesch.
1610 2620 1687 2654 und

178 2675 370 2712 Laudesk!
387 2676 437 2719 X,
459 2687 500 2719 p.
520 2677 584 2712 18:
610 2673 656 2709 In
673 2674 896 2720 Inglinheim
922 2671 1100 2717 superiori
1126 2670 1304 2715 capellam
1323 2680 1444 2712 unam,
1470 2666 1686 2713 h[ubas]11‚

178 2723 351 2768 m[ansos]
377 2721 471 2759 HH.
517 2723 663 2757 Vineam
688 2723 817 2756 ibidem
843 2723 951 2756 sitam
968 2720 1164 2753 Heinricus
1181 2718 1255 2751 III.
1282 2718 1496 2751 monasterio
1522 2716 1687 2757 Hersfel-

178 2771 280 2805 densi
310 2771 408 2804 dedit
435 2770 507 2812 (St.
531 2771 656 2812 2410).
715 2769 937 2811 Hilenheim,
973 2767 1068 2811 quod
1102 2766 1321 2809 reliqum-um
1358 2765 1514 2798 codicum
1550 2763 1687 2797 scribae

131 2829 167 2854 45
179 2819 308 2853 excinde
340 2821 564 2862 receperunt,
599 2827 671 2851 mm
696 2821 822 2852 exstat,
933 2817 967 2858 1)
993 2814 1107 2847 Haud
1138 2813 1241 2846 dubie
1273 2812 1500 2846 willibaldus
1531 2812 1570 2844 in
1603 2811 1686 2844 Vita

180 2866 216 2901 S.
235 2866 420 2908 Bonifatii
441 2864 549 2898 Lullo
573 2863 735 2897 dedicata
759 2864 822 2898 hoc
848 2864 1024 2898 sommium
1050 2862 1228 2904 tetiyisset‚
1254 2861 1290 2893 εἰ
1313 2859 1419 2894 Lullo
1444 2859 1637 2893 accidisset.
