2014 3184
453 642 890 708 ADDENDA
940 645 1052 709 ET
1098 647 1682 717 EMENDANDA.

458 791 500 825 P.
519 793 552 835 9,
581 793 604 828 Ζ.
622 793 679 828 22.
706 793 776 836 leye
800 792 1040 830 Constantini.

458 839 499 874 P.
519 840 575 881 10,
602 839 624 874 l.
642 841 699 875 21.
725 840 775 873 ad
797 839 991 875 Aldfridus
1015 842 1106 876 adde
1129 848 1250 878 notam
1275 844 1351 890 m*)
1376 844 1545 882 Alfi-idus
1569 849 1604 883 B
1618 849 1683 886 1².

458 885 499 921 P.
518 888 576 929 24,
605 887 628 922 Ζ.
646 888 704 923 25.
732 888 820 930 leye:
845 887 884 922 P.
912 889 961 922 ad
984 900 1019 925 a.
1036 891 1118 926 836.
1145 889 1327 936 otgarius.

458 933 499 967 P.
519 935 576 976 61,
605 934 628 970 Ζ.
646 935 703 969 30.
730 935 779 968 ad
803 933 970 981 Frisinge
995 937 1086 971 adde
1109 942 1230 972 notam
1255 939 1291 983 o)
1313 938 1502 987 Frisingae
1526 942 1561 976 A
1576 944 1607 979 1.

457 979 498 1015 Ρ.
517 982 574 1023 67,
601 981 624 1017 Ζ.
643 983 700 1018 30.
734 982 804 1025 leqe
829 983 1094 1018 consummavit
1128 985 1279 1029 (litteris
1311 988 1461 1023 sillabae
1493 988 1548 1024 vit
1579 993 1811 1036 contractio:

315 1026 338 1062 Ζ.
355 1027 413 1062 31.
440 1027 510 1070 leqe
535 1029 804 1074 augmentavit
828 1030 977 1072 (litteris
1000 1032 1151 1066 sillabae
1174 1033 1228 1068 vit
1252 1034 1361 1069 latius
1380 1037 1538 1080 positis).

456 1075 497 1110 P.
517 1076 574 1118 69,
601 1077 624 1111 Ζ.
642 1078 700 1112 30.
727 1077 797 1120 leye
821 1077 874 1112 rei
899 1078 1078 1122 publicae.

457 1122 517 1156 Ad
534 1134 574 1166 p.
594 1125 651 1166 69,
676 1135 713 1160 n.
731 1124 783 1169 m)
810 1126 887 1160 vide
911 1137 1001 1169 quae
1024 1127 1108 1161 dimi
1133 1128 1352 1164 ‘N.Archiv'
1369 1131 1478 1176 XIX,
1501 1143 1540 1177 p.
1554 1133 1636 1176 163,
1652 1144 1688 1170 n.
1703 1135 1737 1171 l.

455 1170 495 1205 P.
515 1172 572 1212 79,
598 1171 620 1207 l.
637 1173 695 1207 47.
721 1172 791 1215 leye
816 1170 882 1208 SS.
899 1171 966 1218 VI,
991 1185 1026 1218 p.
1044 1176 1125 1211 361.

455 1217 495 1252 P.
514 1218 572 1260 87,
605 1219 625 1254 Ζ.
644 1220 677 1254 8.
705 1219 774 1262 leye
796 1219 953 1264 pessimo
978 1220 1152 1265 publicob
1183 1223 1304 1260 ulcisc.
1331 1229 1363 1259 et
1389 1236 1484 1269 pone
1513 1228 1554 1261 in
1576 1231 1662 1262 nota
1685 1227 1724 1274 b)
1747 1240 1807 1264 ex—

312 1263 432 1308 emplo
458 1265 534 1300 Al.
564 1265 613 1301 1⁸.
665 1266 723 1308 Cf.
749 1267 898 1301 indicem
923 1268 1136 1303 locutionum
1160 1271 1225 1304 sub
1248 1271 1406 1315 publico.

455 1311 495 1347 P.
515 1313 571 1355 90,
602 1313 624 1348 Ζ.
643 1315 699 1349 32.
727 1314 796 1357 leye
820 1314 910 1350 loca.

453 1359 494 1394 P.
514 1361 570 1402 93,
600 1361 623 1396 l.
641 1362 698 1397 25.
725 1361 794 1404 leqe
819 1361 1114 1407 consciveranth,
1142 1365 1164 1399 Ζ.
1179 1366 1236 1400 29.
1260 1364 1367 1400 deini
1396 1368 1582 1409 (notarum
1599 1369 1729 1404 littam
1743 1369 1807 1407 h.i

310 1406 486 1448 mutatis).

453 1453 493 1488 P.
510 1454 590 1496 110,
610 1454 631 1489 Ζ.
649 1455 704 1491 10.
722 1458 753 1488 et
769 1457 851 1498 233,
870 1456 891 1491 Ζ.
903 1458 962 1492 22.
980 1460 1011 1491 et
1027 1459 1108 1501 298,
1128 1458 1149 1494 Ζ.
1161 1460 1217 1495 20.
1237 1460 1327 1494 adde
1343 1461 1382 1494 in
1398 1472 1515 1505 mara.
1534 1461 1803 1510 1.Maae=h.9,10.

453 1501 494 1535 P.
513 1502 593 1543 129,
621 1502 644 1537 Ζ.
662 1503 694 1537 2.
721 1506 752 1536 et
778 1504 858 1546 187,
886 1503 908 1539 Ζ.
929 1506 983 1540 17.
1010 1505 1099 1540 adde
1122 1507 1162 1539 in
1187 1517 1302 1550 mary.
1329 1506 1398 1542 Iob
1425 1510 1480 1553 13,
1498 1511 1555 1546 25.

453 1547 493 1582 P.
514 1549 594 1590 153,
622 1549 645 1584 l.
663 1551 719 1585 20.
747 1550 818 1593 leqe
842 1548 933 1585 fines
958 1551 1106 1587 alienos.

452 1595 493 1630 P.
514 1597 593 1638 157,
620 1607 654 1631 n.
676 1598 709 1632 1.
735 1598 847 1631 adde:
873 1596 927 1634 cf.
954 1598 1050 1633 infra
1073 1611 1109 1644 p.
1128 1602 1209 1636 213.

451 1642 491 1677 P.
512 1644 592 1685 159,
621 1644 641 1678 Ζ.
660 1644 718 1679 44.
738 1655 811 1687 pro
835 1643 974 1690 SS.<V·,·
990 1658 1027 1691 p.
1045 1649 1125 1684 225.
1154 1648 1224 1691 leae
1253 1647 1349 1683 infra
1378 1661 1414 1695 p.
1435 1652 1515 1688 185.
1532 1653 1613 1689 226.
1638 1657 1670 1688 d
1694 1654 1802 1690 adde.-

309 1686 362 1723 Of.
381 1687 504 1722 Adam
528 1688 650 1726 Brem.
669 1689 741 1737 ΠΙ,
759 1693 816 1727 33.

452 1737 492 1772 P.
512 1738 592 1779 180,
619 1738 640 1774 Ζ.
658 1739 715 1774 43.
749 1739 821 1782 leqe
850 1751 886 1784 p.
907 1742 985 1784 183,
1011 1741 1035 1777 l.
1055 1743 1111 1778 15.
1142 1747 1174 1776 et
1205 1743 1228 1778 Ζ.
1245 1745 1294 1779 44
1314 1749 1395 1788 post
1418 1747 1490 1782 200
1506 1757 1558 1790 sq.
1585 1747 1696 1782 adde:
1719 1749 1802 1794 212,

309 1781 332 1818 l.
351 1784 383 1817 6.
415 1785 497 1826 224,
515 1784 538 1819 l.
559 1786 615 1820 18.
646 1787 727 1830 232,
753 1786 775 1821 l.
795 1788 851 1822 32.
883 1789 964 1830 236,
990 1787 1014 1823 l.
1032 1791 1065 1824 2.

451 1831 491 1866 P.
511 1833 590 1867 188.
617 1833 665 1865 ad
690 1833 711 1868 l.
731 1835 762 1869 6.
790 1835 880 1867 adde
904 1836 944 1868 in
969 1846 1085 1880 marg.
1112 1835 1202 1874 Gen.
1231 1840 1288 1883 24,
1314 1841 1380 1883 633
1418 1841 1466 1873 ad
1499 1840 1521 1876 Ζ.
1547 1843 1605 1878 32.
1640 1842 1730 1877 addo
1761 1843 1803 1878 iu

307 1887 421 1920 mara.
449 1879 481 1913 2.
508 1877 629 1914 Mach.
656 1881 690 1924 5,
718 1881 772 1916 16.
804 1882 838 1925 4,
863 1883 921 1918 48.
955 1881 1004 1918 Is.
1031 1885 1088 1928 59,
1114 1887 1146 1920 3.

450 1926 509 1958 Ad
527 1937 567 1969 p.
587 1928 667 1970 197,
695 1927 716 1962 Ζ.
737 1929 769 1964 9.
801 1929 892 1963 adde
920 1934 1064 1964 notam:
1099 1930 1152 1968 cf.
1179 1943 1272 1976 quae
1305 1933 1345 1967 in
1369 1933 1459 1969 Vita
1482 1934 1652 1971 Annonis
1684 1934 1717 1981 1,
1741 1938 1801 1982 24,

308 1968 373 2004 SS.
391 1969 460 2015 XI,
486 1983 522 2016 p.
539 1974 620 2009 477.
646 1977 852 2010 narrantur.

449 2019 490 2052 P.
508 2022 591 2063 216,
617 2032 652 2056 n.
671 2032 706 2056 n.
734 2023 804 2065 leqe
827 2035 862 2067 p.
883 2026 962 2068 106,
988 2024 1012 2059 l.
1033 2027 1077 2061 15
1103 2031 1134 2060 et
1157 2027 1247 2062 adde
1270 2039 1306 2072 p.
1325 2028 1422 2073 94,1.
1441 2031 1474 2066 8.

448 2066 489 2102 P.
508 2068 588 2103 223.
614 2069 654 2101 in
679 2069 909 2112 inscriptione
926 2074 1086 2115 payinae
1110 2074 1179 2117 leye
1202 2073 1249 2110 A.
1270 2077 1373 2112 1075.

448 2113 489 2148 P.
507 2115 588 2159 239,
613 2126 649 2151 n.
667 2117 699 2151 2.
726 2117 838 2151 adde:
870 2116 924 2154 Of.
948 2117 1069 2155 Sifrid.
1100 2119 1144 2155 de
1177 2120 1380 2157 Balnhusin
1413 2134 1442 2159 0.
1468 2125 1546 2170 164,
1579 2122 1645 2161 SS.
1673 2123 1799 2172 XXV,

333 2186 339 2194 .
367 2160 436 2196 696
453 2170 469 2194 s
497 2188 504 2196 .

304 2169 329 2203 P
446 2172 494 2243 Pq
506 2210 589 2253 243,
617 2210 639 2245 Ζ.
658 2211 715 2246 24.
741 2211 790 2244 ad
813 2210 1004 2256 redigebat
1028 2214 1118 2248 adde
1141 2219 1260 2249 notam
1280 2215 1338 2260 1*)
1360 2217 1458 2251 Nota
1475 2219 1559 2252 haec
1574 2220 1680 2253 verba
1694 2218 1798 2265 (Gre—

304 2252 378 2287 bris
406 2274 447 2279 —
475 2254 691 2301 redigebat),
725 2269 815 2301 quae
847 2259 954 2300 infra
982 2271 1020 2304 p.
1038 2263 1119 2296 307.
1145 2265 1176 2295 et
1201 2263 1242 2296 de
1266 2263 1373 2297 ΙΛιΖΖο
1397 2266 1493 2298 dicta
1517 2270 1611 2308 sunt,
1642 2268 1683 2300 in
1713 2267 1796 2303 Vita

305 2301 472 2335 Annom's
495 2303 527 2346 I,
546 2305 580 2347 5,
608 2304 671 2340 SS.
690 2304 760 2347 XI,
783 2317 820 2350 p.
837 2307 919 2342 469.
945 2311 1084 2341 mutata
1109 2319 1179 2342 esse
1208 2310 1248 2342 in
1272 2308 1423 2344 Ieiuniis
1453 2323 1529 2346 non
1563 2312 1654 2347 adeo
1686 2325 1796 2358 quam

304 2347 476 2392 legitimis
510 2361 548 2384 se
581 2352 800 2395 macerabat,
834 2353 904 2387 illa
937 2355 1054 2397 iqitur
1083 2356 1176 2398 falso
1206 2357 1301 2390 dim
1331 2358 1377 2391 ab
1405 2363 1548 2393 auctore
1570 2361 1671 2394 Vitae
1699 2361 1796 2396 iudi-

303 2399 382 2429 cata
406 2407 488 2433 esse.
538 2398 595 2440 Of.
622 2410 736 2444 supra
758 2412 794 2444 p.
815 2406 855 2443 X,
881 2411 918 2435 n.
935 2403 969 2437 4.

445 2444 486 2480 P.
504 2446 586 2489 244,
614 2446 639 2482 Ζ.
655 2448 712 2482 40.
740 2448 811 2491 leye
834 2446 932 2482 facta.
955 2459 1043 2483 esse.

446 2491 486 2528 P.
505 2493 587 2535 255,
614 2494 637 2528 Ζ.
655 2496 711 2530 29.
733 2506 806 2538 pro
828 2494 1014 2540 ignorasse
1039 2517 1083 2521 —
1110 2496 1218 2531 credo
1245 2498 1336 2541 leye:
1370 2509 1445 2533 non
1475 2499 1660 2545 ignorasse
1689 2504 1794 2547 patet

302 2535 398 2571 infra
420 2549 456 2582 p.
475 2540 556 2583 280,
582 2540 606 2576 1.
624 2542 752 2577 8—10.
784 2544 855 2578 293
873 2553 924 2586 sq.
955 2545 1036 2588 296,
1062 2544 1085 2579 l.
1103 2546 1159 2580 30.

444 2585 485 2621 P.
503 2588 584 2631 264,
612 2588 634 2623 Ζ.
652 2590 709 2623 23.
735 2589 805 2632 leye
827 2591 867 2623 in
893 2601 1010 2634 marg.
1036 2592 1068 2626 1.
1086 2589 1184 2627 Petr.
1203 2594 1236 2633 2,
1257 2594 1310 2628 13.
1331 2594 1385 2628 14.

443 2633 484 2666 P.
502 2635 584 2676 297,
608 2646 644 2670 n.
662 2638 694 2671 3.
721 2637 832 2670 adde:
855 2636 1071 2682 Rangefius,
1097 2637 1186 2673 Vita
1202 2637 1370 2674 Anselmi
1393 2651 1427 2676 v.
1446 2643 1540 2677 3220
1557 2652 1646 2688 sqq„
1671 2642 1728 2680 ed.
1746 2643 1793 2680 de

301 2677 336 2712 la
359 2677 502 2714 Fuente
525 2679 681 2724 (Matriti
707 2683 813 2728 1870)
834 2695 870 2728 p.
890 2686 970 2720 113.

442 2727 484 2763 P.
500 2729 583 2772 312,
611 2729 632 2765 Ζ.
651 2731 708 2766 20.
734 2731 808 2765 dele
831 2742 1018 2766 numerum
1041 2736 1144 2766 notae
1170 2734 1188 2768 1
1209 2738 1293 2777 post
1318 2733 1514 2780 dignitatis.
