1950 3302
732 716 1056 774 PRAEFA
1067 715 1213 772 TJO.

364 862 480 918 Cum
531 872 739 916 exhausta
781 869 932 924 priore
983 867 1166 911 editione
1212 865 1457 909 Annalium
1504 862 1726 917 Lamperti

218 933 443 990 bibliopola
465 936 638 988 peteret,
671 935 719 974 ut
739 944 852 973 nova
874 932 1124 984 pararetur,
1157 926 1248 969 iam
1272 939 1360 968 non
1383 924 1578 979 priorem
1605 923 1726 966 illam

218 995 416 1038 recudere
453 992 639 1048 placuit,
682 1004 790 1044 quae
831 988 926 1032 licet
964 987 1127 1042 eqreqie
1171 1000 1247 1028 suo
1289 989 1469 1039 tempore
1509 983 1728 1026 elaborata

188 1069 206 1095 5
219 1053 365 1108 fuerit,
397 1066 514 1096 nunc
534 1055 677 1094 tamen
708 1054 766 1092 tot
797 1047 951 1092 libellis
982 1049 1032 1090 de
1063 1045 1235 1100 scriptis
1255 1043 1479 1099 Lamperti
1509 1042 1634 1086 editis
1665 1041 1728 1084 ita

221 1113 428 1166 obsolevit,
461 1115 508 1154 ut
529 1109 751 1154 lectoribus
777 1108 867 1151 iam
892 1122 980 1150 non
1000 1106 1251 1158 satisfacere
1273 1103 1424 1159 possit,
1457 1104 1532 1146 sed
1553 1101 1729 1156 penitus

219 1176 496 1216 retractatam
535 1174 575 1213 et
614 1173 844 1213 correctam
884 1181 978 1210 eam
1021 1165 1214 1208 exhibere
1259 1163 1398 1206 visum
1444 1167 1516 1205 est.
1579 1161 1729 1204 Etiam

221 1234 327 1276 duos
366 1231 553 1285 reliquos
594 1229 754 1272 libellos
785 1227 971 1270 eiusdem
1011 1224 1200 1268 auctoris
1237 1223 1454 1266 addendos
1491 1236 1578 1264 esse
1610 1220 1729 1263 (lucci—

221 1306 328 1347 mus,
361 1305 456 1335 cum
487 1289 591 1344 quia
621 1287 871 1332 Annalibus
901 1290 1010 1329 recte
1040 1299 1199 1328 usurus
1231 1283 1299 1326 his
1331 1296 1475 1326 carere
1507 1295 1594 1323 non
1617 1284 1730 1335 pote-

176 1367 211 1393 10
223 1351 302 1407 rit,
344 1355 434 1394 tum
473 1349 577 1405 quia
617 1347 761 1391 Vitam
792 1346 914 1390 Lulli
954 1359 1069 1388 nunc
1100 1344 1246 1399 primo
1285 1343 1499 1396 inteqram
1539 1340 1732 1383 exhibere

214 1425 456 1467 possumus,
490 1409 687 1462 dolentes,
721 1408 834 1462 quod
863 1405 995 1449 libelli
1027 1406 1076 1448 de
1099 1402 1378 1446 Institutione
1409 1399 1605 1445 ecclesiae
1622 1399 1732 1442 Her-

223 1470 434 1515 veldensis
472 1470 618 1513 eadem
658 1471 824 1510 tantum
863 1466 954 1519 fere
991 1465 1238 1519 fraqmenta
1269 1461 1553 1517 proponenda
1584 1459 1732 1501 habea-

224 1545 330 1586 mus,
363 1543 472 1585 quae
502 1529 591 1571 iam
623 1531 721 1571 ante
743 1525 1057 1581 quinquaqinta
1081 1537 1220 1566 annos
1246 1522 1295 1565 in
1317 1520 1554 1565 collectione
1585 1522 1734 1562 nostra

224 1589 338 1634 edita
367 1593 480 1633 sunt.

181 1702 215 1728 15
464 1685 506 1728 I.
568 1683 646 1727 De
686 1682 803 1726 vita
843 1685 892 1725 et
931 1678 1166 1734 scriptis
1206 1675 1504 1732 Lamperti.

376 1764 545 1806 Nomen
566 1759 765 1804 monachi
795 1759 916 1802 illius
938 1756 1209 1809 celeberrimi,
1243 1769 1364 1809 quem
1386 1757 1569 1808 quatuor
1591 1750 1744 1794 libellis

231 1838 301 1866 res
329 1827 470 1878 yestas
500 1834 729 1864 enarrasse
761 1822 936 1871 constat,
976 1832 1004 1859 a
1035 1816 1154 1859 nullo
1185 1815 1401 1868 scriptore,
1435 1813 1558 1855 nulla
1589 1810 1744 1854 notitia

233 1881 364 1926 medii
394 1881 488 1924 aevi
529 1880 651 1923 nobis
691 1877 897 1922 traditum
929 1881 1006 1930 est,
1049 1877 1215 1918 demum
1251 1872 1448 1917 eoetremis
1486 1871 1618 1914 annis
1657 1884 1744 1912 sae-

236 1941 321 1986 culi
340 1941 448 1984 XV.
470 1939 520 1983 in
541 1938 753 1983 codicibus
771 1938 816 1981 S.
835 1936 957 1980 Petri
973 1932 1409 1990 Erpliesfurtensibus
1430 1936 1469 1974 et
1490 1946 1518 1974 a
1538 1929 1744 1972 monacho

188 2018 223 2044 20
236 2001 422 2044 eiusdem
461 1997 710 2042 monasterii
743 1997 925 2040 Nicolao
967 1997 1017 2038 de
1051 1995 1210 2049 Syqen,
1254 1998 1343 2035 tum
1379 1993 1433 2034 ab
1465 1990 1567 2033 aliis
1604 1990 1745 2032 eodem

236 2061 328 2115 fere
358 2064 541 2114 tempore
571 2062 610 2102 et
631 2057 794 2112 primis
823 2055 984 2099 saeculi
1009 2054 1139 2097 XVI
1138 2086 1147 2096 .
1180 2052 1324 2106 annis,
1358 2050 1550 2094 videlicet
1581 2049 1634 2092 ab
1656 2048 1745 2091 An-

238 2121 342 2164 drea
382 2119 530 2162 abbate
571 2118 617 2161 S.
650 2115 884 2160 Michaelis
921 2112 1307 2168 Babenberqensis,
1351 2111 1549 2154 Iohanne
1587 2107 1746 2151 Tritlie-

237 2179 323 2223 mio
369 2179 518 2222 abbate
559 2178 605 2221 S.
648 2176 798 2220 Iacobi
837 2172 1222 2228 Wirziburqensis,
1269 2171 1536 2224 Hieronymo
1578 2169 1744 2219 Emser,

247 2239 464 2294 Wiyando
491 2237 832 2291 Gerstenberqer,
866 2239 1037 2278 auctore
1068 2231 1390 2286 Antiquitatum
1417 2228 1747 2283 Eipliesfhtrten-

191 2316 226 2342 25
238 2299 351 2342 sium
391 2297 634 2351 Variloqui,
677 2294 900 2350 Lamperti
940 2307 1094 2337 nomen
1134 2290 1300 2335 auctori
1330 2289 1574 2333 Annalium
1612 2286 1746 2339 fuisse

240 2359 491 2402 adnotatum
521 2361 593 2400 est.
656 2355 796 2409 Atque
826 2354 1046 2397 Iohannes
1072 2350 1331 2395 Trithemius
1362 2354 1401 2393 et
1428 2348 1595 2391 Paulus
1621 2347 1748 2399 Lanq

240 2418 290 2461 in
326 2416 538 2462 Chronico
570 2414 775 2460 Citizensi
806 2416 859 2458 ab
891 2415 1032 2456 eodem
1063 2413 1293 2465 Lamperto
1325 2409 1512 2452 libellum
1543 2408 1593 2450 de
1624 2405 1748 2448 rebus

239 2477 368 2532 =‹Jestis
387 2475 639 2519 monasterii
659 2473 983 2527 Hersfeldensis
1004 2471 1161 2515 editum
1182 2484 1270 2514 esse
1294 2469 1530 2512 retulerunt
1544 2467 1571 2508 ¹.
1634 2466 1749 2519 Quae

242 2535 484 2580 testimonia
514 2534 660 2578 omnia
691 2533 817 2576 attuli
851 2532 1007 2576 ‘Neues
1038 2530 1220 2574 Archiv'
1247 2529 1393 2582 XIX,
1420 2542 1467 2582 p.
1501 2527 1747 2575 169—182,

196 2615 231 2640 ao
244 2595 443 2651 colligens
473 2594 626 2638 exinde
661 2607 750 2637 non
780 2593 950 2647 quidem
980 2591 1097 2634 ultra
1129 2603 1292 2633 omnem
1323 2586 1626 2631 dubitationem
1658 2597 1750 2627 con-

243 2659 357 2699 stare
395 2669 541 2698 verum
581 2667 734 2697 nomen
774 2651 963 2695 auctoris
1007 2649 1235 2693 memoriae
1275 2647 1482 2691 traditum
1522 2658 1626 2697 esse,
1676 2656 1751 2685 nec

245 2719 386 2758 tarmen
412 2714 644 2768 quidquam
675 2711 918 2767 arqumenti
949 2709 1115 2763 haberi,
1150 2723 1225 2752 eur
1256 2707 1304 2750 id
1332 2706 1575 2749 reiciamus.
1644 2703 1749 2744 Tum

246 2773 410 2817 ostendi
445 2773 500 2816 ab
531 2772 726 2816 omnibus
756 2770 1000 2815 auctoribus
1031 2774 1070 2812 et
1108 2769 1157 2811 in
1195 2766 1388 2811 omni-bus
1428 2763 1594 2807 notitiis
1625 2775 1750 2816 prae-

249 2867 284 2911 1)
307 2865 433 2901 Moneo
457 2867 498 2900 in
522 2866 755 2909 inscriptione
772 2865 861 2900 Inst.
880 2863 1045 2898 Hervezd.
1071 2872 1141 2896 non
1165 2865 1307 2895 servata
1330 2859 1457 2903 (infra
1476 2868 1515 2901 p.
1536 2861 1634 2891 xxx,
1657 2865 1693 2888 n.
1712 2855 1752 2893 4)

201 2923 235 2950 ³5
247 2917 312 2948 aut
335 2923 459 2948 nomen
483 2915 661 2957 inteyrum
686 2916 751 2947 aut
776 2912 932 2946 litteram
956 2910 1132 2944 initialem
1157 2909 1233 2943 eius
1254 2907 1297 2943 L.
1324 2917 1381 2942 eos
1406 2906 1514 2949 leqere
1535 2904 1703 2948 potuisse.
