1968 3164
250 398 353 433 1070.

251 2180 325 2211 Any.
337 2179 363 2205 2.

366 272 437 307 114
734 267 1003 304 LAMPERTI
1026 266 1281 302 ANNALES.
1330 265 1378 303 A.
1405 267 1509 303 1070.

367 393 639 448 accepisset,
687 391 737 432 id
783 404 865 445 per
910 390 1058 440 furta,
1107 403 1190 444 per
1235 389 1499 439 latrocinia,
1543 387 1740 442 denique
1786 400 1868 442 per

367 452 548 495 omniast
585 451 808 492 viciorum
849 449 1016 504 probra
1055 449 1148 490 iam
1180 449 1356 490 dudum
1388 447 1716 490 oblitterasset.
1778 445 1868 489 Ille

367 514 525 554 tamen
565 512 612 552 et
651 509 933 563 indignitate
974 508 1041 550 rei
1081 508 1300 550 efferatus
1342 509 1388 549 et
1429 507 1529 550 Deo
1575 505 1868 548 innocentiae

369 584 478 613 suae
509 571 629 612 teste
662 571 709 611 et
741 568 923 610 conscio
955 568 1104 609 fretus
1137 581 1242 609 cum
1276 567 1448 621 quovis,
1489 566 1630 608 etiam
1660 565 1866 620 indigno,

370 630 511 673 etiam
542 630 697 684 preter
727 627 906 669 natales
939 640 1062 677 suos,
1106 639 1312 682 pugnare
1344 625 1547 668 malebat
1578 639 1716 680 quam
1747 623 1900 666 tantis

350 689 554 732 ‚sceleris
577 687 835 742 suspicione
858 686 1021 728 teneri.
1074 685 1228 740 Igitur
1255 685 1329 727 die
1362 687 1541 726 statuta
1571 685 1631 726 ad
1662 683 1870 739 proxima

371 747 608 791 Goslariae
640 747 743 788 loca
775 760 879 788 cum
911 747 1090 787 armata
1121 744 1422 786 multitudine
1447 744 1596 795 venit;
1630 743 1780 785 missis
1811 742 1870 784 ad

370 821 525 863 regem
556 806 737 848 nunciis
770 805 1019 855 mandavit,
1054 804 1092 846 si
1118 804 1206 846 sibi
1236 805 1341 845 tuto
1362 803 1531 855 venire,
1565 803 1604 845 si
1634 805 1739 844 tuto
1771 815 1871 844 cau·

371 881 467 908 sam
509 866 660 908 dicere
701 865 883 915 liceret,
926 865 1141 918 paratum
1182 877 1229 905 se
1261 876 1414 905 coram
1445 862 1600 905 venire
1641 863 1689 904 et
1720 861 1871 904 condi-

372 926 514 976 cione,
558 939 695 979 quam
727 924 957 979 principes
988 923 1119 978 regni
1151 936 1314 977 equam
1346 922 1641 973 iudicassent,
1685 921 1869 972 crimen,
1886 934 1920 960 10

372 986 503 1028 cuius
541 983 838 1025 insimulatus
879 983 1056 1033 fuerat,
1099 981 1325 1024 refellere.
1388 981 1487 1024 Rex
1518 981 1578 1023 ad
1609 981 1724 1023 haec
1756 981 1872 1022 atro-

372 1045 488 1086 citer
529 1046 574 1085 et
616 1043 779 1084 acerbe
819 1042 1058 1096 respondit
1100 1055 1147 1084 se
1180 1041 1222 1083 ei
1253 1054 1338 1083 nec
1369 1041 1419 1082 in
1449 1040 1676 1083 veniendo
1707 1053 1793 1082 nec
1823 1039 1873 1080 in

373 1117 511 1145 causa
532 1102 728 1144 dicenda
749 1115 909 1156 pacem
941 1103 1022 1142 aut
1055 1100 1350 1143 securitatem
1381 1099 1611 1155 polliceri;
1643 1099 1693 1140 id
1724 1097 1873 1140 solum

372 1157 660 1218 expectareb,
714 1163 768 1202 ut
818 1161 949 1202 iuxta
1001 1160 1265 1202 condictum
1314 1158 1573 1202 Goslariam
1619 1158 1873 1200 comminus

372 1222 571 1272 veniret,
616 1223 663 1262 et
695 1220 734 1261 si
765 1221 876 1274 quid
909 1221 965 1262 de
996 1219 1264 1261 innocentia
1304 1232 1387 1260 sua
1423 1219 1728 1273 presumeret,
1771 1230 1873 1259 con-
1888 1229 1922 1255 ιτ»

373 1283 497 1323 serta
519 1294 622 1322 cum
645 1279 905 1321 adversario
938 1293 1020 1320 suo
1052 1293 1192 1320 manu
1214 1278 1459 1332 equissimo
1489 1277 1634 1319 iudici
1654 1277 1756 1319 Deo
1776 1289 1873 1318 rem

374 1339 707 1389 committeret;
750 1339 799 1379 ni
837 1338 886 1379 id
927 1338 1124 1388 faceret,
1168 1351 1215 1379 se
1252 1337 1419 1379 omissa
1458 1337 1614 1391 legum
1655 1335 1873 1378 dissiden-

373 1399 492 1440 tium
534 1398 793 1448 simultate,
836 1397 1043 1451 relegato
1090 1396 1425 1438 sententiarum
1472 1395 1741 1446 certamine,
1790 1408 1873 1449 pro

375 1458 585 1500 convicto
627 1456 926 1510 confessoque
969 1470 1072 1498 eum
1110 1456 1160 1496 in
1197 1455 1344 1496 tantic
1384 1454 1567 1497 sceleris
1598 1453 1874 1495 inmanitate

374 1516 644 1558 habiturum
660 1515 688 1555 ¹.
739 1515 905 1557 Relato
938 1515 997 1556 ad
1024 1515 1187 1557 ducem
1219 1515 1307 1556 hoc
1338 1527 1568 1568 responso,
1602 1527 1687 1556 nec
1718 1514 1875 1554 tutum
1887 1526 1923 1552 20

374 1589 460 1618 nec
501 1575 612 1616 satis
651 1574 900 1616 honestum
941 1570 1068 1616 eiusd
1103 1573 1360 1615 rationibus
1391 1573 1540 1614 visum
1572 1574 1642 1614 est
1682 1572 1756 1614 his
1796 1571 1876 1626 qui

374 1637 499 1677 recte
533 1634 575 1676 ei
607 1634 870 1676 consultum
901 1633 1163 1688 cupiebant,
1196 1634 1250 1674 ut
1282 1633 1346 1674 sic
1377 1632 1690 1674 inflammatae
1721 1631 1876 1673 adver-

376 1708 477 1735 sum
519 1707 565 1735 se
612 1693 733 1748 regis
779 1693 1046 1735 iracundiae
1092 1692 1385 1734 illudendum
1432 1705 1479 1733 se
1526 1691 1875 1744 vexandumque

376 1753 592 1803 obiceret,
627 1766 731 1794 cum
764 1752 852 1794 sibi
881 1752 1075 1806 integris
1097 1751 1275 1793 adhuce
1314 1751 1451 1793 rebus
1483 1752 1530 1792 et
1556 1749 1746 1792 crimine
1777 1762 1876 1791 nec-

377 1813 488 1854 dum
521 1811 817 1866 comprobato
849 1813 954 1852 tuto
987 1825 1140 1852 coram
1174 1810 1330 1852 venire
1368 1824 1462 1851 non
1492 1809 1711 1860 licuisset,
1754 1807 1877 1862 quod
1889 1821 1925 1848 25

376 1874 474 1912 tam
519 1871 618 1913 iure
666 1870 783 1912 caeli
830 1885 967 1924 quam
1012 1870 1111 1912 iure
1158 1870 1249 1911 fori
1296 1869 1508 1911 omnibus
1560 1881 1738 1923 semper
1787 1867 1877 1909 reis

377 1930 589 1972 omnibus
620 1930 670 1970 in
703 1929 851 1971 causis
883 1929 1103 1971 licuisset.
1165 1929 1241 1970 Ita
1278 1923 1451 1970 incisaf
1488 1941 1566 1983 spe
1597 1926 1771 1978 veniae,
1813 1925 1877 1967 in-

375 1989 513 2031 fectis
560 1989 697 2030 rebus
742 1989 793 2029 in
839 2002 922 2029 sua
969 2002 1015 2030 se
1056 1988 1253 2043 recepit,
1297 1987 1446 2029 sacius
1486 1988 1677 2041 putans,
1726 1982 1878 2040 quoad

377 2049 553 2102 posset,
609 2047 746 2088 armis
799 2047 996 2089 salutem
1054 2047 1176 2089 tueri
1228 2061 1365 2101 quam
1418 2046 1477 2087 ad
1493 2049 1515 2075 ἕ
1571 2044 1879 2087 exsaturanda

377 2106 582 2148 hostium
623 2120 810 2147 suorum
851 2106 957 2147 odia
997 2106 1197 2160 turpiter
1236 2119 1360 2147 more
1401 2104 1631 2160 pecudum
1661 2102 1876 2158 iugulari.
1891 2117 1926 2143 30

378 2165 570 2207 Postera
601 2165 675 2206 die
707 2178 787 2206 rex
818 2164 1048 2219 principes
1082 2165 1327 2214 Saxoniae,
1371 2164 1493 2218 quod
1535 2177 1589 2206 ex
1625 2162 1698 2204 his
1729 2162 1877 2204 oriun-

379 2225 465 2265 dus
512 2225 653 2274 esset,
703 2225 750 2265 et
791 2223 841 2264 hi
886 2225 1075 2278 propter
1121 2223 1324 2277 privatas
1364 2222 1635 2264 inimicicias
1681 2221 1877 2262 maxime

377 2283 577 2324 invisum
618 2296 723 2324 eum
764 2282 989 2324 haberent
1004 2282 1030 2333 ²,
1075 2282 1352 2324 sententiam
1390 2294 1526 2335 super
1564 2275 1646 2322 eo¹¹
1681 2278 1875 2333 rogavit.

379 2409 409 2442 a)
428 2410 557 2434 omnium
574 2407 657 2434 Blb.
713 2409 744 2440 b)
763 2410 893 2440 exspect.
913 2409 975 2434 132.
1033 2407 1060 2441 c)
1080 2410 1163 2434 tanta
1183 2406 1263 2433 Blb.
1338 2405 1369 2440 d)
1389 2414 1446 2432 om.
1465 2406 1544 2432 131⁵.
1619 2404 1647 2438 e)
1666 2403 1706 2430 ad
1724 2405 1798 2430 haec
1817 2405 1877 2430 Al.

379 2446 404 2476 f)
423 2445 530 2470 inseisa
548 2443 629 2470 Blb.
641 2445 667 2470 2.
741 2446 772 2476 g)
791 2451 846 2470 om.
867 2443 949 2469 ΒΗ).
1023 2443 1055 2477 h)
1074 2451 1140 2468 eum
1158 2443 1221 2468 ΒΞ.
1891 2439 1927 2467 35

383 2540 418 2583 1)
444 2539 638 2572 Annalaezsta
663 2538 867 2571 Altahensis
891 2538 993 2571 nobis
1017 2538 1169 2570 tradidit
1199 2547 1289 2580 quae
1312 2547 1380 2569 rex·
1403 2547 1481 2569 vere
1503 2535 1708 2579 respondit:
1742 2532 1821 2568 Pax
1845 2532 1880 2568 ei

382 2586 428 2620 ad
462 2597 521 2620 me
545 2585 706 2620 venienti
739 2584 844 2619 firma
878 2585 957 2628 erit,
997 2584 1012 2631 Η
1029 2587 1066 2619 et
1099 2586 1192 2628 post,
1227 2585 1338 2628 prout
1361 2593 1444 2617 reus
1472 2583 1531 2617 vel
1556 2583 1607 2626 (et
1631 2583 1674 2626 c.)
1707 2581 1880 2615 innocens

381 2633 602 2678 apparuerit.
641 2633 687 2666 In
711 2633 778 2666 hac
801 2633 971 2666 relatione
987 2632 1111 2665 callide
1133 2631 1271 2664 studuit
1287 2631 1428 2673 Lamp„
1453 2634 1494 2663 ut
1510 2631 1631 2664 omnia
1656 2631 1696 2662 in
1720 2629 1880 2670 favorem

381 2681 498 2722 ducis,
540 2682 580 2713 in
617 2681 738 2713 odium
777 2682 872 2722 reyis
910 2682 1129 2721 converteret,
1166 2682 1206 2711 ut
1239 2678 1418 2711 Delbrvzck
1448 2689 1488 2720 p.
1515 2678 1669 2713 21—26.
1706 2675 1880 2718 exposuit.

381 2728 419 2771 2)
457 2727 552 2760 Sane
587 2729 745 2761 conscius
781 2727 929 2768 fraudis
965 2726 1037 2759 sihi
1071 2726 1146 2767 fuit
1179 2726 1319 2768 Lamp„
1357 2735 1435 2758 cum
1472 2725 1555 2758 haec
1590 2723 1766 2757 scriberet.
1821 2721 1878 2763 Of.
1891 2729 1928 2755 40

385 2774 424 2808 Ο.
450 2775 646 2815 Franklv'n,
682 2774 771 2806 ‘Das
795 2773 1120 2816 Reichshofym·icht
1152 2774 1203 2806 im
1228 2771 1443 2805 Mittelalter’
1479 2772 1532 2813 II,
1562 2782 1602 2814 p.
1622 2772 1690 2806 129
1706 2780 1782 2812 sq.:
1815 2767 1880 2802 ‘Es

382 2832 462 2854 war
486 2822 526 2854 in
551 2821 681 2854 cilterer
705 2822 783 2854 Zeit
807 2821 862 2854 die
886 2821 1001 2863 Reqel,
1036 2820 1120 2853 dass
1153 2820 1219 2852 das
1243 2818 1569 2861 Reichshofym·icht
1603 2819 1667 2850 mit
1691 2816 1880 2850 Stammes-

381 2878 550 2910 ρωπος-99η
574 2870 671 2901 einer
695 2869 759 2901 der
782 2868 949 2901 Parteien
973 2868 1097 2900 besetzt
1121 2867 1253 2908 warde,
1288 2867 1328 2900 ob
1356 2865 1539 2899 rechtliche
1563 2862 1880 2906 Nothwendiqkeit,

386 2916 429 2947 ist
453 2915 550 2947 nicht
574 2916 638 2947 mit
663 2915 857 2948 Sicherhez't
883 2914 1166 2949 auszmnache‘n'.
