2014 3184
354 232 424 267 466
840 233 1003 270 INDEX
1027 235 1377 277 LOCUTIONUM.

399 352 510 394 prout
533 360 593 384 res
617 354 846 395 posceret
869 355 951 398 218,
971 365 1000 390 5.
1034 376 1077 380 —
1177 358 1267 394 Sall.
1285 359 1368 403 luy.
1386 362 1443 397 70.
1465 361 1520 396 uti
1538 372 1596 397 res
1615 365 1855 408 posceret.

352 395 572 440 ubicumque
597 409 654 432 res
676 402 844 443 posceret
867 404 990 445 presto
1017 402 1079 437 ad·
1130 425 1175 429 —
1200 405 1278 442 Liv.
1303 407 1373 451 IV,
1400 409 1434 452 3,
1461 410 1493 444 7.
1525 408 1624 454 quod
1647 421 1706 445 res
1728 421 1855 456 posco-

353 454 430 478 esse
447 446 530 488 323,
541 455 569 480 5.
589 465 631 470 —
650 446 870 491 ubicumque
882 459 940 483 res
952 460 1078 494 posce-

351 492 409 524 ret
433 490 560 526 aderat
585 494 666 536 346,
679 503 707 529 5.

399 585 461 629 qui
485 586 568 630 pliis
592 590 761 631 posset
786 591 884 634 76,5.
921 611 963 615 —
1000 602 1077 626 om-

350 643 415 667 nes
450 633 513 676 qui
549 661 557 669 .
593 662 600 670 .
637 662 645 670 .
682 635 810 679 opibus
846 639 909 671 aut
942 637 1078 674 virtute

350 679 501 714 militari
531 681 731 725 plurimum
762 687 934 728 poterant
959 687 1016 730 64,
1031 698 1076 722 30.

352 747 395 751 -
423 738 506 761 cum
532 728 641 763 armis
667 731 704 763 et
729 730 859 774 opibus
876 732 1077 776 plurimum

349 777 498 818 possent
525 777 603 819 110,
620 787 663 811 10.

397 821 478 856 loca
503 822 636 867 omnia,
661 835 728 867 per
744 835 838 868 quae
862 825 979 860 exitus
999 838 1076 862 esse

348 871 564 913 poterat,
604 871 831 906 occluserant
869 875 925 917 78,
947 885 990 910 15.
1031 895 1074 899 —

349 916 472 950 omnia
496 915 658 962 flumina,
692 930 760 963 per
784 931 876 964 quae
902 921 1076 956 transitus

349 974 426 998 esse
457 966 619 1007 poterat,
657 966 831 1010 appositis
866 968 1076 1004 custodibus

348 1010 533 1045 observari
569 1011 655 1047 fecit
690 1015 770 1057 122,
789 1025 833 1050 15.
870 1035 912 1040 -—-
949 1027 1075 1052 omnes

347 1057 434 1102 vias,
468 1069 536 1103 per
560 1070 649 1103 quas
675 1059 868 1096 descensus
899 1074 976 1097 esse
1010 1075 1074 1108 po-

347 1106 443 1139 terat
467 1105 512 1140 de
530 1107 691 1150 castello,
719 1108 891 1144 adhibitis
917 1111 1074 1146 custodi—

347 1151 415 1186 bus
441 1153 626 1188 observari
645 1156 854 1191 statuerunt
872 1159 952 1202 155,
964 1169 1010 1194 20.
1030 1179 1072 1184 —

346 1199 399 1233 ita
424 1211 561 1245 omneS,
593 1213 660 1246 per
684 1214 773 1246 quas
798 1205 972 1239 transitus
997 1216 1073 1241 esse

345 1247 534 1292 potuisset,
570 1248 742 1284 itinerum
777 1252 960 1297 angustias
991 1264 1072 1298 pre-

348 1297 541 1339 occupatas
567 1298 648 1340 303,
664 1307 707 1332 15.

395 1344 437 1375 ut
462 1370 470 1378 .
498 1369 506 1378 .
533 1370 541 1379 .
567 1343 708 1389 insigne
733 1345 1001 1380 monimentum
1026 1347 1073 1381 ad

346 1391 571 1432 posteros
604 1391 896 1427 transmitterent
929 1395 1070 1438 200,15.

349 1454 391 1459 —
419 1436 481 1479 qui
508 1464 516 1472 .
540 1465 548 1472 .
573 1465 580 1472 .
607 1437 810 1482 agitaverat
835 1468 842 1475 .
863 1467 871 1475 .
890 1467 898 1475 .
925 1441 1072 1485 aliquod

346 1481 606 1518 documentum
623 1485 870 1521 transmittere
895 1487 934 1521 in
949 1491 1070 1532 poste-

346 1540 406 1563 ros
430 1532 512 1574 328,
529 1542 572 1567 10.
610 1552 652 1556 -
679 1532 790 1567 studii
816 1559 824 1568 .
852 1562 860 1570 .
887 1562 895 1570 .
922 1535 1071 1570 evidens

345 1576 394 1611 ad
442 1588 508 1611 nos
560 1579 760 1614 transmisit
810 1580 1071 1617 documentum

348 1626 428 1668 348,
443 1636 488 1661 20.
517 1645 559 1650 —
590 1628 631 1660 ut
655 1629 800 1662 nostrae
825 1629 880 1663 rei
903 1625 1071 1673 publicae

346 1671 513 1706 consules
539 1698 547 1707 .
569 1699 577 1707 .
597 1701 604 1709 .
631 1674 704 1708 stili
730 1674 852 1710 officio
878 1676 925 1710 ad
949 1680 1069 1721 poste-

344 1729 404 1753 ros
428 1720 715 1755 transmitterem
739 1724 821 1766 348,
835 1733 880 1758 25.
910 1743 951 1748 —-
977 1735 1070 1759 neve

344 1767 420 1800 tam
445 1767 643 1810 pessimum
669 1770 878 1814 exemplum
911 1798 920 1806 .
946 1798 955 1806 .
983 1800 991 1807 .
1023 1771 1070 1806 ad

343 1815 508 1857 posteros
543 1826 626 1850 suos
659 1815 817 1851 inultum
846 1818 1068 1854 transmitte-

343 1863 427 1895 rent
453 1863 532 1906 157,
546 1873 591 1898 30.

392 1908 544 1942 caeteris
561 1909 739 1954 episcopis
763 1911 1068 1955 posthabitis

342 1956 400 1998 88,
423 1966 469 1990 20.
509 1975 552 1980 ——
589 1957 805 2000 posthabitis
842 1959 1068 2004 principibus

345 2003 413 2037 148
441 2013 483 2037 10.

391 2028 432 2082 ul:
457 2049 491 2082 ei
514 2050 775 2094 precipitanter
799 2053 983 2098 sanguinis

342 2095 398 2128 ius
456 2098 857 2142 potestatemque
906 2100 1068 2136 facerent

341 2144 424 2186 223,
442 2153 487 2178 20.
531 2163 574 2168 -——
613 2143 647 2178 ei
688 2145 874 2190 sanguinis
914 2147 971 2180 sui
1011 2148 1067 2181 ius

340 2191 635 2234 potestatemque
676 2191 796 2227 facere
836 2195 918 2238 236,
937 2205 982 2230 30.
1022 2215 1065 2219 -

342 2238 384 2270 ut
416 2236 479 2271 ille
513 2237 568 2271 sui
598 2238 762 2273 omnium
796 2240 980 2285 sanguinis
1009 2241 1066 2275 ius

341 2285 634 2328 potestatemque
659 2286 842 2331 acciperet
866 2289 948 2332 258,
968 2300 994 2323 1.
1020 2309 1065 2313 —

341 2330 458 2365 tocius
492 2332 597 2377 regni
629 2332 686 2366 ius
715 2336 1007 2379 potestatemque
1032 2335 1067 2370 ei

341 2389 380 2412 se
404 2377 586 2412 facturum
611 2380 854 2424 pollicebatur
877 2384 959 2426 246,
973 2393 1000 2418 5.
1021 2403 1064 2408 —

341 2436 380 2459 se
406 2451 414 2458 .
438 2453 446 2461 .
470 2453 478 2460 .
505 2425 555 2460 eis
582 2454 589 2461 .
618 2454 627 2462 .
652 2428 881 2473 gubernandi
906 2457 914 2464 .
941 2457 950 2465 .
977 2458 984 2465 .
1010 2431 1065 2464 to·

342 2471 418 2506 cius
454 2473 559 2518 regni
594 2473 650 2507 ius
686 2477 980 2520 potestatemque
1013 2476 1065 2511 fa-

341 2530 423 2553 cere
457 2521 539 2563 278,
563 2531 607 2556 30.
644 2542 690 2546 -
724 2522 824 2566 quod
849 2551 857 2558 .
885 2552 893 2559 .
920 2549 929 2558 .
963 2524 1065 2558 locus

340 2565 419 2610 ipse
454 2565 493 2600 in
529 2566 585 2601 ius
621 2570 914 2614 potestatemque
947 2571 1065 2606 archi-

341 2613 500 2657 episcopi
525 2615 759 2650 concessisset
793 2619 909 2660 90,15.
945 2639 990 2642 —
1023 2620 1066 2652 ut

340 2659 484 2693 nullum
509 2660 679 2706 deinceps
709 2662 928 2707 pontificalis
953 2664 1065 2700 officii

340 2706 396 2740 ius
420 2709 713 2753 potestatemque
738 2710 872 2745 habeat
896 2713 1016 2756 207,1.

389 2754 451 2797 qui
485 2782 493 2790 .
521 2782 529 2790 .
557 2783 564 2790 .
599 2755 672 2790 iam
703 2757 800 2791 solus
829 2761 953 2792 rerum
984 2770 1064 2803 po—

341 2799 561 2835 tiebatur
601 2805 682 2847 313,
700 2814 727 2839 5.
779 2825 821 2829 —
864 2804 1063 2840 dummodo

378 2874 386 2882 .
412 2873 421 2881 .
447 2848 544 2882 solus
569 2860 682 2894 regno
707 2851 889 2894 potiretur
912 2854 994 2897 327,
1010 2863 1038 2888 5.

1013 2054 1068 2088 sui

1129 454 1206 496 ret,
1241 453 1321 497 ΙΙΙ,
1350 457 1405 497 19,
1430 457 1463 491 3.
1498 456 1562 491 ubi
1594 468 1652 492 res
1675 460 1854 502 posceret.

1131 519 1173 524 -
1209 501 1296 536 Sall.
1332 502 1413 546 qu.
1446 503 1503 540 54.
1541 504 1763 550 ubicumque
1795 517 1855 542 res

1127 548 1347 591 postulabat.

1175 595 1263 631 Sall.
1291 595 1368 632 Cat.
1394 599 1452 634 39.
1478 597 1542 641 qui
1565 598 1649 643 plus
1672 602 1853 644 posset.

1130 661 1172 666 —
1198 642 1276 676 In‘v.
1302 643 1448 687 XXXI,
1466 646 1523 682 30.
1549 645 1613 690 qui
1637 671 1647 680 .
1671 674 1680 682 .
1705 674 1713 684 .
1738 646 1852 693 pluri-

1126 699 1229 723 mum
1261 693 1431 735 possent3
1468 691 1664 738 XXXIII,
1695 695 1752 731 62.
1789 694 1854 740 qui

1126 735 1208 780 plus
1233 737 1343 771 armis
1365 738 1562 783 potuisset3
1591 740 1676 786 VII,
1690 742 1749 778 29.
1767 741 1854 787 quin

1126 782 1264 818 viribus
1289 784 1371 829 plus
1395 788 1577 832 poterant,
1602 791 1660 824 dc.

1170 1351 1279 1386 Lavit.
1313 1354 1371 1395 25,
1405 1354 1464 1388 46.
1505 1353 1726 1388 hereditario
1766 1354 1846 1390 iure

1121 1398 1375 1433 transmittetis
1399 1398 1446 1434 ad
1470 1411 1494 1444 p
1505 1411 1527 1434 o
1538 1412 1554 1434 s
1562 1403 1579 1435 t
1589 1412 1609 1435 e
1618 1412 1637 1434 r
1647 1412 1669 1435 o
1679 1411 1706 1437 s.

1165 2057 1302 2093 Lucan.
1328 2059 1386 2102 II,
1414 2060 1469 2094 76.
1505 2058 1710 2104 frustraque
1743 2060 1840 2095 hosti

1116 2115 1286 2157 concessa
1319 2117 1343 2150 p
1355 2117 1376 2140 o
1386 2107 1403 2140 t
1413 2117 1432 2140 e
1443 2117 1459 2140 s
1468 2108 1485 2140 t
1495 2118 1516 2140 a
1525 2117 1541 2140 s
1576 2107 1761 2152 sanguinis
1785 2108 1839 2142 in-

1115 2162 1194 2185 vm.

1161 2526 1250 2562 Sall.
1277 2527 1353 2564 Cat.
1378 2530 1436 2564 20.
1470 2530 1664 2573 postquam
1688 2540 1746 2565 res
1769 2541 1837 2576 pu-

1112 2572 1207 2607 blica
1230 2572 1269 2607 in
1293 2585 1494 2618 paucorum
1517 2576 1573 2610 ius
1598 2578 1708 2620 atque
1729 2576 1837 2612 ditio-

1113 2630 1198 2654 nem
1223 2621 1411 2658 concessit.
1817 2626 1822 2630 “

1161 2714 1261 2758 Sulp.
1296 2715 1370 2750 Sev.
1402 2717 1501 2753 Dial.
1537 2717 1596 2761 II,
1630 2719 1664 2754 5.
1697 2717 1835 2753 Valen-

1111 2760 1272 2796 tinianus
1296 2764 1376 2796 tum
1410 2788 1420 2797 .
1446 2791 1454 2799 .
1482 2793 1489 2804 ,
1523 2775 1644 2799 rerum
1676 2764 1834 2809 potie-

1111 2807 1266 2843 batur.
1303 2829 1346 2834 —
1381 2811 1469 2845 Sall.
1493 2811 1573 2854 qu.
1598 2813 1633 2848 8.
1658 2811 1712 2846 uti
1737 2812 1833 2846 solus

1111 2853 1266 2899 imperio
1292 2883 1300 2891 .
1328 2883 1336 2892 .
1363 2884 1371 2892 .
1397 2857 1588 2901 potiretur.
