2014 3184
150 349 348 387 dammodo
378 348 502 384 vivam
526 347 723 383 virtutibus
758 348 840 391 314,
854 357 882 382 5.

151 418 197 426 —
213 397 301 434 licet
316 407 425 434 carne
441 398 620 440 mortuus,
645 394 736 430 vivit
757 397 884 429 tamen

150 445 250 492 apud
273 443 486 491 superstites
511 445 634 488 336,1.

198 493 393 539 oportebat
425 494 464 527 te
490 520 498 528 .
526 519 534 527 .
562 519 570 528 .
596 501 664 536 pro
701 489 884 524 castris

152 540 303 577 Domini
332 542 429 576 stare
460 541 602 583 315,15.
635 558 678 564 -
709 540 752 572 ut
783 535 884 571 suffi-

155 591 281 625 cerent
320 599 389 635 pro
430 586 558 623 castris
598 585 750 621 Domini
787 587 884 619 stare

155 639 238 682 344,
251 647 297 674 15.

199 688 243 720 ut
267 713 275 722 .
303 711 312 720 .
339 713 347 721 .

154 762 163 770 .
189 761 199 770 .
227 759 235 768 .
270 742 452 768 causam
487 730 627 766 diceret
659 731 758 774 76,1.
786 748 829 753 —
857 727 887 762 si

0 805 7 823 ιι
153 780 222 816 sibi
237 783 320 816 tuto
336 779 474 823 venire,
499 777 529 813 si
554 779 635 812 tuto
661 787 808 812 causam
833 774 887 810 di-

0 831 7 875 }
154 839 237 864 cere
261 828 390 864 liceret
417 828 495 871 114,
509 837 537 863 5.
558 846 601 851 -—
620 836 693 870 quo
718 826 800 859 tuto
825 834 887 858 ve-

0 876 4 901 ῖ
154 876 252 920 nire,
289 877 371 911 tuto
409 885 556 910 causam
597 873 720 908 dicere
760 872 889 907 liceret

373 682 421 718 ad
453 682 617 718 tribunal
648 710 655 717 .
683 709 692 718 .
719 709 727 717 .
757 679 886 715 iudicis

154 925 238 970 229,
251 935 297 961 20.
317 943 360 950 -
386 925 428 957 ut
452 932 600 958 causam
626 920 776 964 diceret,
803 930 889 954 evo·
940 949 948 958 ,
976 949 984 957 ,

0 963 6 1015 ξ
155 975 258 1008 catus
290 973 415 1016 206,1.
452 989 495 996 --
531 968 676 1014 copiam
709 967 773 1003 det
808 995 817 1004 .
844 995 852 1003 .
881 995 888 1003 .

0 1019 4 1063 ξ
154 1022 236 1055 tuto
261 1029 408 1055 causam
425 1017 572 1053 dicendi
595 1019 679 1061 211,
693 1027 739 1052 25.
755 1036 798 1041 —
817 1014 891 1049 acsi

155 1079 224 1114 pro
258 1066 464 1103 excessibus
495 1065 570 1100 suis
593 1064 672 1110 ipse
699 1092 708 1100 .
736 1092 743 1100 .
771 1091 780 1100 .
807 1074 889 1097 cau-

0 1155 3 1164 ,
157 1127 236 1151 sam
259 1115 425 1150 dicturus
449 1115 532 1158 245,
546 1124 591 1149 30.
620 1132 663 1138 -
691 1111 737 1146 de
769 1110 890 1146 crimi-

0 1171 6 1210 *3
155 1163 276 1208 nibus,
317 1173 412 1208 quae
457 1161 702 1204 obicerentur,
745 1170 891 1194 causam

0 1220 2 1226 ‘
158 1211 321 1247 dicturus
344 1212 469 1255 252,1.
498 1229 540 1235 -
567 1207 710 1244 Romae
743 1218 891 1252 presen-

157 1259 226 1295 tati
250 1269 396 1294 causam
421 1257 587 1292 dicerent
611 1257 693 1300 255,
707 1266 735 1292 5.

0 1312 5 1352 ἰ
204 1306 245 1342 hi
261 1306 292 1341 si
308 1316 453 1342 causa
478 1303 704 1348 cecidissent,
731 1302 801 1338 sibi
818 1313 892 1336 una

0 1354 3 1361 ’
160 1354 367 1390 cadendum
392 1355 487 1388 esset
513 1354 651 1397 142,15.
677 1371 719 1376 --
747 1361 785 1385 se
812 1378 819 1386 .
849 1378 856 1386 .
884 1378 892 1386 .

160 1413 269 1438 causa
305 1401 435 1437 cadere
473 1402 572 1443 76,1.
609 1419 652 1425 —
687 1398 726 1433 in
762 1409 893 1444 perpe-

0 1490 3 1496 ‚
159 1455 265 1486 tuum
290 1460 400 1485 causa
424 1447 598 1484 ceciderit
622 1448 766 1492 281,15.
786 1465 829 1471 —-
853 1447 895 1480 ut

0 1498 5 1546 ζ
161 1500 200 1534 et
231 1504 340 1534 causa
371 1497 412 1532 in
447 1498 669 1542 perpetuum
707 1493 896 1529 cecidisset

0 1547 5 1567 f
160 1548 243 1591 286,
253 1557 299 1583 so.
315 1565 359 1571 ——-
377 1544 407 1579 si
423 1555 531 1580 causa
549 1541 739 1578 cecidisset
754 1543 837 1585 291,
849 1552 894 1577 20.

629 227 793 264 INDEX
817 225 1170 263 LOOUTIONUM.

1590 225 1661 259 409

932 346 1006 381 iam
1024 357 1169 381 carne
1186 347 1433 391 praemortua.
1454 365 1496 370 —-
1517 347 1549 380 1.
1568 345 1662 380 Petr.

933 397 966 438 3,
994 396 1051 431 18.
1085 392 1327 428 mortificatus
1361 392 1510 438 quidem
1542 403 1663 436 carne,

932 440 1135 476 vivificatus
1160 443 1284 476 autem
1309 440 1451 486 spiritu.

982 490 1086 533 Sulp.
1111 489 1186 525 Seu.
1213 489 1285 534 Ep.
1309 491 1343 524 3.
1382 488 1412 523 si
1436 487 1557 523 adhuc
1584 516 1591 523 .
1620 516 1627 524 .
1656 516 1663 523 .

933 548 1001 582 pro
1048 536 1228 571 castris
1277 538 1427 570 tuorum
1468 538 1565 570 stare
1606 546 1665 570 me

933 583 1126 630 praecipis

990 680 1128 715 Terent.
1165 679 1263 714 Eun.
1293 679 1390 722 prol.
1426 681 1482 715 10.
1521 689 1667 713 causam

937 727 1060 762 dicere
1097 727 1219 772 prius;
1257 727 1327 763 Ad.
1364 727 1404 771 V,
1435 729 1476 770 2,
1507 728 1565 762 42.
1606 725 1668 760 ad-

936 786 1135 810 vorsumne
1169 775 1273 809 illum
1307 786 1454 810 causam
1488 774 1664 816 dicerem;

937 824 1083 859 Phorm.
1118 824 1156 866 V,
1180 825 1213 866 6,
1239 825 1273 859 8.
1300 834 1446 857 causam
1472 825 1513 856 ut
1538 832 1606 867 pro
1632 832 1669 856 se

938 872 1089 908 diceres.
1130 891 1172 896 -
1212 871 1304 907 Sall.
1339 871 1418 914 Iuy.
1454 872 1511 907 69.
1554 869 1670 904 iussus

1013 949 1020 956 .
1048 930 1194 955 causam
1220 919 1351 956 dicere.

993 1303 1063 1339 Cic.
1090 1303 1190 1337 Mur.
1210 1303 1250 1344 4,
1269 1303 1302 1337 9.
1334 1300 1439 1334 illum
1464 1299 1584 1344 ipsum
1610 1324 1616 1332 .
1638 1326 1644 1333 .
1666 1326 1672 1333 .

944 1361 1089 1386 causa
1114 1349 1256 1393 cadere,
1281 1353 1341 1384 etc.
1366 1348 1581 1392 saepissime.

211 1593 257 1629 de
290 1592 455 1628 absentia
487 1590 696 1644 principum
727 1599 895 1623 causa·
963 1596 965 1599 ·
994 1603 1010 1610 -

162 1643 308 1678 batur
333 1642 455 1684 182,1.
476 1659 518 1664 -—
543 1649 683 1673 causari
709 1636 808 1681 apud
831 1647 895 1681 pa-

161 1701 247 1735 pam
282 1687 380 1733 cepit
414 1687 459 1722 de
494 1685 659 1720 absentia
688 1683 896 1729 principum

161 1739 244 1781 296,
259 1747 304 1773 35.
341 1756 384 1761 -—
420 1734 562 1769 abbatis
600 1733 657 1767 sui
694 1731 897 1768 absentiam

166 1786 334 1820 causatus
358 1785 441 1827 241,
455 1792 501 1818 25.

211 1830 554 1878 quomodocumque
602 1839 660 1863 res
701 1827 740 1861 in
780 1825 897 1871 prelio

0 1924 1 1928 Ἰ
165 1879 470 1916 cecidissent
506 1879 645 1920 119,15.
680 1895 722 1900 -—
756 1876 925 1926 nircum-1

0 1929 2 1949 ¹
166 1939 237 1974 que
270 1938 329 1962 res
364 1925 581 1962 cecidissent
608 1925 688 1966 169,
702 1933 747 1958 25.
777 1924 856 1966 182,
871 1931 898 1957 5.

214 1975 338 2011 omnia
386 1973 455 2008 tibi
505 1971 681 2007 cedent
725 1980 900 2015 prospere

167 2026 249 2068 319,
267 2033 314 2059 25.
354 2042 396 2047 —
436 2019 601 2065 Cumque
639 2018 691 2053 eis
727 2046 735 2054 .
764 2046 771 2053 .
799 2045 807 2054 .
842 2027 900 2051 res

165 2081 341 2118 prospere
366 2068 555 2104 cessissent
580 2068 663 2111 260,
678 2077 722 2102 20.
749 2085 791 2090 —
817 2075 902 2099 cum

165 2130 225 2154 res
273 2118 344 2153 hoc
392 2115 503 2151 modo
552 2115 734 2159 temptata
781 2112 903 2147 minus

167 2177 342 2212 prospere
368 2164 534 2199 cessisset
559 2164 641 2205 328,
657 2173 700 2198 10.
878 2192 882 2198 .

217 2214 268 2248 sic
291 2211 488 2248 infeliciter
520 2221 601 2245 rem
631 2219 827 2253 cessuram,
862 2219 886 2242 u

171 2262 239 2297 sibi
265 2260 430 2296 cessisset
447 2261 504 2303 76,
519 2269 565 2295 ιο.
585 2278 627 2284 -—
647 2256 813 2292 Tandem
840 2254 902 2290 ad-

168 2312 315 2345 vertens
341 2307 391 2343 sic
414 2305 612 2342 infeliciter
634 2304 702 2340 sibi
727 2303 903 2339 cedere

172 2359 252 2402 122,
266 2368 312 2394 20.

218 2403 328 2440 Unde
364 2431 373 2440 .
444 2431 451 2439 .
486 2400 696 2437 necessitati
729 2399 904 2435 ceden—

173 2452 262 2488 dum
286 2454 388 2487 ratus
412 2451 614 2486 recesserat
638 2450 721 2491 311,
735 2458 780 2483 25.

219 2502 262 2535 ut
285 2510 344 2535 res
369 2497 633 2534 certamini
658 2495 905 2531 committere-

172 2550 234 2583 tur
260 2549 340 2591 116,
354 2557 399 2583 25.
428 2565 471 2572 -
497 2547 692 2591 postquam
717 2543 813 2577 male
842 2570 850 2579 .
869 2570 876 2578 .
897 2570 905 2577 .

172 2606 252 2631 rem
277 2593 469 2630 certamini
494 2592 760 2628 commisissent
783 2591 867 2634 224,
878 2600 905 2625 5.
930 2600 933 2635 ἵ

176 2663 219 2668 -
245 2653 356 2688 quam
390 2653 429 2677 se
460 2639 651 2676 certamini
677 2637 907 2673 committere
931 2638 933 2667 ἱ

174 2693 262 2735 233,
283 2700 328 2726 15.
366 2710 412 2715 —
454 2687 690 2723 temerarium
741 2684 908 2720 arbitrati

175 2749 254 2773 rem
278 2736 470 2773 certamini
494 2735 724 2771 committere
750 2735 832 2777 268,
846 2743 874 2768 5.

929 2478 931 2501 1

929 2437 931 2453 '
954 2446 1113 2491 tempori
1138 2447 1238 2479 ratus
1264 2469 1272 2479 .
1301 2471 1309 2479 .
1337 2471 1343 2479 .

224 2796 244 2820 c
255 2796 275 2820 e
284 2797 305 2820 r
312 2785 359 2820 vi
369 2795 389 2820 c
399 2796 420 2819 e
429 2795 467 2818 m
523 2782 729 2828 percussori
778 2779 909 2826 prebui

177 2835 258 2877 319,
271 2844 317 2869 20.

224 2890 316 2925 quos
334 2907 342 2916 .
361 2907 370 2916 .
389 2907 398 2916 .
414 2878 610 2913 imminens
635 2887 780 2922 quoque
806 2886 825 2910 c
836 2886 885 2910 er
896 2894 909 2900 -

996 1826 1083 1860 Sall.
1112 1826 1188 1860 Cat.
1222 1827 1281 1860 20.
1317 1823 1579 1868 necquicquam
1614 1833 1678 1867 op-

947 1876 1106 1919 portuna
1131 1884 1190 1908 res
1215 1871 1494 1906 cecidisset.
1517 1891 1558 1895 —
1577 1871 1679 1913 Very.

950 1923 1038 1957 Aen.
1050 1921 1102 1964 II,
1113 1923 1195 1957 709.
1213 1931 1285 1964 quo
1299 1931 1357 1954 res
1370 1930 1526 1963 cumque
1537 1917 1679 1953 cadent.

997 1972 1031 2005 2.
1059 1969 1178 2004 Mach.
1203 1970 1238 2012 8,
1264 1969 1298 2003 8.
1333 1966 1474 2002 Videns
1511 1995 1518 2001 .
1547 1995 1554 2001 .
1583 1991 1590 1999 .
1623 1976 1680 1999 res

952 2017 986 2052 ei
1011 2015 1187 2052 cedere
1212 2026 1398 2060 prospere.
1427 2035 1469 2040 —
1497 2014 1584 2049 Sall.
1605 2013 1680 2047 Car.

951 2067 1008 2101 52.
1026 2075 1202 2110 prospera
1219 2063 1342 2098 omnia
1359 2061 1512 2104 cedunt,
1538 2063 1595 2097 26.
1614 2059 1681 2095 Ga-

951 2113 1078 2147 tilinae
1101 2123 1219 2156 neque
1242 2110 1372 2156 petitio
1389 2121 1507 2154 neque
1530 2107 1682 2143 insidiae

954 2189 961 2196 .
990 2186 998 2195 .
1025 2188 1033 2196 .
1064 2170 1240 2205 prospere
1265 2169 1419 2194 cessere.

1010 2400 1048 2435 V.
1068 2399 1180 2434 Mart.
1203 2399 1236 2432 6.
1264 2395 1292 2430 C
1303 2407 1322 2430 e
1334 2395 1358 2430 d
1369 2407 1388 2429 e
1400 2407 1423 2428 11
1435 2394 1459 2428 d
1470 2406 1492 2428 u
1504 2405 1541 2427 in
1563 2394 1685 2437 itaque

1371 2444 1578 2478 secesserat.

1014 2778 1051 2813 V.
1071 2777 1183 2811 Mart.
1202 2778 1254 2811 15.
1281 2787 1300 2810 c
1311 2786 1330 2809 e
1342 2786 1360 2808 r
1370 2786 1391 2808 v
1403 2774 1414 2807 i
1425 2785 1443 2808 c
1455 2784 1474 2807 e
1485 2784 1521 2807 m
1544 2783 1691 2818 percus-

959 2825 1033 2860 sori
1057 2823 1236 2869 praebuit.

1009 2873 1108 2916 Sulp.
1144 2872 1218 2906 See.
1255 2870 1353 2904 Dial.
1393 2868 1472 2911 III,
1510 2870 1563 2904 13.
1605 2878 1692 2912 <1110-
