1942 3198
659 190 958 229 PRAEFATIO
985 191 1025 229 O.
1043 191 1112 229 IV.
1471 193 1644 231 XXXIX

133 310 333 359 hensibus
352 311 555 366 antiquis,
588 312 662 367 qui
674 313 912 367 perierunt,
945 314 1136 368 sumpsit,
1169 319 1216 357 ut
1228 315 1401 369 primus
1423 315 1476 359 G.
1498 316 1643 360 Waitz

132 373 240 419 recte
269 370 418 414 statuit
429 372 457 414 ¹.
521 372 668 426 Neque
689 372 841 427 ubique
862 374 922 416 ad
939 373 1111 417 verbum
1131 374 1427 429 transscripsit
1446 376 1643 419 Annales

131 429 460 483 Hersfeldenses
489 431 554 474 vel
583 431 852 486 Altahenses,
894 446 1195 487 nonnusquam
1233 448 1467 477 sermonem
1497 449 1642 479 eorum

131 489 348 537 rudiorem
368 490 578 545 expolivit,
611 491 824 535 nonnulla
844 495 994 539 temere
1020 492 1260 536 immutavit
1270 495 1296 547 2,
1330 494 1465 536 multa
1486 494 1639 548 omisit,

101 562 344 604 §perpauca
389 549 518 593 etiam
563 550 720 594 verba³
765 550 935 595 addidit
979 552 1045 595 vel
1089 551 1340 607 immutavit,
1392 566 1500 608 quae
1541 554 1642 597 lecto

130 607 369 663 Reyinonis
406 609 618 654 Chronico
657 609 819 664 didicit,
861 612 946 664 sed,
989 611 1183 666 quamvis
1219 612 1296 656 hoc
1333 612 1562 657 chronicon
1592 613 1642 656 in

129 667 386 718 monasterio
406 668 632 712 haberetur
643 670 672 723 4,
705 670 982 725 antiquorum
1002 675 1145 714 tamen
1174 675 1406 726 temporum
1436 672 1641 716 historiae

129 730 218 770 tam
246 741 410 782 parum
448 728 662 772 studiosus
699 733 804 783 erat,
845 734 893 773 ut
929 730 1105 777 minime
1143 745 1195 774 ex
1234 731 1311 775 hoc
1351 731 1458 774 libro
1500 733 1641 776 breves

129 786 310 833 annales
339 801 438 831 suos
468 788 709 842 ampliaret.
777 789 884 833 C'um
913 791 1108 844 studeret,
1141 795 1188 833 ut
1213 791 1344 834 series
1364 791 1640 845 archiepisco-

82 859 279 899 mporum
317 847 671 902 Moyontinorum
720 852 759 892 et
803 849 1002 892 abbatum
1042 850 1326 893 Fuldensium
1365 851 1640 904 Hersfelden-

127 905 319 960 siumque
347 906 540 962 inteyras
570 907 791 962 exhiberet,
834 910 884 951 de
925 923 1070 951 eorum
1106 909 1350 953 nominibus
1381 915 1420 953 et
1449 910 1639 965 tempori,-

129 966 206 1008 bus
234 979 555 1023 nonnumquam
585 966 717 1010 nimis
747 971 896 1011 temere
928 968 1160 1012 coniectata
1190 969 1361 1024 scripsit
1373 970 1402 1010 ⁵.

271 1025 343 1069 Ab
379 1039 421 1068 a.
449 1029 756 1081 1040—1068,
789 1041 874 1081 pro
913 1041 999 1081 qua
1030 1032 1158 1082 parte
1198 1029 1454 1082 Lampertus
1484 1029 1640 1084 procul

129 1082 255 1127 dubio
285 1083 530 1135 Annalium
560 1086 935 1139 Hersfeldensium
975 1087 1291 1134 continuatione
1329 1088 1456 1142 brevi,
1498 1089 1639 1132 nescio

81 1159 116 1188 ιο
126 1156 265 1197 usque.
286 1145 348 1187 ad
374 1157 496 1198 quem
527 1159 702 1201 annum,
735 1160 839 1190 usus
869 1150 940 1199 est,
974 1150 1021 1190 ut
1050 1161 1184 1201 supra
1206 1161 1255 1201 p.
1272 1151 1393 1185 XXX
1399 1152 1507 1190 VIII.
1530 1148 1636 1202 dixi,

118 1202 342 1256 paulatim
367 1203 515 1247 crescit
543 1218 688 1248 rerum
719 1209 1002 1248 narratarum
1033 1206 1228 1249 materia.
1282 1207 1429 1250 Multa
1455 1207 1635 1261 quidem,

126 1261 410 1317 expeditiones
439 1277 598 1318 reyum,
637 1264 919 1308 successiones
955 1265 1243 1320 episcoporum
1280 1267 1558 1320 abbatumque
1588 1267 1638 1310 in

126 1321 207 1365 hac
245 1335 406 1376 quoque
437 1327 565 1376 parte
605 1323 784 1367 breviter
823 1328 948 1378 atque
987 1324 1129 1368 ieiune
1166 1325 1486 1374 annalistarum
1522 1341 1637 1369 more

126 1380 269 1425 relata
302 1385 413 1435 sunt,
454 1381 504 1425 in
543 1396 630 1437 qua
666 1397 789 1438 saepe
828 1383 1034 1426 memoria
1073 1384 1218 1439 lapsus
1248 1399 1392 1428 rerum
1420 1390 1638 1439 qestar·um

79 1440 325 1498 mtemporis
346 1441 539 1484 ordinem
561 1442 768 1497 pervertit
788 1457 839 1486 ac
860 1443 1057 1486 turbavit.
1117 1444 1203 1488 Sed
1233 1444 1321 1486 iam
1352 1444 1426 1494 his
1450 1444 1636 1488 insertae

127 1498 338 1554 lonyiares
376 1501 651 1545 narrationes
690 1516 838 1545 earum
878 1516 1022 1546 rerum
1065 1502 1405 1558 ‘modernarum’‚
1453 1518 1637 1558 quarum

125 1558 276 1608 studio.
296 1563 446 1604 auctor
476 1575 678 1605 accensus
708 1566 792 1605 est:
823 1562 1014 1606 videlicet
1050 1562 1267 1616 Gotefridi
1298 1563 1371 1606 II.
1405 1564 1524 1607 ducis
1556 1564 1636 1608 Lo-

125 1617 371 1674 tharinqiae
410 1625 450 1663 et
487 1620 645 1673 fratris
684 1620 775 1664 eius
815 1621 1036 1665 Friderici
1049 1622 1076 1675 ⁶,
1110 1626 1261 1676 postea
1302 1623 1510 1676 Stephani
1541 1623 1633 1666 IX.

118 1692 274 1733 papae,
313 1683 444 1734 qesta,
485 1694 664 1734 quorum
705 1695 798 1724 cum
829 1695 1051 1735 perpauca
1089 1695 1191 1724 vera
1230 1682 1435 1724 memoria
1466 1687 1633 1736 teneret,

78 1737 293 1791 &reliqua
322 1739 467 1784 eadem
498 1743 590 1782 arte
621 1753 706 1793 qua
737 1740 793 1783 in.
810 1739 911 1783 Vita
933 1739 1053 1783 Lulli
1082 1743 1368 1795 componenda
1398 1756 1501 1783 usus
1532 1756 1634 1784 com-

125 1801 290 1844 mentus
334 1802 395 1841 est
408 1798 448 1851 ⁷,·
497 1803 586 1841 tum
631 1799 801 1843 rebellio
838 1799 1089 1854 principum
1138 1800 1355 1844 Saxoniae
1402 1800 1450 1842 in
1497 1815 1635 1855 reyem

129 1948 165 1994 1)
202 1948 267 1985 SS.
299 1949 340 1992 V,
372 1961 413 1994 Ρ.
438 1951 520 1993 141,
556 1962 592 1987 n.
622 1953 690 1992 34‚·
729 1951 837 1987 ‘Gom
867 1951 1016 1988 Nachrff
1049 1953 1153 1989 1866.
1186 1963 1226 1996 p.
1251 1954 1332 1989 305.
1391 1952 1498 1996 Quem
1526 1954 1637 1987 secuti

126 1999 211 2031 sunt
243 1996 291 2033 Ε.
317 1997 615 2040 E'hrenfeuchter,
648 1998 729 2033 ‘Die
762 1999 928 2034 Annalen
962 2010 1029 2034 von
1062 2000 1344 2034 Niederaltai'ch’
1365 2012 1403 2045 p.
1421 2002 1468 2036 32
1484 2011 1570 2045 sqq„
1604 2005 1635 2034 et

126 2043 273 2080 Lama
285 2055 326 2089 p.
340 2046 387 2086 46
400 2056 474 2091 sqq.
514 2045 666 2082 Omnino
681 2047 918 2089 refellendum
935 2057 977 2080 ac
992 2047 1209 2082 reiciendum
1225 2052 1286 2090 est,
1312 2048 1406 2092 quod
1419 2048 1486 2084 Fr.
1496 2049 1632 2091 Kurze,

79 2098 115 2124 ³0
128 2091 209 2126 ‘Die
241 2091 452 2136 Hersfelder
484 2093 560 2127 und
594 2095 651 2129 die
682 2097 870 2138 yrb‘sseren
904 2094 1166 2130 Hildesheimer
1202 2095 1464 2139 Jahrbachest,
1502 2096 1633 2139 Proyr.

127 2138 327 2174 strat-eund
351 2141 455 2178 1892.
474 2143 678 2186 proposuit,
715 2142 817 2176 nulla
841 2153 935 2176 sana
959 2145 1101 2178 ration-e
1124 2144 1239 2186 nisus,
1276 2154 1320 2177 ex
1346 2144 1441 2179 Arm.
1469 2143 1632 2177 Hildesh.

126 2188 212 2222 mai.
237 2191 381 2232 sumpta
415 2199 486 2223 esse
518 2199 609 2233 quae
632 2191 731 2226 Ami.
756 2189 881 2226 Altah.
906 2193 937 2223 et
962 2190 1180 2235 Lampertus
1209 2192 1304 2225 inter
1334 2202 1369 2227 a.
1389 2193 1469 2227 974.
1496 2195 1527 2224 et
1552 2192 1633 2227 984.

125 2234 196 2268 soli
217 2237 425 2270 communio
442 2236 581 2272 habent.
678 2237 715 2281 2)
742 2237 797 2279 Cf.
824 2238 930 2280 infra
951 2249 990 2282 p.
1008 2240 1068 2282 20,
1095 2249 1130 2274 n.
1148 2240 1183 2274 2.
1209 2240 1268 2282 24,
1295 2249 1331 2273 n.
1351 2241 1382 2274 1.
1409 2241 1467 2279 30,
1493 2250 1529 2274 n.
1547 2240 1582 2274 2.
1599 2241 1633 2274 3.

125 2283 184 2326 42,
210 2293 248 2318 n.
266 2284 299 2319 1.
319 2284 352 2320 5.
376 2284 436 2326 44,
460 2294 496 2321 n.
514 2285 550 2320 2.
574 2285 634 2327 46,
660 2295 698 2322 n.
714 2286 821 2322 4—6.
919 2287 956 2329 3)
985 2286 1042 2328 Cf.
1069 2286 1177 2328 infra
1203 2298 1243 2330 p.
1265 2287 1320 2328 14,
1346 2298 1380 2321 n.
1400 2288 1434 2321 3.
1460 2288 1518 2329 26,
1546 2297 1581 2321 n.
1601 2287 1632 2322 6.

79 2331 184 2372 ⁸532,
209 2340 245 2366 n.
262 2331 298 2366 2.
394 2333 431 2376 4)
458 2330 515 2374 Cf.
540 2342 657 2376 supra
678 2344 716 2378 p.
737 2338 865 2364 XXVII
878 2343 929 2377 sq.
981 2333 1162 2376 Quaedam
1189 2335 1295 2367 etiam
1321 2334 1467 2367 aliunde
1491 2337 1633 2378 sumpta

126 2376 253 2411 addita
268 2381 371 2419 stom,-
396 2379 441 2421 cf.
455 2390 494 2424 p.
507 2380 567 2422 20,
585 2391 621 2415 n.
637 2381 669 2416 6.
696 2381 754 2423 36,
773 2391 809 2416 n.
823 2381 857 2416 4.
885 2382 943 2423 38,
961 2392 998 2416 n.
1012 2382 1045 2416 2.
1072 2383 1130 2424 46,
1145 2392 1181 2417 n.
1192 2383 1225 2417 2.
1253 2383 1310 2425 50,
1326 2392 1362 2416 n.
1374 2383 1407 2417 2.
1435 2382 1492 2423 54,
1507 2392 1542 2416 n.
1558 2382 1633 2416 1.4.

127 2424 187 2458 Ad
211 2435 244 2461 α.
262 2426 346 2468 845,
367 2437 405 2470 p.
423 2427 470 2462 25
486 2436 551 2471 sq„
578 2428 742 2461 notitiam
766 2428 950 2471 quandam
975 2428 1016 2462 de
1040 2428 1215 2463 reditibus
1239 2429 1458 2462 decimarum
1476 2430 1515 2462 in
1536 2429 1635 2461 Thu-

125 2472 253 2515 rinqia
277 2474 506 2517 ooesmpeiese
530 2475 682 2518 videtur,
709 2475 862 2510 similem
879 2476 922 2516 ei,
947 2486 1056 2520 quam
1074 2476 1171 2510 edt'cli
1186 2476 1292 2518 infra
1312 2487 1351 2520 p.
1364 2478 1445 2512 356.
1512 2477 1548 2519 5)
1576 2476 1633 2517 Cf.

123 2531 162 2564 Ρ.
179 2521 238 2562 26,
261 2530 298 2556 n.
316 2522 350 2556 3.
368 2522 402 2559 4.
428 2523 487 2563 28,
512 2533 549 2558 n.
568 2523 599 2558 1.
617 2524 652 2558 2.
678 2523 736 2565 30,
763 2533 799 2558 n.
818 2524 852 2558 4.
877 2524 936 2565 46,
962 2534 999 2559 n.
1017 2525 1051 2559 7.
1077 2524 1135 2566 52,
1160 2535 1196 2560 n.
1214 2525 1247 2559 2.
1363 2526 1399 2567 6)
1427 2524 1471 2558 A.
1493 2524 1631 2559 1044-

78 2567 233 2603 401046.
260 2568 364 2606 1050.
393 2570 497 2606 1051.
524 2570 785 2606 1053-1-055.
813 2572 916 2607 1057.
945 2572 1049 2608 1058.
1164 2571 1209 2626 ’7)
1229 2571 1348 2626 'Nullo
1383 2571 1484 2604 modo
1517 2570 1635 2612 facere

123 2616 676 2707 mat-amum
669 2628 687 2707 ‘i
710 2618 810 2708 ἐκ
823 2617 1635 2710 ἕεεέὲεέῖῗῧῖὲτέγεέβςὲέςξᾎῧεῖ

127 2708 315 2751 contendit,
331 2713 372 2743 ut
387 2721 412 2744 a
424 2710 618 2756 Lamperto
636 2712 765 2746 horum
781 2717 1055 2754 commentor-um
1074 2713 1215 2757 culpam
1232 2713 1434 2748 demoveret.
1460 2712 1584 2754 Immo,
1603 2713 1637 2746 si

129 2756 163 2790 is
185 2755 556 2802 fontoLotharhtyico
580 2770 670 2794 usus
694 2763 789 2801 esset,
814 2761 1023 2804 neutiquam
1048 2760 1117 2795 has
1141 2760 1296 2802 fabulas,
1323 2771 1413 2804 quas
1439 2760 1640 2802 Steindorff

80 2803 256 2847 &optime
279 2803 502 2849 claudicavit,
530 2807 702 2850 proferre
729 2808 912 2852 potuisset.
965 2807 1037 2848 Qua·
1058 2818 1137 2842 cum
1163 2807 1338 2852 Stephani
1359 2818 1477 2852 papae
1502 2806 1635 2840 obitum

127 2850 244 2884 verbis
266 2850 442 2892 flebilibus
468 2852 658 2896 planam-it
691 2855 744 2895 (a.
773 2855 875 2891 1057.
904 2856 1014 2896 1058)
1045 2859 1084 2888 ut
1115 2859 1245 2889 mortes
1270 2855 1474 2898 Meyinheri
1497 2855 1635 2889 abbatis
