1950 3302
734 253 1031 291 PRAEFATIO
1058 255 1096 292 C.
1123 255 1153 292 I.
1642 259 1700 296 XI

183 375 466 432 praedicavit.
517 376 634 430 Quae
655 375 725 419 hic
745 377 985 430 ambitione,
1020 378 1222 432 avaritia,
1256 378 1328 422 ira
1348 385 1485 423 motus
1506 381 1699 435 nequiter

188 435 254 480 vel
274 437 444 490 perfide
473 435 539 478 vel
570 435 796 479 crudeliter
826 436 875 479 in
906 451 952 479 re
975 437 1152 491 publica
1183 438 1268 492 eyit
1288 443 1364 482 aut
1385 444 1506 483 cauto
1528 440 1697 484 silentio

188 495 292 539 texit
321 499 398 538 aut
419 509 613 550 puryare
644 499 768 549 atque
799 510 1000 540 excusare
1026 501 1203 540 conatus
1233 502 1306 541 est.
1355 499 1476 542 Mihi
1507 501 1697 554 equidem

179 569 439 610 persuasum
478 555 610 598 habeo
641 556 701 598 ad
731 559 896 598 tantam
935 556 1250 600 venerationem
1286 558 1416 601 huius
1451 559 1538 602 viri
1570 561 1696 603 Lam-

157 619 351 669 5pertum
391 629 479 658 non
520 614 607 658 alio
646 616 768 658 modo
809 615 967 659 adduci
998 616 1207 671 potuisse,
1250 631 1380 672 quam
1420 633 1466 661 eo
1498 621 1610 673 quod
1647 620 1695 663 in

187 674 279 718 eius
323 674 669 727 familiaritatem
712 675 976 729 pervenerit,
1031 681 1258 730 antequam
1310 678 1423 721 inter
1468 680 1696 723 monachos

186 733 514 788 Hersfeldenses
543 734 802 789 reciperetur
819 735 847 777 ¹.
900 735 1033 779 Anno
1054 741 1195 779 autem
1226 741 1273 780 ut
1299 737 1546 782 Guntherus
1570 754 1695 792 prae-

186 793 324 837 dictus
361 793 411 837 in
451 793 625 837 ecclesia
665 794 1011 850 Babenberyensi
1051 796 1250 850 adolevit,
1293 797 1342 840 in
1382 799 1497 841 scola
1527 799 1694 842 Baben-

186 853 378 908 bergensi
398 853 452 896 ab
468 852 672 908 Eilberto,
692 859 844 908 postea
867 854 1057 910 episcopo
1074 855 1314 911 Mindensi,
1341 857 1506 900 litteras
1527 860 1695 902 edoctus

138 933 173 958 ιο
185 917 246 956 est
261 914 289 967 2,
330 913 392 956 ibi
423 917 575 967 postea
614 914 795 956 maioris
825 914 1022 958 ecclesiae
1053 916 1352 959 canonicatum
1388 919 1566 972 adeptus
1605 918 1694 973 ipse

185 972 343 1016 scolam
373 972 486 1015 reicit
502 973 531 1014 3.
585 973 674 1016 His
695 974 924 1028 perpensis
948 975 1091 1027 facere
1122 990 1210 1018 non
1233 990 1421 1031 possum,
1455 977 1561 1031 quin
1584 979 1693 1021 coni-

185 1031 296 1075 ciam
336 1032 614 1086 Lampertum
659 1033 799 1086 ipsum
845 1034 1041 1077 ecclesiae
1081 1035 1449 1090 Babenberyensis
1496 1038 1692 1081 clericum

185 1090 337 1146 fuisse,
379 1091 429 1134 in
465 1092 580 1135 scola
610 1092 974 1147 Babenberyenso)
1018 1108 1125 1147 quae
1161 1097 1275 1138 tunc
1307 1098 1528 1153 temporis
1562 1098 1691 1141 disci-

185 1151 360 1207 plinae,
402 1151 640 1207 religionis
673 1167 725 1195 ae
758 1154 903 1195 studii
934 1155 1115 1198 fervore
1148 1156 1328 1198 cunctis
1360 1157 1410 1198 in
1443 1156 1692 1200 Germania

137 1230 171 1256 ιε
183 1211 505 1267 praepollebat
519 1211 549 1263 4,
591 1211 679 1254 sive
720 1226 813 1255 cum
850 1212 1037 1256 Annone
1073 1217 1113 1256 et
1149 1214 1388 1269 GuntherO,
1431 1215 1536 1270 sive,
1580 1219 1694 1270 quod

182 1269 322 1324 mayis
350 1269 534 1325 arridet,
577 1272 631 1314 ab
662 1271 849 1314 Annone
890 1272 1055 1315 litteras
1086 1275 1274 1316 edoctum
1306 1289 1410 1329 esse,
1454 1290 1548 1319 cum
1587 1291 1691 1320 sane

183 1343 271 1372 non
302 1329 391 1372 nisi
430 1329 479 1372 in
519 1331 633 1374 scola
664 1333 852 1384 quadam
883 1336 982 1375 tunc
1012 1333 1322 1385 florentissima
1360 1339 1447 1377 tam
1478 1336 1690 1390 eyreyiam

181 1389 473 1442 eruditionem,
507 1404 593 1444 qua
623 1390 695 1434 ille
725 1390 910 1434 imbutus
940 1397 1044 1447 erat,
1079 1393 1263 1447 adipisci
1285 1394 1495 1448 potuisset
1510 1395 1539 1438 5.
1602 1397 1690 1439 Ad-

180 1541 321 1586 reliqua
354 1541 421 1576 hac
446 1546 552 1587 parte
586 1543 736 1577 laudum
762 1544 930 1579 Annonis
957 1546 1021 1588 pie
1045 1546 1240 1591 descripta,
1277 1547 1340 1582 hoc
1371 1559 1442 1583 non
1472 1560 1594 1583 verum
1619 1562 1690 1584 esse

134 1601 170 1626 20
181 1590 293 1624 sciens
323 1591 526 1624 immutavit
558 1591 634 1625 ita:
668 1589 822 1626 Ieiuniis
846 1603 922 1627 non
947 1592 1038 1627 adeo
1064 1605 1176 1638 quam
1200 1594 1374 1639 legitimis
1402 1607 1441 1631 se
1466 1597 1687 1642 macerabat,

181 1636 298 1672 sciens
331 1637 528 1683 scriptum:
565 1637 711 1673 ‘Omnia
743 1638 882 1674 munda
913 1640 1071 1675 mundis‘
1098 1646 1156 1677 etc.
1207 1643 1292 1677 Post
1319 1645 1510 1687 praedicta
1544 1648 1688 1691 scripsit

180 1685 420 1729 Lampertus:
452 1684 702 1722 Pax-noctabat
734 1687 953 1732 plerumque
985 1688 1024 1723 in
1060 1690 1286 1725 orationibus
1317 1693 1353 1728 et
1385 1703 1453 1736 per
1483 1694 1687 1737 aecclesias,

181 1743 255 1768 uno
279 1735 425 1768 tantum
450 1745 565 1778 puero
590 1736 784 1770 contentus
802 1735 948 1780 comite,
974 1736 1082 1771 nudis
1107 1737 1262 1782 pedibus
1279 1738 1519 1784 discurrebat,
1545 1747 1689 1776 mutua-

181 1785 240 1815 tus
262 1781 438 1825 quaedam
462 1782 591 1816 horum
625 1783 810 1817 verborum
837 1795 854 1817 e
878 1784 982 1828 Sulp.
1009 1785 1082 1820 Sev.
1118 1786 1220 1821 Vitae
1245 1787 1405 1821 Martini
1428 1798 1456 1824 c.
1481 1791 1539 1824 21.
1567 1790 1689 1831 (Mar-

133 1839 168 1865 25
180 1829 296 1871 tinus)
321 1829 556 1864 sacramentis
581 1829 800 1865 militaribus
825 1830 1033 1875 implicatus
1060 1835 1125 1877 est,
1151 1845 1225 1868 uno
1251 1836 1396 1868 tantum
1422 1846 1527 1870 servo
1554 1837 1687 1872 comite

181 1877 386 1911 contentus.
436 1877 485 1910 At
519 1877 793 1922 hayioyraphus
818 1879 1098 1923 Siqebeiyensis,
1131 1882 1212 1925 qui,
1246 1883 1341 1925 quod
1366 1883 1446 1917 bene
1470 1888 1582 1927 notes,
1615 1895 1688 1919 non

180 1923 389 1968 historiam,
425 1924 485 1959 sed
503 1926 767 1968 panegyricum
790 1927 954 1971 scripsit,
990 1928 1181 1962 exhorruit
1211 1933 1329 1964 tamen
1359 1930 1424 1965 hoc
1454 1932 1687 1974 mendacium,

179 1972 395 2006 imminuens
428 1972 520 2006 illud
553 1972 616 2007 hoc
650 1973 774 2007 modo:
807 1972 1057 2010 Pernoctabat
1086 1975 1304 2021 plerumque
1335 1977 1373 2012 in
1399 1979 1624 2014 orationibus
1651 1984 1688 2015 et

179 2029 248 2063 per
283 2019 476 2054 aecclesias
512 2020 683 2064 paucis
721 2031 773 2056 ac
811 2021 966 2056 certis
1004 2023 1290 2070 comitibus,
1328 2025 1574 2061 interdum
1613 2039 1686 2062 uno

133 2077 167 2103 ³0
179 2067 323 2101 tantum
348 2077 464 2112 puero
481 2069 687 2113 contentus,
713 2068 921 2104 discurrens
946 2070 1054 2105 nudis
1073 2071 1228 2116 pedibus
1255 2101 1262 2108 .
1283 2101 1290 2109 .
1311 2102 1317 2109 .
1337 2072 1427 2108 flens
1452 2075 1685 2119 procedebat.

181 2115 217 2157 1)
244 2114 308 2150 Th.
334 2114 510 2159 Lindner,
548 2116 667 2151 ‘Anno
691 2117 744 2152 II.
780 2117 845 2152 der
869 2118 1025 2162 Heiliye'
1055 2131 1096 2163 p.
1124 2121 1182 2162 69,
1217 2122 1278 2154 cui
1309 2124 1506 2156 assentitur
1531 2123 1686 2165 Lefarth

180 2161 202 2197 ῑ.
230 2162 253 2197 Ζ.
287 2174 325 2207 p.
350 2163 391 2205 8,
425 2164 570 2198 coniecit
592 2164 828 2209 Lampertum
861 2177 895 2202 a.
924 2168 1028 2203 1071.
1061 2169 1100 2201 in
1131 2171 1345 2204 monasterio
1369 2170 1614 2214 Siqeberyensi
1636 2173 1689 2206 vel

179 2209 395 2252 Salfeltensi
417 2210 546 2246 vidisse
562 2211 738 2256 (Lefarth
755 2213 842 2247 dicit
860 2215 966 2248 etiam
988 2216 1109 2259 primo
1133 2217 1280 2260 vidisse)
1297 2218 1482 2252 Annonem
1499 2219 1688 2254 monachos

179 2258 350 2300 foventem
374 2258 518 2303 ideoque
541 2261 762 2294 veneratione
783 2262 860 2296 eius
884 2263 1060 2296 imbutum
1079 2274 1160 2300 esse.
1203 2264 1273 2299 Sed
1291 2265 1385 2299 hunc
1409 2267 1449 2299 in
1468 2267 1545 2301 ill-is
1563 2278 1687 2301 mona-

132 2315 166 2341 85
178 2306 301 2340 steriis
333 2310 415 2340 tunc
449 2307 598 2350 affuisse
631 2309 778 2342 minime
805 2313 940 2343 constat
970 2321 1030 2345 nec
1055 2311 1162 2353 facile
1186 2313 1398 2347 credendum
1423 2319 1489 2357 est,
1524 2326 1603 2348 cum
1628 2316 1687 2348 de-

178 2363 276 2386 mum
308 2357 390 2398 post
426 2364 460 2389 a.
490 2356 593 2391 1072.
628 2356 669 2390 in
701 2359 959 2391 monasterium
994 2359 1240 2403 Siyeberqense
1273 2372 1308 2395 se
1341 2364 1510 2407 recepisse
1542 2364 1687 2397 dicatur

178 2400 305 2443 (infra
333 2412 374 2445 p.
399 2402 500 2444 246).
550 2402 596 2437 In
621 2403 831 2446 Salfeltensi
859 2407 1076 2440 monasterio
1101 2407 1201 2450 lonye
1231 2420 1255 2442 a
1279 2409 1409 2443 diocesi
1431 2411 1508 2444 eius
1532 2411 1686 2445 distante

179 2459 257 2482 eum
281 2459 385 2492 saepe
412 2454 594 2484 moratum
618 2461 690 2485 esse
713 2462 812 2486 nemo
836 2453 968 2488 retulit.
1020 2454 1065 2488 In
1091 2458 1305 2491 monasterio
1330 2457 1583 2500 Hersfeldensi
1606 2460 1686 2502 qm·-

178 2495 255 2530 dem
292 2495 508 2541 Lampertus
544 2498 634 2532 vidit
670 2499 856 2533 Annonem
894 2501 1120 2545 compluries,
1160 2507 1199 2536 ut
1237 2515 1270 2540 a.
1299 2506 1410 2547 1072,
1445 2506 1526 2541 Dec.
1563 2507 1685 2549 (infra

130 2553 213 2588 40p.
242 2545 320 2580 139.
346 2544 450 2591 354),
475 2556 510 2580 a.
531 2547 635 2588 1075,
661 2546 766 2583 Febr.
793 2549 832 2591 2,
867 2549 950 2583 Vita
975 2549 1142 2584 Annonis
1167 2551 1225 2594 II,
1253 2553 1318 2596 24,
1352 2552 1417 2589 SS.
1443 2553 1520 2597 XI,
1542 2565 1582 2597 p.
1600 2555 1683 2596 496,

178 2591 239 2625 sed
262 2591 523 2637 archiepiscopi
545 2593 643 2627 brevi
665 2597 819 2638 tempore
859 2596 912 2629 ibi
938 2599 1075 2631 morati
1096 2600 1318 2634 veneratione
1342 2600 1578 2644 Lampertum
1604 2605 1686 2635 tunc

177 2642 320 2683 captum
345 2650 416 2674 esse
439 2651 534 2674 vana
567 2652 608 2675 ac
633 2642 756 2684 futilis
781 2644 963 2678 videretur
986 2646 1199 2682 coniectura.
1322 2647 1358 2691 2)
1382 2648 1494 2691 Infra
1524 2660 1564 2691 p,
1591 2650 1685 2688 242,-

184 2685 268 2719 Vita
293 2686 460 2721 Annonis
483 2688 522 2732 Ι,
550 2690 582 2724 1.
610 2691 643 2731 9,
680 2689 702 2725 l.
730 2691 753 2726 l.
785 2703 822 2735 p.
848 2693 919 2727 467
938 2704 988 2736 sq.
1014 2694 1098 2729 487.
1211 2696 1248 2738 3)
1282 2695 1364 2729 Vita
1390 2697 1558 2730 Annonis
1583 2697 1620 2740 I,
1649 2699 1683 2739 2,

181 2733 204 2768 l.
231 2733 254 2768 l.
287 2745 325 2778 p.
349 2735 432 2771 468.
546 2738 583 2780 4)
609 2737 736 2772 Hezilo
770 2740 950 2783 episcopus
982 2740 1341 2777 Hibienesheimensis
1366 2743 1547 2777 canonem
1582 2755 1686 2788 nepo-

130 2789 166 2815 45
179 2783 246 2814 tem
278 2791 384 2815 suum
418 2783 531 2818 scolae
564 2783 851 2829 Babenberqensi
883 2788 1117 2822 erudiendum
1151 2791 1306 2824 tradidit
1316 2803 1329 2831 ,·
1364 2791 1583 2834 Sudendorf,
1617 2793 1685 2826 Re-

177 2829 334 2870 9istrum
358 2829 416 2873 II,
443 2841 501 2866 nr.
519 2833 578 2874 24,
598 2843 638 2876 p.
656 2834 714 2869 29.
766 2834 821 2876 Cf.
850 2835 1090 2879 Wattenbach,
1118 2837 1256 2879 ‘DGQ7
1282 2839 1334 2874 ed.
1354 2840 1386 2874 5.
1414 2839 1474 2881 II,
1497 2851 1534 2883 p.
1551 2841 1618 2874 163
1633 2851 1683 2883 sq.

179 2876 216 2919 5)
241 2875 396 2918 Lefarth
422 2877 445 2911 l.
464 2877 486 2913 l.
508 2890 546 2923 p.
565 2881 587 2915 6
603 2889 654 2924 sq.
679 2881 914 2926 Lampertum
939 2884 979 2916 in
1004 2885 1085 2928 ipsa
1110 2885 1202 2919 scola
1226 2885 1475 2928 Hcrsfeldensi
1498 2899 1521 2920 a
1546 2887 1684 2929 Mefin-

179 2923 263 2957 hero
280 2923 420 2958 litteras
437 2925 592 2960 edoctum
609 2937 680 2962 esse
695 2930 849 2966 coniecit.
891 2931 960 2965 Sed
983 2931 1082 2965 m‘hil
1104 2934 1226 2966 minus
1250 2934 1414 2968 indicant
1437 2934 1541 2968 verba
1568 2935 1684 2976 insius
